3962 6308
78 323 126 380 oe
687 319 914 380 saissonis.
940 321 1016 379 nin.
1041 321 1078 380 r.
1638 321 1727 399 olox

79 495 147 556 quas
160 478 299 554 propriis
312 478 463 540 manibus
479 479 536 539 aut
551 475 736 552 sumptibus
750 491 854 537 exco-
905 493 924 538 a
940 477 1034 538 nobis
1052 479 1167 539 contra
1182 479 1254 554 ipsa
1268 479 1441 556 privilegia
1455 481 1694 552 emanaverint,

79 578 148 646 lunt,
162 590 218 636 seu
236 575 277 635 de
294 575 507 638 nutrimentis
521 574 715 636 animalium
732 573 852 634 ullato-
906 575 1031 635 nullum
1047 591 1090 636 ex
1110 573 1159 635 eis
1181 573 1317 635 libertas
1334 578 1441 636 vostra
1463 577 1624 638 sustineat
1639 578 1699 639 de-

79 689 129 732 nus
143 671 283 732 decimas
299 673 446 748 exigere,
461 673 514 734 rel
527 670 771 749 quomodolibet
791 685 852 731 ex·
906 671 1106 733 trimentum.
1142 673 1332 747 Eapropter,
1372 673 1568 734 anctoritate
1604 675 1698 734 vobis

78 773 215 845 torquere
230 771 442 844 praesumant.
458 770 541 840 Quia
552 784 631 828 vero
642 783 707 828 non
719 771 768 828 est
778 783 853 826 con-
907 768 1093 844 Apostolioa
1111 768 1331 842 indulgemus,
1350 771 1395 838 ui,
1414 771 1442 829 si
1458 773 1571 830 contra
1591 771 1698 846 privi-

78 868 201 928 venIens
214 867 265 926 rel
276 867 463 937 honestum,
477 867 636 928 utcontra
649 865 743 926 Sedis
753 869 854 941 Apos·
907 866 994 940 legia
1009 869 1118 926 vestra
1138 863 1256 926 lItterae
1270 883 1289 925 a
1305 882 1468 942 quoquam
1486 883 1545 942 per
1558 866 1700 942 subrep-

78 964 172 1024 toIIoa
196 963 419 1039 indulgentias
440 966 564 1026 temere
588 962 752 1032 veniatur,
780 975 853 1038 quae
908 963 1031 1024 tionem
1047 965 1162 1023 contra
1182 963 1432 1039 privilegiorum
1449 965 1594 1039 ipsorum
1610 965 1700 1025 teno-

76 1059 287 1122 inviolabilem
308 1061 496 1122 firmitatem
514 1061 664 1123 obtinere
684 1057 852 1128 deberent,
908 1075 978 1120 rem
993 1059 1145 1130 obtentae,
1163 1060 1226 1118 nisi
1243 1075 1285 1120 en
1301 1063 1390 1120 certa
1410 1062 1611 1122 conscientia
1628 1077 1702 1123 nos·

77 1158 257 1218 mandamus
284 1157 378 1218 vohis
401 1159 605 1234 firmiterque
633 1156 852 1232 praecipimus,
910 1159 959 1220 tra
994 1157 1183 1232 procedant,
1218 1157 1253 1216 in
1292 1157 1418 1233 judicio
1459 1159 1601 1236 alicujus
1633 1175 1701 1220 non

78 1259 113 1325 ut,
125 1256 216 1331 siqui
230 1255 395 1326 monachi,
409 1255 573 1328 canonici,
586 1254 699 1314 clerici
713 1253 764 1314 vel
777 1252 855 1312 laici
909 1255 1090 1316 teneamini
1121 1255 1317 1330 disceptare,
1348 1255 1440 1316 salva
1476 1257 1702 1318 moderatione

78 1355 176 1414 ronna
195 1353 372 1429 privilegia
396 1353 489 1414 Sedis
512 1352 710 1429 apostolicae
728 1363 855 1410 memo·
910 1351 1048 1412 concilii
1064 1351 1241 1426 generalis.
1255 1353 1346 1412 Nulli
1357 1368 1437 1427 ergo
1450 1354 1583 1414 omnino
1599 1356 1703 1415 homi·

78 1451 154 1510 ratos
176 1450 297 1511 iratres
326 1465 426 1526 super
452 1450 655 1510 decimarum
682 1447 856 1510 exactione
911 1464 988 1508 num
1011 1448 1110 1510 lineat
1134 1448 1219 1510 liene
1240 1449 1394 1524 paginam
1416 1453 1538 1512 nostrae
1561 1467 1701 1512 conces-

79 1547 286 1620 gravaverint,
298 1545 762 1608 laicosexcommunicatlonis
778 1559 857 1604 sen·
912 1545 1016 1606 sionIs
1048 1545 1242 1620 intringere,
1270 1549 1323 1606 vel
1352 1549 1384 1608 el
1411 1563 1496 1608 ausu
1524 1549 1703 1612 temerario

78 1646 168 1706 tentia
197 1645 427 1720 percellentes,
454 1642 646 1714 monachos,
679 1641 856 1704 canonicos
912 1644 1088 1704 contraire.
1104 1644 1137 1704 Si
1149 1645 1223 1719 quis
1237 1646 1346 1704 autem
1362 1645 1424 1706 linc
1439 1647 1602 1707 attentare
1617 1663 1705 1723 pree·

79 1742 137 1802 sire
167 1742 309 1804 clericos
334 1740 610 1812 contradictione,
642 1739 801 1800 dilatione
824 1738 857 1800 et
912 1740 1099 1815 sumpserit,
1116 1741 1378 1814 indignationem
1396 1743 1630 1819 omnipotentis
1645 1745 1705 1806 Del

79 1839 289 1914 appellatione
307 1837 516 1900 cessantibus
530 1837 571 1898 ab
587 1835 698 1898 cilicio
713 1851 856 1912 suspen·
912 1837 944 1899 ot
956 1836 1127 1898 beatorum
1139 1839 1229 1899 Petri
1240 1841 1273 1900 et
1286 1840 1381 1900 Pauli
1397 1840 1621 1916 apostolorum
1633 1845 1704 1918 ejus

78 1935 162 2008 tells,
175 1937 208 1996 et
227 1938 293 1996 tam
304 1934 658 1996 excommunicationis
671 1949 769 2011 quam
784 1947 859 1992 sus-
912 1949 948 1996 se
976 1935 1105 1998 noverit
1133 1935 1356 1998 incursorum.
1387 1939 1505 1998 Datum
1534 1940 1701 2011 Laterani,

79 2035 235 2108 pensionis
260 2034 443 2094 sententias
458 2032 588 2094 faciatis
610 2030 765 2107 usquead
780 2029 857 2103 dig·
912 2033 1017 2094 XVIII
1042 2031 1109 2094 liat.
1132 2031 1227 2102 rein,
1251 2033 1461 2108 pontificatus
1487 2036 1590 2096 nostri
1615 2051 1703 2098 anno

78 2143 142 2188 uam
152 2128 416 2189 satisfactionem
427 2126 665 2188 inviolabiliter
675 2125 856 2194 observari,
913 2131 1037 2205 quinto.

78 2225 157 2286 salva
172 2225 351 2301 semperin
364 2224 516 2285 omnibus
531 2223 758 2284 moderatione
773 2224 860 2282 Gon·

79 2320 859 2398 cilligeneralisnldhaecpraesentiumvobmanc·
1129 2398 1134 2408 Ι
1176 2261 1441 2412 CLXXXVIII·

78 2421 197 2482 anate
210 2420 402 2495 apostonci
416 2419 819 2495 praecipimusquaienus,
830 2415 858 2475 si
973 2397 1024 2454 Ad
1038 2399 1311 2468 arornepnmpn
1330 2396 1364 2456 et
1382 2411 1565 2472 episcopos,
1582 2399 1645 2460 en.
1743 2416 1746 2427 ·

80 2518 141 2594 quis
157 2517 348 2578 eorumdem
370 2516 654 2593 parochianorum
672 2518 858 2575 vestrorum
1211 2509 1245 2566 15
1255 2508 1315 2580 jan.
1330 2510 1409 2566 till.

79 2616 107 2674 in
119 2616 311 2690 saepedictos
331 2613 450 2676 fratres
461 2613 624 2674 violentas
642 2627 760 2672 manus
774 2611 860 2687 inje-
1084 2613 1220 2678 [simmia
1235 2615 1251 2663 i.
1268 2629 1299 2672 c..
1318 2630 1343 2678 p.
1358 2616 1412 2674 aaa.
1431 2629 1456 2666 n.
1473 2616 1540 2680 eis]

80 2713 159 2783 cerii,
172 2729 249 2774 eum
265 2711 416 2774 accensis
430 2710 577 2771 candelis
590 2709 860 2771 excommunica·
986 2713 1069 2769 vetat
1085 2714 1217 2784 prelatos
1231 2712 1361 2769 ordinem
1375 2712 1582 2770 Tneuionicnm
1594 2713 1636 2770 de

80 2811 136 2870 tum
156 2809 289 2886 publice
311 2808 482 2879 nuntietis,
495 2809 528 2868 et
546 2809 714 2882 tamquam
727 2821 861 2866 excom·
1158 2801 1348 2872 eleemosynis
1364 2815 1477 2858 vexare.

79 2907 271 2968 manicatum
307 2905 438 2970 faciatis
475 2904 517 2966 ab
552 2903 703 2964 omnibus
731 2904 861 2964 cautius
955 2908 1622 2984 Honoriusepisoopns,servasservornm
1633 2913 1704 2982 Dei,

80 3005 196 3070 evitari,
229 3003 336 3064 donec
369 3002 493 3064 eisdem
528 3000 686 3062 iratribus
716 3013 860 3075 congrue
916 3004 1162 3066 venerabilibus
1203 3004 1360 3066 tratribus
1389 3006 1648 3084 archiepiscopIs
1676 3009 1709 3071 et
1801 2977 1808 3004 Ι

81 3101 265 3172 milslaciat,
281 3101 313 3160 et
336 3116 410 3160 oum
433 3099 554 3160 litteris
578 3097 757 3160 dioecesani
772 3096 862 3173 epis·
915 3102 1090 3179 episcopis,
1107 3105 1183 3173 eto,
1200 3103 1340 3164 salutem
1359 3105 1392 3164 et
1414 3105 1631 3179 apostolicam
1649 3105 1709 3167 be-

80 3199 328 3274 oopIueritetem
354 3193 801 3270 continentibnsApostolioo
826 3209 861 3253 se
916 3199 1148 3260 nedictionem.

81 3296 261 3371 conspectui
290 3293 516 3371 repraesentet.
545 3293 663 3354 Datum
692 3291 860 3360 Laterani,
956 3297 1084 3367 Quanto
1099 3295 1295 3365 dilectitllii,
1314 3295 1434 3356 iratres
1452 3296 1567 3357 domus
1582 3300 1709 3375 Hospi-

80 3393 173 3453 IIVIII
193 3392 263 3454 lial.
289 3392 385 3464 lehn,
407 3389 618 3466 pontificatus
642 3389 747 3450 nostri
774 3403 861 3448 anuo
916 3395 995 3454 talis
1004 3395 1133 3454 Sanciae
1142 3393 1257 3454 Marias
1266 3394 1546 3455 Tlieutonicorum
1557 3397 1710 3456 Hieroso-

80 3490 191 3564 quinto.
917 3490 1080 3567 Iymitani,
1095 3490 1711 3569 majoriraligIoneethonestatepree·

345 3619 589 3704 CLXXXVII
917 3589 1063 3650 eminent
1078 3590 1111 3649 et
1125 3591 1239 3649 contra
1253 3587 1428 3651 christiani
1443 3591 1587 3652 nominis
1602 3590 1711 3650 inimi·

827 3752 832 3763 ‚
918 3702 974 3746 cos
990 3685 1136 3760 graviori
1149 3685 1276 3761 jugiler
1289 3685 1402 3746 labore
1415 3685 1600 3762 decertant3
1617 3689 1709 3748 tanto

82 3755 123 3813 M
138 3751 347 3832 '⁷²⁰9ssth
366 3753 557 3826 HOSW‘W
577 3753 713 3812 3⁶²²th
738 3753 864 3810 Mam
917 3787 950 3846 et
975 3782 1140 3844 universis
1163 3781 1379 3842 christianam
1402 3783 1639 3857 professionem
1658 3785 1712 3844 te*

324 3851 618 3910 T¹²t²⁴²⁰²²l⁰⁰⁷⁴²⁴⁷⁷i
917 3880 1072 3942 nennius
1097 3878 1289 3940 ferventiori
1311 3878 1449 3938 omino
1473 3878 1592 3939 nonem
1615 3879 1710 3956 diligi

365 3961 398 4016 ¹5
413 3959 475 4032 1³⁰·
492 3960 572 4052 ¹²,²¹·
917 3978 1158 4052 eteorumjura
1170 3975 1252 4052 ipsis
1265 3975 1472 4052 propensiori
1484 3975 1710 4038 sollicitudine

258 4065 391 4128 [sireniis
402 4065 419 4114 ¹·
431 4080 463 4124 θη
476 4065 568 4129 l>=283·
580 4080 605 4114 1¹·
616 4064 684 4130 8ssi
917 4073 1182 4144 conservarint,
1200 4072 1256 4149 qui
1277 4088 1335 4148 pro
1356 4072 1586 4134 universorum
1601 4073 1709 4136 salute

81 4173 204 4232 omniu
226 4172 318 4230 ordini
334 4171 520 4240 Theulossiw,
539 4170 613 4244 iilud
633 4172 670 4240 si,
690 4178 787 4228 eontra
804 4169 861 4241 pri·
917 4171 1066 4234 extrema
1080 4185 1146 4232 non
1161 4169 1313 4231 dubitant
1327 4170 1473 4246 experiri
1491 4171 1650 4246 pericula,
1668 4171 1709 4232 ab

110 4264 208 4338 Initii
221 4262 294 4334 eius,
307 4259 374 4332 quid
387 4259 657 4332 asedoApostoliea
673 4257 864 4318 fueliidsscffl·
918 4267 1069 4330 omnibus
1095 4269 1189 4343 grate
1220 4267 1366 4328 sentiant
1391 4267 1607 4329 incrementa.
1630 4267 1710 4329 Indo

110 4357 175 4420 t¹¹¹³·
191 4365 251 4408 ⁰⁰¹¹
267 4356 396 4406 ῑθῦθθῑῦῐ
410 4346 595 4420 ¹⁰⁵P⁰⁰del⁰·
894 4367 978 4444 ,est
1002 4365 1088 4442 quod
1108 4363 1358 4426 uniuersitatem
1377 4365 1521 4426 vestram
1539 4379 1711 4425 monemus

114 4468 277 4530 Honorius
288 4465 473 4542 episcopus,
484 4479 601 4526 servus
610 4478 781 4524 servorum
791 4463 861 4534 Dei,
918 4478 957 4524 ac
972 4477 1031 4538 per
1044 4461 1233 4538 apostoliea
1252 4460 1347 4521 vohis
1368 4461 1491 4536 scripta
1513 4461 1710 4522 mandamus

83 4561 200 4627 dilectis
215 4563 295 4624 liliis
310 4563 470 4638 magistro
485 4563 519 4623 et
535 4561 692 4622 iratribus
707 4561 865 4636 Hospita·
919 4562 1017 4636 atque
1032 4559 1252 4635 praecipimus,
1267 4558 1430 4636 quatenus
1446 4559 1621 4634 praedictos
1636 4557 1709 4620 tra-

83 4657 118 4720 lis
134 4663 263 4724 Sanctae
283 4659 398 4720 Mariae
417 4658 697 4720 Theutonicorum
712 4658 865 4718 Hieroso·
918 4657 986 4718 tres
1010 4671 1110 4732 super
1134 4654 1369 4731 eleemosynis.
1397 4669 1470 4730 quse
1494 4656 1576 4731 ipsis
1602 4671 1623 4716 a
1651 4657 1711 4720 Dei

84 4755 235 4831 lymiiani,
257 4757 410 4824 salutem,
426 4757 489 4817 eto.
920 4751 1070 4814 fidelibus
1086 4751 1312 4822 conseruntur,
1329 4765 1348 4810 a
1363 4751 1495 4811 nemine
1513 4753 1711 4828 permittatis

117 4855 192 4916 (lum
204 4867 264 4918 vos
277 4855 435 4930 tanquam
448 4852 610 4929 speciales
627 4850 781 4913 Ecclesia
798 4853 866 4912 Ro-
919 4847 1065 4910 indebita
1088 4847 1341 4924 presumptione
1364 4848 1490 4920 vexari,
1508 4849 1577 4920 sed,
1598 4850 1628 4909 si
1648 4849 1713 4910 ali-

84 4966 179 5014 manae
199 4953 297 5023 tilios,
316 4951 491 5026 religionis
511 4951 634 5012 intuitu
656 4951 689 5010 ot
708 4948 864 5010 conside·
920 4945 975 5023 qui
995 4959 1052 5006 eos
1072 4959 1172 5019 super
1186 4943 1238 5004 liis
1260 4943 1384 5020 absque
1398 4944 1515 5006 ordine
1530 4945 1711 5022 judiciario

85 5051 202 5112 ratione
214 5049 376 5126 obsequii,
394 5048 479 5126 qnod
492 5048 527 5108 in
541 5045 768 5110 adtramarinis
784 5061 864 5122 par·
919 5056 1068 5118 gravare.
1086 5041 1368 5118 praesumpserint,
1395 5042 1494 5117 ipsos,
1525 5041 1592 5102 ulsi
1620 5056 1713 5102 com·

85 5145 160 5208 llhus
174 5149 210 5208 ln
231 5146 423 5208 defensione
445 5145 588 5206 nominis
602 5143 779 5206 christiani
800 5145 865 5204 Deo
921 5139 1036 5200 moniti
1051 5137 1138 5200 inira
1153 5137 1290 5213 triginta
1304 5137 1377 5200 dies
1392 5141 1464 5214 post
1477 5139 1710 5199 commonitio-

85 5240 243 5306 lerrentsr
275 5243 477 5320 impenditis,
514 5255 644 5318 semper
676 5240 866 5316 apostoliea
920 5252 995 5298 nem
1010 5237 1155 5298 vestram
1168 5235 1364 5302 destiterint
1382 5251 1485 5312 usque
1500 5233 1542 5296 ad
1556 5235 1712 5296 satisfac-

87 5339 176 5401 Sedes
192 5341 323 5404 macera
338 5340 476 5404 caritate
490 5338 645 5400 dilexerit
660 5339 694 5399 et
708 5337 867 5416 specialia
920 5334 1045 5396 tionem
1075 5332 1284 5408 condignam,
1313 5331 1444 5393 sublato
1478 5331 1712 5408 appellationis

87 5439 244 5500 curaverit
262 5436 438 5515 privilegia
456 5435 650 5511 indulgar03
668 5437 781 5496 nostro
802 5434 868 5497 im-
921 5431 1078 5502 remedio,
1106 5429 1332 5492 ecclesiastica
1367 5429 1530 5490 sententIa
1570 5428 1710 5492 famatis.

86 5533 180 5598 minet
189 5535 297 5598 oliloio
309 5533 558 5611 providendum,
577 5535 622 5603 ut,
640 5532 668 5592 si
681 5547 739 5607 per
749 5531 866 5592 salsam
921 5530 1038 5592 Datum
1056 5527 1223 5599 Laterani,
1239 5527 1345 5588 XVIII
1359 5525 1427 5586 kal.
1444 5525 1614 5599 sehriurii,
1629 5543 1713 5604 pon·-

88 5633 321 5706 snggestionem
345 5633 402 5690 aut
420 5629 551 5690 tacendi
573 5628 722 5690 fraudem
748 5629 867 5690 litteras
921 5625 1065 5688 titicatus
1081 5625 1287 5724 nostri'anno
1303 5623 1427 5700 quinio.
