4066 6290
107 280 169 342 913

108 435 293 516 intringere
324 436 515 508 tentaverit,
548 437 813 516 indignationem
844 422 905 504 Dei

107 535 907 616 omnipotencsetboatorumretrietrauuapos-

109 632 264 704 telorum,
291 647 327 694 se
341 633 473 696 noverit
487 633 712 697 incursurum.
735 645 737 651 ’

150 729 331 809 (sequatur
345 733 446 796 iasar
461 731 634 794 distortam
649 737 763 810 tapam
775 735 906 796 wede-

108 829 176 890 rtct
192 831 233 892 ΙΙ
240 825 272 907 .·)

148 1023 353 1099 Fridericus,
367 1026 428 1088 Dei
442 1025 551 1103 gratia
565 1029 789 1090 Romanorum
804 1025 907 1105 impe·

108 1125 212 1196 rator,
222 1123 577 1201 etsemperliugustus,
586 1126 906 1198 marchionibusoo·

108 1221 259 1293 mitibus,
269 1223 463 1300 cunctisque
475 1223 617 1301 populis,
626 1229 710 1301 quos
721 1223 906 1285 clementia

108 1320 233 1380 nostras
248 1319 335 1394 regit
348 1319 538 1396 imperium,
549 1320 690 1382 salutem
705 1322 738 1383 et
749 1319 902 1396 gratiam.

108 1419 147 1478 In
160 1416 214 1477 die
228 1431 293 1493 qua
308 1415 349 1476 de
367 1432 467 1478 manu
480 1418 698 1480 sacratissimi
706 1419 815 1480 Patris
827 1434 906 1480 nos-

107 1513 153 1576 tri
165 1513 286 1574 summi
301 1513 473 1576 Pontificis
485 1515 673 1592 recepimus
687 1515 821 1592 imperii
838 1516 906 1577 dia-

109 1610 223 1684 dema;
246 1611 436 1674 curavimus
451 1611 494 1674 ad
521 1612 580 1673 Dei
602 1614 636 1674 et
659 1613 816 1674 Ecclesiae
836 1629 905 1674 suae

108 1705 283 1781 honorem,
310 1708 410 1770 edere
438 1709 596 1786 quasdam
626 1709 732 1786 leges,
760 1722 842 1788 quas
868 1710 904 1770 in

105 1805 400 1883 praesentepagina
409 1807 570 1884 jussimus
583 1808 749 1879 annotmi,
769 1823 829 1884 per
847 1807 903 1868 to-

106 1904 179 1963 tum
207 1903 358 1964 nostrum
385 1903 562 1980 imperium
589 1904 824 1981 publicandas3
845 1920 907 1981 per¹

105 2000 297 2078 imperialia
310 2001 406 2064 vobis
428 2002 552 2081 scripta
567 2001 790 2080 praecipiendo
809 2018 905 2064 raan-
937 2061 940 2088 ζ

107 2097 239 2172 damus,
252 2099 414 2177 quatenus
427 2112 485 2161 eas
496 2100 634 2178 quisque
644 2100 783 2172 litteras,
797 2100 833 2162 in
843 2115 904 2163 suo

669 279 907 346 APPENDICE
927 277 983 346 DU
1005 275 1135 345 niusa
1153 276 1193 344 Vt

936 509 937 512 Ἴ
959 455 1045 512 rum,
1062 437 1119 517 qul
1144 436 1327 502 secundum
1350 437 1473 503 sciata
1494 439 1549 503 vel
1570 441 1754 506 consuetu·

1698 275 1758 356 am
1809 255 1810 258 ‘

961 535 1055 598 dines
1070 537 1271 600 memoratae
1281 536 1658 614 judicaveribtsuntex
1675 541 1756 602 tunc

959 633 1032 710 ipso
1052 635 1130 710 jure
1153 633 1307 696 infames.
1332 636 1476 706 Quorum
1500 635 1698 708 sententias,
1721 635 1755 698 et

959 732 1053 793 actus
1069 731 1154 793 alios
1164 731 1355 807 illegitimos
1370 732 1581 809 praecipimus
1590 734 1756 810 aliquate-

959 840 1023 888 nus
1038 828 1242 892 contenere.
1259 829 1351 900 Quod
1373 829 1402 891 si
1425 845 1485 907 per
1508 845 1631 893 annum
1654 830 1755 908 hujus

960 924 1084 986 nostrae
1104 925 1360 998 constitutionis,
1383 927 1512 988 inventi
1526 927 1754 992 luerintcon-

958 1021 1149 1100 temptores,
1171 1022 1259 1084 bona
1279 1039 1393 1087 eorum
1408 1040 1468 1102 per
1485 1025 1590 1088 totum
1605 1026 1756 1088 nostrum

961 1118 1148 1198 imparium,
1165 1120 1360 1186 mandamus
1383 1121 1518 1199 impune
1539 1121 1580 1184 ab
1601 1123 1754 1184 omuibus

960 1217 1127 1293 occupari.
1158 1218 1265 1280 Salvis
1294 1217 1614 1284 nibilominusaliis
1643 1220 1753 1296 poenis

960 1314 1752 1394 contratalesingeneraliconciliopromulgatis.

1000 1413 1082 1472 ltem
1096 1411 1188 1472 nulla
1210 1413 1366 1488 potestas,
1382 1414 1436 1475 vel
1457 1429 1599 1490 persona
1621 1414 1755 1492 publica

959 1508 1012 1570 vel
1027 1509 1339 1585 privata,collectas
1354 1511 1425 1572 sive
1440 1513 1643 1584 exactiones,
1655 1527 1757 1588 anga-

959 1606 1029 1666 rias
1041 1606 1094 1668 vel
1109 1607 1340 1684 parangarias,
1355 1608 1518 1678 ecclesiis,
1533 1609 1585 1672 vel
1598 1609 1674 1672 aliis
1689 1609 1755 1686 piis

959 1703 1053 1777 locis,
1068 1705 1126 1766 aut
1146 1705 1382 1768 ecclesiasticis
1405 1707 1556 1784 personis
1571 1707 1753 1784 imponere,

959 1801 1017 1863 aut
1035 1801 1195 1864 invadere
1213 1801 1300 1864 bona
1315 1804 1541 1884 ecclesiastica
1563 1804 1754 1881 praesumat.

959 1899 1096 1970 Quodsi
1114 1899 1250 1974 luerint,
1264 1902 1297 1963 et
1316 1903 1468 1979 requisiti
1484 1901 1526 1964 ab
1545 1903 1688 1964 ecclesia
1699 1901 1758 1965 vab

959 1995 1333 2074 ablmperioemendare
1341 2000 1608 2077 contempserint,
1616 1999 1755 2077 triplum

958 2093 1148 2170 refundant,
1172 2097 1206 2160 et
1219 2096 1437 2160 nibilominus
1451 2097 1562 2161 banno
1585 2098 1754 2174 imperiali

107 2195 264 2260 districtu
279 2197 556 2274 irrefragabiliter
576 2199 610 2262 et
621 2199 818 2262 inconcusse
831 2215 906 2262 ser·
959 2191 1165 2271 subjaceant,
1182 2195 1267 2272 duod
1282 2195 1407 2272 absque
1432 2195 1659 2258 satisfactione
1688 2195 1752 2256 de·

106 2295 175 2368 vet,
187 2295 223 2358 et
234 2296 311 2358 sunt
325 2295 377 2358 bae
390 2296 499 2374 leges:
957 2289 1028 2352 bita
1044 2291 1235 2354 nullatenus
1254 2293 1453 2356 remittatur.
1478 2293 1559 2358 item
1576 2309 1750 2371 quaecurn-

146 2391 343 2458 Addec'uset
353 2394 692 2472 bonoramimperiiet
704 2395 904 2460 laudemlto·
959 2401 1023 2466 que
1032 2391 1263 2464 communitas,
1279 2391 1333 2454 vel
1347 2405 1564 2469 persona-per
1578 2407 1701 2454 annum
1716 2391 1754 2454 iu

104 2491 200 2554 mani
212 2491 389 2568 Principis,
405 2491 491 2554 nibil
505 2494 639 2558 omnino
651 2494 757 2570 magis
773 2494 905 2556 videtur
958 2477 1301 2552 ciccmmunicatione
1316 2488 1403 2553 saeta
1418 2491 1553 2566 propter
1568 2487 1756 2551 libertatem

104 2589 285 2660 accedere,¹
304 2605 403 2667 quam
428 2591 464 2652 ut
484 2593 678 2668 expurgatis
699 2590 903 2669 quibusdam
958 2585 1107 2650 ecclesia
1119 2587 1312 2662 perstiterit,
1326 2587 1399 2664 ipso
1405 2589 1483 2664 jure
1493 2587 1660 2663 imperiali
1670 2585 1757 2648 ban·-

104 2686 290 2758 effossus,
317 2687 352 2750 at
377 2687 501 2765 iniquis
525 2689 743 2767 quorumdam
770 2690 902 2752 statues
957 2697 1001 2744 no
1015 2683 1196 2760 subjaceat,
1222 2699 1322 2760 aquo
1337 2684 1528 2746 nullatenus
1544 2684 1751 2756 exacuatur,

104 2784 241 2862 penitus
266 2784 443 2858 destitutis,
465 2784 506 2848 de
527 2787 648 2848 caetero
669 2786 817 2848 Ecclesia
842 2786 902 2848 Dei
937 2790 941 2806 ·
958 2779 1025 2840 nisi
1036 2780 1131 2857 prius
1140 2780 1185 2844 'ab
1201 2781 1351 2846 Ecclesia
1366 2780 1537 2844 absolutus
1547 2781 1659 2844 suerit.

106 2881 460 2960 plenaquistevigsat,
476 2883 509 2946 et
521 2895 639 2946 secura·
651 2883 903 2960 gaudeatliber⁴
937 2876 941 2892 '
997 2877 1079 2940 itam
1094 2878 1280 2952 statuimus,
1301 2880 1339 2942 ut
1359 2879 1470 2940 nullus
1488 2879 1751 2942 ecclesiasticam

103 2981 186 3042 tate.
204 2982 301 3042 ,sana
320 2980 404 3042 adeo
425 2981 609 3044 infidelium
631 2981 848 3060 quorumdam
871 2983 903 3044 et
957 2991 1133 3053 personam
1151 2977 1188 3038 in
1207 2977 1374 3038 criminali
1390 2977 1573 3055 quaestione
1590 2977 1644 3039 vel
1662 2978 1755 3038 civili

106 3077 310 3155 injustorum
324 3077 485 3156 iniquitas
501 3079 691 3152 abvmdavit,
709 3081 745 3141 ut
760 3095 826 3141 non
841 3079 904 3142 du?-
956 3073 1091 3135 trahere
1119 3074 1161 3136 ad
1185 3075 1350 3150 judicium
1379 3075 1539 3136 saeculare
1572 3074 1754 3152 praesumat

102 3175 210 3237 bitent
234 3177 350 3238 contra
371 3176 596 3253 Apostolicam
623 3177 844 3255 disciplinam,
870 3177 903 3240 et
958 3173 1073 3234 contra
1097 3173 1349 3234 constitutiones
1371 3171 1576 3250 imperiales,
1601 3178 1633 3235 et
1652 3188 1758 3234 cano-

104 3280 389 3346 sacroscanones,
405 3275 528 3336 statuta
544 3275 904 3352 suaconfingerecon-
958 3268 1051 3332 nicos
1076 3269 1275 3332 sanctiones·
1304 3271 1395 3342 Quod
1422 3271 1451 3332 Si
1475 3270 1602 3343 feccrit
1619 3271 1757 3332 &0201'2

101 3371 156 3433 tra
165 3371 410 3434 ecclesiasticas
420 3387 581 3449 personas
590 3373 623 3434 et
631 3372 789 3436 Ecclesia
800 3372 904 3434 liber·
954 3368 1031 3442 jure
1047 3382 1107 3428 suo
1122 3367 1231 3440 cadat,
1252 3370 1285 3430 et
1295 3367 1480 3445 jndioatum
1503 3383 1570 3432 non
1584 3368 1707 3440 teneat,
1721 3369 1757 3430 et

104 3470 221 3530 tatem.
245 3470 326 3530 Cum
350 3485 449 3546 ergo,
474 3469 692 3548 dispositione
709 3471 830 3532 ,divina
851 3470 904 3532 ia·
954 3463 1059 3541 Judex
1073 3464 1117 3526 sit
1141 3479 1184 3526 ex
1208 3466 1286 3528 tunc
1302 3465 1477 3542 judicandi
1498 3465 1659 3542 potestate
1684 3465 1758 3542 pri-

103 3567 215 3637 venta,
232 3567 315 3628 nillil
335 3567 418 3628 velit
432 3568 591 3646 Ecclesia,
609 3585 681 3645 quae
699 3557 795 3629 nibil¹
806 3567 903 3630 debet
957 3565 1064 3624 vatus.
1082 3564 1265 3624 statuimus
1286 3563 1387 3626 etiam
1406 3565 1443 3626 ut
1467 3563 1587 3641 siquis
1608 3563 1752 3635 clericis,

103 3663 361 3741 praeterbonum
388 3665 555 3740 appetere,
577 3665 773 3743 quodnobis
787 3664 902 3726 eodem
958 3659 1010 3726 vel
1036 3659 1190 3736 personis
1205 3660 1440 3722 ecclesiasticis
1460 3661 1626 3738 justitiam
1649 3661 1755 3722 dene·

104 3777 271 3823 concursu
286 3764 320 3824 et
334 3761 449 3823 eadem
468 3777 536 3824 non
558 3763 687 3840 placeat
707 3763 900 3824 voluntate:

102 3858 388 3931 nos-Eridericus,
409 3862 635 3922 Romanorum
661 3861 843 3937 imperator
870 3861 903 3922 et

104 3949 493 4033 semperaugastusnae
503 3957 718 4034 edictalilege
729 3957 902 4020 irritamus
940 4029 942 4036 Ι

105 4052 711 4126 etirritanunciamusornniastatuta,
722 4056 754 4116 et
766 4068 903 4117 consue-

103 4149 249 4223 tudines,
263 4167 337 4228 quae
351 4151 513 4222 civitates,
528 4151 581 4214 vel
596 4151 681 4222 loca,
709 4152 900 4228 potestates,

101 4247 271 4318 consules,
299 4247 353 4308 vel
381 4263 597 4325 quaecumque
621 4248 703 4312 ,aliae
734 4259 899 4324 personae,

104 4347 221 4408 contra
235 4344 422 4408 libertatem
437 4346 607 4418 Ecclesiae,
623 4347 679 4409 vel
697 4347 903 4410 ecclesiasti-

104 4459 162 4505 cas
180 4455 340 4521 personas
364 4443 473 4516 edere,
497 4444 550 4506 vel
571 4460 718 4517 servare,
742 4445 902 4506 adversus

104 4541 284 4603 municas
303 4540 357 4602 vel
384 4540 577 4617 imperiales
600 4542 788 4604 sanctiones
807 4558 900 4619 prae-

104 4638 319 4715 sumpserint.
330 4639 371 4700 Et
384 4653 423 4700 ea
431 4639 473 4700 de
481 4638 721 4715 capitularibus
732 4639 802 4700 suis
813 4655 904 4700 man·

105 4735 335 4806 damnaturis
350 4734 433 4796 duos
448 4751 579 4798 menses
594 4736 669 4812 post
683 4735 783 4813 hujus
799 4737 903 4814 publi·

104 4834 270 4895 cationem
294 4832 405 4903 edicti,
428 4833 562 4912 penitus
584 4833 721 4896 aboleri.
747 4834 786 4898 Et
812 4834 842 4894 si
862 4834 902 4896 de

105 4931 227 4992 caetero
247 4929 371 4990 similia
389 4929 635 5002 attentaverint,
652 4929 725 5008 ipso
743 4934 820 5008 jure
841 4931 902 4993 de-

105 5028 275 5090 cernimus
284 5042 358 5088 esse
373 5027 476 5100 nulla,
486 5030 519 5089 et
533 5043 589 5089 eos
601 5044 661 5090 sua
668 5029 902 5108 Jurisdictione

103 5125 271 5204 privatos,
306 5125 469 5202 superiori
504 5125 655 5202 protinus
691 5126 899 5204 applicanda.

103 5225 249 5286 Necnon
260 5221 598 5300 locumubideinceps
608 5224 690 5285 talia
701 5225 901 5301 praesumpta

102 5320 237 5388 luerint,
251 5319 363 5381 banno
377 5319 468 5380 mille
484 5336 672 5382 marcarum
688 5321 901 5398 praecipimus

104 5417 287 5494 subjacere.
304 5416 489 5478 Potestates
503 5434 595 5491 vero,
612 5418 777 5484 consules.
792 5420 902 5482 recto·

104 5530 170 5588 res,
186 5513 352 5576 statutarii
371 5515 404 5576 et
418 5515 597 5592 scriptores
612 5516 775 5578 dictorum
790 5517 899 5579 statu-

105 5615 225 5691 torum,
241 5625 370 5676 necnon
396 5614 430 5676 et
444 5613 628 5676 consiliarii
644 5613 792 5675 locorum
807 5613 899 5690 ipso-

957 3771 1037 3832 gsre
1055 3757 1317 3833 praesumpserit,
1332 3757 1432 3820 tertio
1446 3758 1639 3836 requisitus,
1656 3773 1753 3820 suam

953 3852 1221 3931 jurisdictionem
1232 3854 1373 3916 amittat.
1430 3863 1433 3872 ¹
1753 3871 1762 3882 ·

976 3954 1152 4023 ..cazaros
1169 3952 1363 4024 Petarenos
1377 3952 1562 4025 Leonistas
1576 3953 1755 4030 Speronis-

956 4051 1024 4122 tas,
1053 4048 1278 4121 arnaldistas,
1307 4049 1544 4122 Circumcisus,
1572 4052 1605 4112 et
1640 4065 1754 4112 omnes

957 4147 1134 4208 haereticos
1149 4148 1322 4225 utriusque
1341 4163 1453 4220 sexus,
1468 4160 1676 4226 quocumque
1688 4164 1754 4210 no-

957 4244 1046 4306 mine
1056 4246 1266 4319 censeantur,
1280 4247 1440 4323 perpetua
1456 4245 1651 4308 damnamus
1665 4233 1756 4308 inl·

957 4343 1035 4415 mia,
1052 4342 1241 4406 diffidamus
1250 4342 1545 4420 atquebannimus.
1556 4344 1757 4421 Praecipien·

956 4439 1006 4502 tes
1022 4441 1059 4500 ut
1069 4439 1159 4502 bona
1172 4440 1291 4502 talium
1309 4440 1542 4513 confiscentur,
1562 4457 1624 4503 nec
1641 4441 1683 4502 ad
1696 4457 1754 4504 eos

957 4537 1099 4600 ulterius
1114 4538 1335 4610 revertantur,
1350 4538 1396 4600 ita
1409 4538 1497 4615 quod
1509 4539 1571 4600 tilii
1582 4555 1696 4617 eorum
1711 4539 1755 4601 ad

957 4639 1185 4702 successiones
1212 4640 1401 4716 pervenire¹
1415 4655 1482 4700 non
1498 4642 1648 4718 possint,
1679 4657 1754 4704 cum

937 4736 1055 4812 ,longa
1076 4737 1212 4811 gravius
1234 4737 1278 4800 sit
1292 4739 1451 4799 aeternam
1472 4754 1571 4816 quam
1585 4741 1756 4816 tempora-

957 4834 1022 4894 lem
1033 4833 1200 4895 offendere
1208 4835 1425 4912 blajestatem.
1437 4837 1499 4908 Qui
1508 4837 1755 4900 auteminventi

956 4929 1081 4992 luerint
1107 4931 1178 4992 sola
1205 4932 1394 5008 suspicione
1421 4932 1586 4995 notabiles
1602 4931 1683 5013 (nisi
1711 4935 1754 4996 ad

956 5028 1148 5089 mandatum
1161 5028 1329 5100 Ecclesiae,
1342 5031 1439 5107 juxta
1453 5017 1755 5116 considerationem

956 5125 1156 5203 suspicionis
1165 5126 1405 5203 aequalitatem
1414 5143 1576 5204 personae,
1584 5129 1754 5206 propriam

956 5223 1180 5285 innocentiam
1195 5237 1341 5298 congrua
1365 5224 1562 5300 purgatione
1583 5227 1753 5290 monstra-

955 5319 1079 5399 verint)
1108 5322 1267 5396 tanquam
1282 5320 1424 5382 infames
1439 5324 1472 5384 et
1483 5322 1612 5385 banniti
1625 5323 1666 5398 ab
1682 5341 1755 5387 om-

957 5417 1054 5479 nibus
1069 5417 1264 5480 habeantur.
1282 5421 1330 5480 Ita
1347 5417 1431 5496 quod
1451 5419 1479 5479 si
1493 5419 1542 5481 sic
1556 5437 1753 5498 perannum

941 5515 1149 5588 manserint,
1167 5515 1296 5578 extunc
1311 5531 1369 5578 eos
1383 5516 1469 5578 siout
1481 5517 1657 5580 baereticos
1670 5535 1753 5582 cou-

956 5612 1160 5677 damnamus.
