4198 6322
300 384 342 444 33
928 373 1103 436 nononii
1126 373 1171 436 111
1193 369 1340 436 OPERA.
1915 380 1954 439 ni

301 542 428 616 nostra,
457 535 607 616 alioquin
634 534 724 605 circa
747 548 824 600 eum
848 527 1099 612 inquisitionem
1489 555 1620 650 LVIII

302 639 408 707 tactas
435 637 638 714 diligentem,
659 634 693 710 et
711 647 785 710 qum
806 631 989 702 inveneris,
1005 629 1100 698 nobis

301 736 364 800 sub
373 738 431 799 tuo
446 734 557 812 sigillo
566 732 697 794 inclusa
707 729 925 795 transmittas.
989 797 991 806 A
1742 793 1746 802 ¹

342 835 461 901 Datum
476 829 642 900 Laterani,
660 831 703 890 IV
715 828 783 890 kal.
800 825 997 899 decembris,
1012 843 1099 904 pon·
1171 899 1175 904 ⁸
1415 807 1450 868 ²9
1464 807 1599 868 novemb.
1615 809 1699 868 iiis,

301 932 447 1010 tldcatus
460 929 566 992 nostri
578 941 666 990 anuo
680 927 791 990 tertio.
864 992 868 1002 ,
1293 913 1438 981 [wdone.
1449 916 1524 967 ¹01³·
1540 915 1567 966 οῖ
1580 915 1732 975 sonentur,
1746 909 1814 982 tri]
1845 894 1847 900 ’

749 1046 752 1054 ¹
1155 1011 1272 1070 blandai
1285 1020 1316 1071 ut
1326 1019 1425 1086 partes
1436 1013 1799 1096 quosdamsilitigandnm
1810 1013 1955 1088 duxerint,

648 1129 757 1218 LVII
885 1125 898 1141 ‘
1245 1097 1280 1162 nd
1296 1099 1399 1160 sedem
1414 1103 1608 1176 Apostoiieem
1626 1105 1865 1164 transmittuntur.

1175 695 1227 756 Ad
1238 694 1393 757 abbatem
1403 695 1669 758 assentietur
1686 691 1852 770 varran,
1869 694 1933 759 etc.

1196 1211 1376 1286 Honorius,
1403 1212 1479 1284 ete,
1509 1210 1631 1274 abbati,
1651 1211 1694 1278 de
1721 1212 1890 1276 saisiret
1916 1213 1958 1276 de

1156 1305 1298 1380 Watria,
1314 1307 1495 1375 Eboramu'.
1517 1309 1689 1392 diocesis,
1706 1313 1741 1375 ei
1759 1311 1872 1374 Sancti
1885 1315 1960 1377 An*

1124 1421 1125 1424 ¹
1157 1406 1246 1469 dreae
1267 1406 1448 1472 storacen.
1463 1407 1642 1488 prioribus,
1656 1407 1844 1475 salutemet
1861 1425 1960 1486 apos-

561 1485 596 1546 ²⁹
611 1485 745 1543 ΜΘΝ·
761 1479 840 1542 ¹²¹⁸·
1156 1503 1291 1568 tolicam
1305 1503 1580 1590 benedictionem.
1701 1533 1725 1582 ·.

336 1589 513 1660 [aspernit.
524 1593 568 1653 ¹¹¹5
580 1591 654 1658 epist.
666 1589 720 1642 Ν·
733 1591 926 1642 ³¹³⁸·L‘P0'20
934 1589 968 1640 ‘¹¹¹
977 1587 1071 1654 ruem]
1199 1605 1423 1666 praesentatas
1454 1601 1551 1666 uobis
1579 1600 1689 1681 felicis
1711 1602 1959 1684 recordationis

333 1698 394 1760 ''llt
408 1697 576 1774 magistrum
591 1699 639 1758 W.
655 1693 684 1756 ln
699 1693 869 1756 canonicum
885 1695 915 1754 lu
927 1693 1049 1753 ecclesie
1156 1707 1183 1768 1,
1200 1717 1305 1780 papae,
1322 1700 1577 1782 praedscessoris
1592 1700 1722 1782 pastu]¹
1734 1700 1864 1780 littam
1883 1717 1960 1770 res.

336 1879 338 1884 ¹
388 1862 394 1884 ι
480 1789 514 1847 S·
530 1783 689 1880 Audfflnflfl
703 1787 792 1861 recipi
807 1785 922 1845 luciam.
1091 1837 1095 1848 ·
1121 1792 1125 1851 Ι
1156 1799 1311 1880 perimus
1334 1798 1380 1878 iu,
1396 1797 1486 1860 bunc
1513 1797 1676 1875 medum
1701 1816 1720 1863 ι
1742 1800 1958 1870 Innocentius

343 1902 523 1978 Honorius,
544 1907 619 1977 ete..
642 1903 827 1968 venerabili
849 1901 982 1965 nutri...
1008 1901 1124 1979 epis·¹
1157 1897 1352 1976 episcopus,
1380 1911 1496 1957 servus
1523 1911 1694 1958 servorum
1720 1897 1798 1969 Dei,
1824 1895 1958 1959 dilectis

303 2019 398 2082 cepe,
411 2006 448 2067 et
459 2003 591 2072 dilectis
606 2002 684 2063 illlis
701 2001 877 2064 scolastico
894 2003 927 2062 et
943 1999 1102 2074 magistro
1158 1994 1274 2056 tiliis...
1293 1993 1471 2054 diacono...
1488 1992 1692 2056 subdiacono
1707 1996 1739 2055 et
1753 1993 1958 2056 cancellario

302 2101 451 2164 Galliido
466 2100 508 2164 de
522 2103 604 2162 Rau.
616 2099 785 2162 canonico
799 2098 995 2162 ambianen.
1159 2089 1395 2162 Lincolniensi,
1421 2090 1561 2154 salutem
1576 2092 1609 2153 et
1622 2091 1839 2168 apostolicam
1853 2091 1960 2156 bene

344 2201 450 2272 Quum
465 2198 549 2260 bene
562 2197 699 2259 meritos
710 2196 820 2274 dignis
834 2195 981 2273 praemiis
991 2206 1105 2254 mune·
1158 2186 1347 2252 dictionem.
1374 2189 1454 2250 Cum
1476 2187 1588 2250 dilecti
1604 2185 1663 2250 lilii
1679 2187 1814 2252 abbates
1829 2189 1862 2251 et
1876 2205 1958 2251 con-

302 2309 428 2368 ramus‚
440 2295 527 2373 apud
541 2297 644 2356 Deum
657 2293 851 2356 ethomines
864 2291 1103 2354 noseredinus
1157 2288 1275 2348 ventus
1288 2280 1518 2349 cisterciensis
1534 2285 1660 2348 ordinis
1675 2283 1710 2348 in
1722 2287 1843 2364 Anglia
1857 2303 1960 2348 cons-

302 2392 505 2471 promsreri,
533 2405 634 2470 quum
659 2391 783 2468 quanto
809 2390 915 2452 virtus
944 2402 1103 2451 rsmuue-
1157 2384 1257 2456 tituli,
1274 2386 1409 2462 propter
1423 2381 1742 2446 abundantissimam
1760 2384 1960 2466 apostolicae

304 2491 378 2552 rata
391 2488 514 2550 clarius
529 2486 696 2560 elucescit,
716 2488 809 2550 tanto
822 2487 863 2549 ad
883 2484 1103 2548 imitationem
1159 2481 1254 2545 Sedis
1276 2481 1509 2550 obedientiam,
1534 2495 1656 2558 graves
1682 2481 1868 2545 sustineant
1889 2499 1958 2544 an·

302 2587 410 2664 ipsius
427 2587 541 2664 plures
556 2585 687 2646 avidius
702 2585 904 2646 animantur.
922 2584 1104 2646 attenden—
1157 2581 1285 2657 gusiias
1295 2584 1328 2643 et
1338 2583 1498 2658 jacturae,
1513 2580 1607 2641 decet
1619 2591 1680 2642 nos
1693 2578 1872 2642 salubriter
1883 2595 1961 2658 pro·

301 2683 489 2760 territaque,
504 2675 590 2759 quod
604 2681 848 2757 indignumest,
861 2672 1001 2743 dilectus
1013 2677 1103 2741 iilius
1157 2679 1283 2748 videre,
1307 2693 1350 2740 ne
1373 2674 1509 2739 aillictio'
1539 2676 1783 2754 superaddatur
1812 2677 1957 2740 afflictis,

301 2781 465 2856 magister
475 2781 528 2840 W.
540 2791 666 2856 pauper
680 2777 833 2851 clericus,
849 2778 890 2840 de
910 2780 1005 2856 cujus
1020 2778 1100 2850 vita,
1159 2775 1238 2838 inde
1264 2773 1427 2853 estquod
1452 2769 1789 2838 diseretiouivestrse'
1806 2788 1961 2854 praesen·

302 2878 456 2950 scientia,
482 2875 650 2938 laudabile
665 2875 764 2938 nobis
783 2891 803 2937 a
825 2873 939 2938 multis
954 2874 1104 2937 testimo*
1155 2875 1239 2936 tium
1262 2869 1468 2936 ‚uttbtoritate
1494 2867 1719 2950 praecipiendo
1747 2873 1956 2946 mandamus,

301 2977 398 3038 nium
424 2964 628 3053 perhibetur,
663 2989 763 3052 quum
784 2975 895 3036 ,mtate
927 2974 1102 3051 provectus
1157 2971 1399 3049 quatenuslioc
1415 2971 1565 3048 tempore
1589 2971 1835 3049 supersedeatis
1853 2985 1961 3047 nege-

303 3086 425 3151 expers
452 3071 606 3134 beneficii
634 3071 854 3134 ecclesiastici
882 3071 1101 3148 relinquatur,
1156 3071 1204 3132 tio
1223 3085 1324 3148 super
1343 3085 1445 3148 que...
1461 3071 1571 3130 rector
1584 3070 1617 3130 et
1639 3068 1759 3131 iratres
1783 3069 1960 3146 hospitalis

305 3170 401 3248 quia,
436 3169 522 3230 sicut
555 3167 670 3230 eedem
703 3168 892 3246 accepimus
924 3167 1101 3238 referente,
1159 3167 1272 3230 sancti
1301 3169 1389 3229 Petri
1419 3165 1649 3238 niemeensts,
1670 3169 1792 3228 cenna
1820 3167 1960 3229 dilectos

301 3267 503 3346 prepositus
519 3265 633 3327 Sancti
654 3265 834 3328 audomari
849 3279 923 3326 eum
948 3263 983 3326 ln
1002 3263 1103 3326 tami·
1159 3265 1281 3325 illios...
1299 3262 1451 3325 abbatem
1466 3265 1499 3325 et
1512 3265 1712 3326 conventum
1728 3257 1770 3325 'de
1785 3263 1956 3333 Fontibus,

301 3365 423 3426 llarem
437 3362 615 3440 recipiens,
631 3365 665 3426 et
679 3362 874 3440 promittens
887 3361 994 3423 eidem
1017 3377 1053 3422 se
1067 3362 1101 3422 ln
1158 3363 1192 3423 et
1206 3361 1365 3439 quosdam
1380 3361 1465 3422 alios
1486 3361 1615 3424 ordinis
1629 3362 1803 3424 memorati
1827 3361 1959 3424 Ebora·

300 3459 509 3540 prmbendali
522 3459 684 3524 beneflcio
694 3459 918 3537 provisurum,
932 3459 1102 3535 assignata
1158 3460 1269 3521 censis
1288 3457 1444 3521 dioecesis
1463 3459 1578 3520 advos
1594 3461 1725 3522 nostras
1742 3460 1871 3522 litteras
1892 3460 1962 3521 im-

302 3558 484 3621 interimet
498 3568 610 3620 annua
626 3557 797 3634 pensione,
814 3557 855 3618 ad
872 3555 1103 3620 dimittendum
1158 3557 1342 3636 patrarunt,
1359 3553 1514 3618 'maxime
1537 3569 1613 3618 cum
1627 3559 1705 3634 ¹jam
1733 3569 1792 3634 per
1815 3558 1962 3636 quatuor

304 3655 440 3717 scholas
465 3645 599 3717 induxit
622 3653 794 3728 eumdem;
818 3654 877 3716 sed
897 3653 1102 3732 postmodum
1158 3671 1264 3717 annos
1288 3655 1422 3716 easdem
1453 3655 1701 3731 suppresserint
1730 3651 1958 3732 impetrantes.

306 3751 537 3833 promissionis
571 3751 743 3828 negligens
781 3753 950 3825 executor,
987 3767 1105 3829 quam·
1159 3755 1239 3814 Cum
1258 3753 1369 3814 autem
1394 3751 1574 3829 tempestas
1601 3752 1753 3814 ecclesiae
1777 3753 1961 3815 cessaverit

305 3865 406 3929 quam
422 3851 453 3912 ei
464 3851 576 3928 plures
586 3849 773 3926 prsebendae
784 3850 946 3921 vacarint,
962 3849 997 3910 in
1011 3849 1103 3910 nulla
1158 3849 1355 3927 anglicana,
1373 3849 1401 3911 si
1413 3849 1655 3927 superrogatio
1666 3845 1962 3912 memorateduxe·

299 3948 455 4026 ipsarum
470 3945 534 4009 sibi
549 3947 691 4018 armarit,
712 3961 787 4008 cum
802 3946 972 4009 commode
987 3949 1104 4025 potue-
1158 3947 1226 4011 rint
1237 3948 1572 4024 litigandum,·partes
1587 3945 1628 4008 ad
1642 3941 1791 4008 nostram
1806 3959 1961 4025 praeseu-

301 4046 351 4107 rit
365 4043 555 4121 providere;
580 4059 623 4104 ne
637 4041 837 4106 confidentia
858 4043 1008 4122 praedicti
1032 4060 1105 4106 ma·
1158 4047 1239 4109 tiam
1262 4045 1512 4116 transmittatis,
1538 4045 1575 4105 ut
1600 4039 1791 4120 hujusmodi
1816 4040 1959 4122 quaestio

306 4141 402 4218 gistri
422 4135 538 4202 delusa
557 4141 740 4212 remaneat,
766 4155 841 4217 qum
869 4141 971 4218 digna
994 4142 1103 4219 potius
1160 4159 1218 4222 per
1245 4157 1306 4204 nos
1329 4141 1506 4204 concordia
1527 4135 1580 4203 vel
1602 4137 1728 4219 iudicio
1747 4142 1957 4203 terminetur.

304 4239 358 4301 est
380 4237 503 4310 lavore,
527 4231 721 4298 discretioni
743 4239 865 4299 vestrm
889 4253 949 4316 per
968 4240 1105 4316 Aposto·
1160 4239 1195 4303 si
1207 4241 1285 4318 quid
1301 4242 1412 4318 autem
1424 4253 1525 4316 super
1539 4238 1603 4302 hoc
1620 4239 1754 4300 interim
1767 4242 1818 4304 est
1832 4241 1959 4302 temere

306 4337 373 4400 lica
389 4335 513 4412 scripta
534 4333 741 4406 mandamus,
755 4337 917 4413 quatenus
931 4335 1103 4413 prelatum
1158 4339 1365 4410 attentatum,
1393 4337 1476 4398 illud
1490 4337 1526 4398 iu
1542 4337 1665 4400 statium
1686 4337 1834 4400 debitum
1854 4353 1959 4400 revo-

306 4433 465 4497 clericum
489 4431 524 4494 in
546 4432 689 4494 ecclesia
714 4432 827 4494 Sancti
851 4431 1030 4494 audomari
1049 4449 1105 4495 re-
1158 4435 1252 4500 cetls.
1280 4435 1399 4497 Datum
1421 4435 1588 4508 Laterani,
1606 4437 1649 4496 lv
1668 4435 1736 4497 kal.
1753 4434 1957 4514 novembris,

307 4531 373 4610 cipi
397 4529 555 4592 iacientes
575 4529 610 4590 in
627 4529 823 4591 canonicum
845 4532 879 4592 et
896 4530 932 4591 in
954 4530 1101 4603 tratrem,
1158 4533 1370 4613 pontificatus
1397 4531 1503 4594 nostri
1526 4547 1616 4594 arluc
1643 4533 1743 4595 tertio
1773 4532 1913 4596 decimo.
1939 4551 1960 4594 »

307 4627 529 4707 praebeudam,
556 4625 585 4688 si
606 4641 671 4703 qua
691 4628 789 4690 vacat
807 4627 848 4688 ad
872 4641 1029 4715 praesens,
1051 4629 1104 4690 vel
1158 4633 1272 4708 Nuper
1287 4631 1397 4694 autem
1413 4628 1523 4692 dilecti
1539 4627 1638 4690 tilii...
1665 4629 1706 4690 de
1727 4628 1898 4703 Fontibus,
1925 4633 1961 4694 et

306 4723 504 4804 quantocius
515 4738 551 4784 se
563 4721 648 4784 adid
659 4723 799 4785 facultas
814 4724 981 4797 obtulerit,
995 4726 1104 4787 eidem
1158 4729 1235 4792 de...
1253 4727 1405 4792 Rlevalle
1420 4726 1557 4788 abbates
1571 4727 1605 4789 et
1627 4743 1743 4788 eorum
1762 4730 1957 4801 conventus,

306 4823 465 4900 magistro
482 4815 679 4884 auctoritate
697 4822 885 4899 apostoliea
911 4823 1102 4896 conseratis,
1157 4822 1388 4887 cisterciensis
1409 4821 1549 4892 ordinis,
1573 4819 1669 4884 nobis
1684 4836 1852 4898 exponere
1873 4838 1957 4900 pro-

306 4920 566 4984 contradietores
595 4933 858 4995 percensuram
894 4921 1102 4984 ecclesiasti·
1158 4923 1332 4992 curarunt,
1367 4919 1452 4998 quod
1496 4919 1677 4997 capitulum
1714 4919 1959 4982 Eboracensem

304 5033 389 5090 cam,
408 5017 629 5095 appellatione
644 5017 837 5094 postposita,
851 5018 1101 5097 compescendo.
1157 5020 1247 5097 ipsos
1273 5017 1425 5081 ninantur
1450 5017 1484 5079 in
1516 5031 1651 5078 causam
1679 5017 1815 5080 trahere
1842 5033 1958 5080 emam

306 5115 475 5179 Vicarlum
496 5127 627 5193 quoque
641 5115 747 5192 ipsius
762 5117 932 5194 prepositi
944 5116 987 5178 ad
1012 5115 1104 5178 solu·
1157 5115 1263 5188 vobis,
1287 5115 1486 5182 auctoritate
1514 5115 1731 5192 qtrarumdam
1756 5114 1956 5186 litterarum,

305 5211 429 5278 tionem
452 5213 618 5292 praedictae
639 5213 808 5291 pensionis
827 5227 969 5274 censura
987 5215 1101 5285 simili,
1155 5229 1239 5292 quas
1265 5229 1285 5275 a
1307 5212 1417 5283 nobis,
1447 5212 1589 5274 veritate
1613 5211 1731 5284 tacita,
1760 5213 1958 5290 impetrasse

304 5311 435 5374 sublato
461 5309 693 5388 appellationis
715 5309 903 5382 obstaculo,
932 5310 1104 5393 nihilomi-
1157 5313 1350 5384 noscuntur,
1378 5309 1470 5372 nulla
1485 5308 1572 5372 iacta
1588 5309 1628 5371 de
1647 5309 1813 5386 praedictis
1835 5311 1957 5373 litteris

306 5423 369 5470 nus
388 5407 520 5470 interim
539 5406 757 5484 compellatis.
781 5406 872 5480 Quod
895 5407 923 5468 si
941 5423 1008 5468 non
1032 5423 1104 5469 om·-
1157 5409 1335 5472 mentione.
1363 5409 1444 5469 Cum
1471 5409 1575 5484 igitur
1598 5406 1723 5468 nemini
1752 5409 1958 5485 patrocinari

306 5521 377 5578 nes,
393 5507 469 5576 etc,
484 5504 521 5566 tu
536 5521 587 5577 ea,
604 5504 709 5566 irater
721 5504 886 5582 episcope,
898 5519 973 5565 oum
987 5519 1101 5567 eorum
1156 5508 1274 5570 debeat
1298 5507 1390 5570 fraus
1416 5511 1450 5568 et
1474 5505 1586 5577 dolus,
1617 5502 1808 5567 discreiioni
1836 5507 1956 5567 vestrae

305 5603 413 5666 altero
423 5599 640 5664 nibilominus
652 5601 859 5679 exsequaris.
876 5604 995 5665 Datum
1010 5605 1103 5666 Late·
1156 5605 1415 5683 parapostoitua
1428 5603 1553 5681 scripta
1568 5602 1774 5674 mandamus,
1791 5603 1955 5679 quatenus

306 5701 392 5773 rani,
404 5698 879 5772 tertiolialendasdecembris,
893 5703 1098 5766 annotatio.
1154 5706 1250 5782 juxta
1270 5703 1409 5765 sormam
1423 5701 1610 5763 litterarum
1632 5699 1888 5778 praedecessoris
1903 5701 1956 5777 ip-

303 1269 356 1332 Ad
379 1267 574 1344 episcopum
592 1265 627 1328 et
645 1265 894 1336 scholasticum,
914 1263 948 1326 et
971 1263 1102 1340 inaptu-

364 1367 459 1428 trum
473 1369 514 1427 dc
528 1367 612 1426 Rea.
624 1365 826 1425 canonicum
838 1363 1039 1423 ambianen.
