<?xml version="1.0" encoding="UTF-8"?>
<!DOCTYPE html PUBLIC "-//W3C//DTD XHTML 1.0 Transitional//EN"
    "http://www.w3.org/TR/xhtml1/DTD/xhtml1-transitional.dtd">
<html xmlns="http://www.w3.org/1999/xhtml" xml:lang="en" lang="en">
 <head>
  <title>
</title>
<meta http-equiv="Content-Type" content="text/html;charset=utf-8" />
  <meta name='ocr-system' content='tesseract 3.04.00' />
  <meta name='ocr-capabilities' content='ocr_page ocr_carea ocr_par ocr_line ocrx_word'/>
</head>
<body>
  <div class='ocr_page' id='page_1' title='image "./mediiaevibiblio01bottgoog_0097.png"; bbox 0 0 4090 6316; ppageno 0'>
   <div class='ocr_carea' id='block_1_1' title="bbox 293 387 2021 452">
    <p class='ocr_par' dir='ltr' id='par_1_1' title="bbox 293 387 2021 452">
     <span class='ocr_line' id='line_1_1' title="bbox 293 387 2021 452; baseline -0.001 -3"><span class='ocrx_word' id='word_1_1' title='bbox 293 390 350 449; x_wconf 78' lang='lat' dir='ltr'>lot</span> <span class='ocrx_word' id='word_1_2' title='bbox 914 389 1088 451; x_wconf 85' lang='lat' dir='ltr'><strong>HONORII</strong></span> <span class='ocrx_word' id='word_1_3' title='bbox 1112 389 1155 448; x_wconf 87' lang='grc' dir='ltr'>ΙΙΙ</span> <span class='ocrx_word' id='word_1_4' title='bbox 1179 389 1325 452; x_wconf 80' lang='lat' dir='ltr'><strong>OPERA.</strong></span> <span class='ocrx_word' id='word_1_5' title='bbox 1883 387 1939 448; x_wconf 81' lang='lat'>168</span> <span class='ocrx_word' id='word_1_6' title='bbox 2020 389 2021 400; x_wconf 56' lang='lat'>¹</span> 
     </span>
    </p>
   </div>
   <div class='ocr_carea' id='block_1_2' title="bbox 285 541 1942 5058">
    <p class='ocr_par' dir='ltr' id='par_1_2' title="bbox 285 541 1942 5058">
     <span class='ocr_line' id='line_1_2' title="bbox 294 541 1939 627; baseline -0.003 -15"><span class='ocrx_word' id='word_1_7' title='bbox 294 549 549 626; x_wconf 81' lang='lat' dir='ltr'>praesentiarum</span> <span class='ocrx_word' id='word_1_8' title='bbox 562 549 808 613; x_wconf 88' lang='lat' dir='ltr'>rationabiliter</span> <span class='ocrx_word' id='word_1_9' title='bbox 826 548 1013 627; x_wconf 88' lang='lat' dir='ltr'>possidetis,</span> <span class='ocrx_word' id='word_1_10' title='bbox 1030 550 1088 610; x_wconf 89' lang='lat' dir='ltr'>aut</span> <span class='ocrx_word' id='word_1_11' title='bbox 1182 549 1371 610; x_wconf 83' lang='lat' dir='ltr'>Gaudemus</span> <span class='ocrx_word' id='word_1_12' title='bbox 1410 547 1566 611; x_wconf 79' lang='lat' dir='ltr'>mandata</span> <span class='ocrx_word' id='word_1_13' title='bbox 1601 544 1713 610; x_wconf 86' lang='lat' dir='ltr'>nostra</span> <span class='ocrx_word' id='word_1_14' title='bbox 1747 541 1939 611; x_wconf 76' lang='lat' dir='ltr'><strong>rationabili</strong></span> 
     </span>
     <span class='ocr_line' id='line_1_3' title="bbox 293 641 1939 728; baseline -0.001 -21"><span class='ocrx_word' id='word_1_15' title='bbox 293 648 721 725; x_wconf 80' lang='lat' dir='ltr'>infuturumjustlsmodis,</span> <span class='ocrx_word' id='word_1_16' title='bbox 739 650 918 724; x_wconf 88' lang='lat' dir='ltr'>praestante</span> <span class='ocrx_word' id='word_1_17' title='bbox 933 641 1084 720; x_wconf 88' lang='lat' dir='ltr'>Domino,</span> <span class='ocrx_word' id='word_1_18' title='bbox 1141 648 1330 709; x_wconf 79' lang='lat' dir='ltr'>executioni</span> <span class='ocrx_word' id='word_1_19' title='bbox 1348 647 1511 718; x_wconf 90' lang='lat' dir='ltr'>mandari,</span> <span class='ocrx_word' id='word_1_20' title='bbox 1527 646 1710 728; x_wconf 85' lang='grc'><strong>6161166161</strong></span> <span class='ocrx_word' id='word_1_21' title='bbox 1730 649 1843 710; x_wconf 87' lang='grc'><strong>666116</strong></span> <span class='ocrx_word' id='word_1_22' title='bbox 1866 648 1939 708; x_wconf 86' lang='grc'><strong>611-</strong></span> 
     </span>
     <span class='ocr_line' id='line_1_4' title="bbox 294 745 1939 823; baseline -0.002 -17"><span class='ocrx_word' id='word_1_23' title='bbox 294 746 445 821; x_wconf 90' lang='lat' dir='ltr'>poteritis</span> <span class='ocrx_word' id='word_1_24' title='bbox 459 746 609 823; x_wconf 89' lang='lat' dir='ltr'>adipisci,</span> <span class='ocrx_word' id='word_1_25' title='bbox 625 746 684 806; x_wconf 92' lang='lat' dir='ltr'>sub</span> <span class='ocrx_word' id='word_1_26' title='bbox 700 746 788 807; x_wconf 88' lang='lat' dir='ltr'>beati</span> <span class='ocrx_word' id='word_1_27' title='bbox 798 745 887 806; x_wconf 88' lang='lat' dir='ltr'>Petri</span> <span class='ocrx_word' id='word_1_28' title='bbox 897 747 930 806; x_wconf 89' lang='lat' dir='ltr'>et</span> <span class='ocrx_word' id='word_1_29' title='bbox 940 747 1086 806; x_wconf 91' lang='lat' dir='ltr'>nostram</span> <span class='ocrx_word' id='word_1_30' title='bbox 1141 745 1221 804; x_wconf 90' lang='lat' dir='ltr'>dens</span> <span class='ocrx_word' id='word_1_31' title='bbox 1241 746 1416 806; x_wconf 77' lang='lat' dir='ltr'>attestetur</span> <span class='ocrx_word' id='word_1_32' title='bbox 1444 745 1593 816; x_wconf 88' lang='lat' dir='ltr'>effectus,</span> <span class='ocrx_word' id='word_1_33' title='bbox 1621 747 1655 807; x_wconf 89' lang='lat' dir='ltr'>et</span> <span class='ocrx_word' id='word_1_34' title='bbox 1684 745 1863 822; x_wconf 91' lang='lat' dir='ltr'>unicuique</span> <span class='ocrx_word' id='word_1_35' title='bbox 1884 749 1939 821; x_wconf 89' lang='lat' dir='ltr'>jus</span> 
     </span>
     <span class='ocr_line' id='line_1_5' title="bbox 293 841 1940 920; baseline 0 -17"><span class='ocrx_word' id='word_1_36' title='bbox 293 843 531 920; x_wconf 90' lang='lat' dir='ltr'>protectionem</span> <span class='ocrx_word' id='word_1_37' title='bbox 546 842 756 920; x_wconf 87' lang='lat' dir='ltr'>suscipimus,</span> <span class='ocrx_word' id='word_1_38' title='bbox 770 842 961 919; x_wconf 83' lang='lat' dir='ltr'>specialiter</span> <span class='ocrx_word' id='word_1_39' title='bbox 974 841 1084 902; x_wconf 89' lang='lat' dir='ltr'>autern</span> <span class='ocrx_word' id='word_1_40' title='bbox 1141 843 1312 919; x_wconf 91' lang='lat' dir='ltr'>proprium</span> <span class='ocrx_word' id='word_1_41' title='bbox 1335 841 1513 903; x_wconf 87' lang='lat' dir='ltr'>tribuatur.</span> <span class='ocrx_word' id='word_1_42' title='bbox 1537 842 1757 918; x_wconf 82' lang='lat' dir='ltr'>Significastls</span> <span class='ocrx_word' id='word_1_43' title='bbox 1777 843 1940 920; x_wconf 86' lang='lat' dir='ltr'>siquidem</span> 
     </span>
     <span class='ocr_line' id='line_1_6' title="bbox 292 927 1939 1016; baseline 0.001 -18"><span class='ocrx_word' id='word_1_44' title='bbox 292 938 1086 1016; x_wconf 85' lang='lat' dir='ltr'>decimasPutinensisecclesiaeatdePrampercb</span> <span class='ocrx_word' id='word_1_45' title='bbox 1141 937 1247 1008; x_wconf 92' lang='lat' dir='ltr'>nobis,</span> <span class='ocrx_word' id='word_1_46' title='bbox 1278 937 1364 1014; x_wconf 90' lang='lat' dir='ltr'>qnod</span> <span class='ocrx_word' id='word_1_47' title='bbox 1399 953 1473 998; x_wconf 90' lang='lat' dir='ltr'>cum</span> <span class='ocrx_word' id='word_1_48' title='bbox 1496 927 1744 1000; x_wconf 75' lang='lat' dir='ltr'>venerabilibus</span> <span class='ocrx_word' id='word_1_49' title='bbox 1779 935 1939 1001; x_wconf 85' lang='lat' dir='ltr'>iratribus</span> 
     </span>
     <span class='ocr_line' id='line_1_7' title="bbox 290 1035 1941 1116; baseline -0.002 -19"><span class='ocrx_word' id='word_1_50' title='bbox 290 1035 1085 1116; x_wconf 77' lang='grc'><strong>6111111666166166616666166116616666111661</strong></span> <span class='ocrx_word' id='word_1_51' title='bbox 1141 1035 1303 1095; x_wconf 91' lang='grc'><strong>6661116...</strong></span> <span class='ocrx_word' id='word_1_52' title='bbox 1336 1037 1459 1110; x_wconf 81' lang='lat' dir='ltr'>Regen.</span> <span class='ocrx_word' id='word_1_53' title='bbox 1485 1035 1555 1096; x_wconf 90' lang='lat' dir='ltr'>et...</span> <span class='ocrx_word' id='word_1_54' title='bbox 1593 1035 1811 1112; x_wconf 81' lang='lat' dir='ltr'>Antipolitan.</span> <span class='ocrx_word' id='word_1_55' title='bbox 1848 1035 1941 1110; x_wconf 88' lang='lat' dir='ltr'>epis-</span> 
     </span>
     <span class='ocr_line' id='line_1_8' title="bbox 291 1131 1938 1210; baseline 0 -17"><span class='ocrx_word' id='word_1_56' title='bbox 291 1149 349 1194; x_wconf 86' lang='lat' dir='ltr'>sas</span> <span class='ocrx_word' id='word_1_57' title='bbox 377 1133 630 1210; x_wconf 88' lang='lat' dir='ltr'>pertinentibus,</span> <span class='ocrx_word' id='word_1_58' title='bbox 647 1149 729 1209; x_wconf 91' lang='lat' dir='ltr'>quas</span> <span class='ocrx_word' id='word_1_59' title='bbox 756 1135 819 1210; x_wconf 90' lang='lat' dir='ltr'>piae</span> <span class='ocrx_word' id='word_1_60' title='bbox 844 1133 1086 1194; x_wconf 86' lang='lat' dir='ltr'>recordationis</span> <span class='ocrx_word' id='word_1_61' title='bbox 1140 1131 1796 1210; x_wconf 72' lang='lat' dir='ltr'>copisetdllectofllio...abbatirloreg.</span> <span class='ocrx_word' id='word_1_62' title='bbox 1812 1134 1938 1195; x_wconf 89' lang='lat' dir='ltr'>nostris</span> 
     </span>
     <span class='ocr_line' id='line_1_9' title="bbox 291 1228 1940 1309; baseline 0.002 -19"><span class='ocrx_word' id='word_1_63' title='bbox 291 1229 410 1290; x_wconf 87' lang='lat' dir='ltr'>Eberb.</span> <span class='ocrx_word' id='word_1_64' title='bbox 424 1228 594 1304; x_wconf 80' lang='lat' dir='ltr'>salzburg.</span> <span class='ocrx_word' id='word_1_65' title='bbox 608 1229 818 1306; x_wconf 82' lang='lat' dir='ltr'>archiepisc,</span> <span class='ocrx_word' id='word_1_66' title='bbox 830 1229 871 1291; x_wconf 90' lang='lat' dir='ltr'>de</span> <span class='ocrx_word' id='word_1_67' title='bbox 884 1230 1021 1306; x_wconf 90' lang='lat' dir='ltr'>capituli</span> <span class='ocrx_word' id='word_1_68' title='bbox 1033 1230 1091 1306; x_wconf 90' lang='grc'>661</span> <span class='ocrx_word' id='word_1_69' title='bbox 1141 1229 1328 1291; x_wconf 85' lang='lat' dir='ltr'>dederimus</span> <span class='ocrx_word' id='word_1_70' title='bbox 1343 1231 1463 1293; x_wconf 89' lang='lat' dir='ltr'>litteris</span> <span class='ocrx_word' id='word_1_71' title='bbox 1478 1231 1513 1291; x_wconf 93' lang='lat' dir='ltr'>in</span> <span class='ocrx_word' id='word_1_72' title='bbox 1529 1230 1693 1292; x_wconf 89' lang='lat' dir='ltr'>mandalis</span> <span class='ocrx_word' id='word_1_73' title='bbox 1709 1233 1746 1292; x_wconf 91' lang='grc'>61</span> <span class='ocrx_word' id='word_1_74' title='bbox 1760 1247 1800 1292; x_wconf 89' lang='grc'>66</span> <span class='ocrx_word' id='word_1_75' title='bbox 1812 1231 1940 1309; x_wconf 86' lang='lat' dir='ltr'>quaeda</span> 
     </span>
     <span class='ocr_line' id='line_1_10' title="bbox 292 1327 1939 1410; baseline 0.001 -22"><span class='ocrx_word' id='word_1_76' title='bbox 292 1343 444 1398; x_wconf 89' lang='lat' dir='ltr'>assensu,</span> <span class='ocrx_word' id='word_1_77' title='bbox 461 1328 501 1388; x_wconf 90' lang='lat' dir='ltr'>ad</span> <span class='ocrx_word' id='word_1_78' title='bbox 514 1343 610 1404; x_wconf 91' lang='lat' dir='ltr'>quem</span> <span class='ocrx_word' id='word_1_79' title='bbox 624 1327 843 1410; x_wconf 85' lang='lat' dir='ltr'>pertinebant,</span> <span class='ocrx_word' id='word_1_80' title='bbox 858 1329 965 1389; x_wconf 89' lang='lat' dir='ltr'>eidem</span> <span class='ocrx_word' id='word_1_81' title='bbox 978 1329 1086 1390; x_wconf 89' lang='lat' dir='ltr'>eccle·</span> <span class='ocrx_word' id='word_1_82' title='bbox 1140 1329 1339 1405; x_wconf 89' lang='lat' dir='ltr'>patrimonio</span> <span class='ocrx_word' id='word_1_83' title='bbox 1364 1329 1537 1391; x_wconf 88' lang='lat' dir='ltr'>Recbelini</span> <span class='ocrx_word' id='word_1_84' title='bbox 1552 1329 1716 1406; x_wconf 91' lang='lat' dir='ltr'>qnondam</span> <span class='ocrx_word' id='word_1_85' title='bbox 1741 1329 1939 1391; x_wconf 90' lang='lat' dir='ltr'>monasterii</span> 
     </span>
     <span class='ocr_line' id='line_1_11' title="bbox 291 1424 1939 1500; baseline 0.001 -15"><span class='ocrx_word' id='word_1_86' title='bbox 291 1425 350 1488; x_wconf 87' lang='lat' dir='ltr'>siae</span> <span class='ocrx_word' id='word_1_87' title='bbox 365 1427 484 1486; x_wconf 82' lang='lat' dir='ltr'>vestrae</span> <span class='ocrx_word' id='word_1_88' title='bbox 501 1424 638 1500; x_wconf 86' lang='lat' dir='ltr'>provida</span> <span class='ocrx_word' id='word_1_89' title='bbox 656 1425 897 1486; x_wconf 88' lang='lat' dir='ltr'>deliberatione</span> <span class='ocrx_word' id='word_1_90' title='bbox 908 1425 1083 1497; x_wconf 89' lang='lat' dir='ltr'>concessit,</span> <span class='ocrx_word' id='word_1_91' title='bbox 1140 1427 1244 1486; x_wconf 88' lang='grc'><strong>166111</strong></span> <span class='ocrx_word' id='word_1_92' title='bbox 1257 1425 1411 1486; x_wconf 88' lang='lat' dir='ltr'>monachi</span> <span class='ocrx_word' id='word_1_93' title='bbox 1426 1425 1467 1487; x_wconf 93' lang='grc'>16</span> <span class='ocrx_word' id='word_1_94' title='bbox 1486 1425 1641 1487; x_wconf 86' lang='grc'><strong>6661616</strong></span> <span class='ocrx_word' id='word_1_95' title='bbox 1654 1425 1759 1488; x_wconf 85' lang='grc'><strong>1611616</strong></span> <span class='ocrx_word' id='word_1_96' title='bbox 1774 1427 1939 1488; x_wconf 85' lang='grc'><strong>1666116-</strong></span> 
     </span>
     <span class='ocr_line' id='line_1_12' title="bbox 290 1522 1941 1600; baseline 0.001 -18"><span class='ocrx_word' id='word_1_97' title='bbox 290 1523 497 1584; x_wconf 89' lang='grc'><strong>66661116666</strong></span> <span class='ocrx_word' id='word_1_98' title='bbox 510 1523 546 1584; x_wconf 91' lang='grc'>61</span> <span class='ocrx_word' id='word_1_99' title='bbox 563 1523 597 1582; x_wconf 92' lang='grc'>16</span> <span class='ocrx_word' id='word_1_100' title='bbox 620 1522 785 1598; x_wconf 81' lang='lat' dir='ltr'>praediotis</span> <span class='ocrx_word' id='word_1_101' title='bbox 801 1522 952 1583; x_wconf 92' lang='lat' dir='ltr'>ecclesiis</span> <span class='ocrx_word' id='word_1_102' title='bbox 967 1525 1087 1582; x_wconf 90' lang='lat' dir='ltr'>Pram-</span> <span class='ocrx_word' id='word_1_103' title='bbox 1139 1523 1240 1583; x_wconf 89' lang='lat' dir='ltr'>tionis</span> <span class='ocrx_word' id='word_1_104' title='bbox 1264 1523 1447 1585; x_wconf 88' lang='lat' dir='ltr'>innocentii</span> <span class='ocrx_word' id='word_1_105' title='bbox 1470 1537 1564 1600; x_wconf 86' lang='lat' dir='ltr'>papae</span> <span class='ocrx_word' id='word_1_106' title='bbox 1579 1523 1835 1600; x_wconf 86' lang='lat' dir='ltr'>praedecessoris</span> <span class='ocrx_word' id='word_1_107' title='bbox 1858 1540 1941 1586; x_wconf 89' lang='lat' dir='ltr'>nos-</span> 
     </span>
     <span class='ocr_line' id='line_1_13' title="bbox 291 1618 1940 1696; baseline 0.001 -16"><span class='ocrx_word' id='word_1_108' title='bbox 291 1618 1086 1696; x_wconf 68' lang='grc'><strong>661616111111116611116661161166616611661-</strong></span> <span class='ocrx_word' id='word_1_109' title='bbox 1139 1620 1184 1680; x_wconf 91' lang='lat' dir='ltr'>tri</span> <span class='ocrx_word' id='word_1_110' title='bbox 1212 1618 1306 1680; x_wconf 91' lang='grc'><strong>161116</strong></span> <span class='ocrx_word' id='word_1_111' title='bbox 1331 1620 1463 1682; x_wconf 85' lang='lat' dir='ltr'>inerant</span> <span class='ocrx_word' id='word_1_112' title='bbox 1494 1621 1675 1696; x_wconf 84' lang='lat' dir='ltr'>assignata,</span> <span class='ocrx_word' id='word_1_113' title='bbox 1697 1637 1756 1682; x_wconf 89' lang='grc'>166</span> <span class='ocrx_word' id='word_1_114' title='bbox 1788 1621 1940 1683; x_wconf 87' lang='grc'><strong>16661661</strong></span> 
     </span>
     <span class='ocr_line' id='line_1_14' title="bbox 289 1716 1939 1795; baseline 0.001 -18"><span class='ocrx_word' id='word_1_115' title='bbox 289 1716 584 1788; x_wconf 73' lang='grc'><strong>161166161666</strong></span> <span class='ocrx_word' id='word_1_116' title='bbox 613 1733 672 1793; x_wconf 91' lang='grc'>661</span> <span class='ocrx_word' id='word_1_117' title='bbox 687 1717 977 1793; x_wconf 84' lang='lat' dir='ltr'>praesentationem</span> <span class='ocrx_word' id='word_1_118' title='bbox 1005 1718 1086 1778; x_wconf 89' lang='lat' dir='ltr'>Rei·</span> <span class='ocrx_word' id='word_1_119' title='bbox 1140 1717 1278 1792; x_wconf 88' lang='lat' dir='ltr'>pacifice</span> <span class='ocrx_word' id='word_1_120' title='bbox 1304 1717 1475 1794; x_wconf 86' lang='lat' dir='ltr'>possidere</span> <span class='ocrx_word' id='word_1_121' title='bbox 1499 1719 1575 1795; x_wconf 90' lang='lat' dir='ltr'>ipsi,</span> <span class='ocrx_word' id='word_1_122' title='bbox 1599 1719 1685 1781; x_wconf 87' lang='lat' dir='ltr'>sicut</span> <span class='ocrx_word' id='word_1_123' title='bbox 1698 1718 1794 1781; x_wconf 91' lang='lat' dir='ltr'>nobis</span> <span class='ocrx_word' id='word_1_124' title='bbox 1815 1718 1939 1781; x_wconf 90' lang='lat' dir='ltr'>litteris</span> 
     </span>
     <span class='ocr_line' id='line_1_15' title="bbox 290 1812 1942 1892; baseline 0.001 -17"><span class='ocrx_word' id='word_1_125' title='bbox 290 1812 566 1890; x_wconf 83' lang='lat' dir='ltr'>eberspergensis</span> <span class='ocrx_word' id='word_1_126' title='bbox 593 1814 763 1892; x_wconf 89' lang='lat' dir='ltr'>praepositi</span> <span class='ocrx_word' id='word_1_127' title='bbox 786 1815 819 1876; x_wconf 89' lang='grc'>61</span> <span class='ocrx_word' id='word_1_128' title='bbox 842 1815 1084 1877; x_wconf 88' lang='grc'><strong>1661116116666</strong></span> <span class='ocrx_word' id='word_1_129' title='bbox 1139 1813 1354 1886; x_wconf 88' lang='lat' dir='ltr'>intimarunt,</span> <span class='ocrx_word' id='word_1_130' title='bbox 1385 1815 1576 1876; x_wconf 89' lang='lat' dir='ltr'>mandatum</span> <span class='ocrx_word' id='word_1_131' title='bbox 1607 1819 1757 1878; x_wconf 89' lang='lat' dir='ltr'>nostrum</span> <span class='ocrx_word' id='word_1_132' title='bbox 1793 1816 1942 1878; x_wconf 83' lang='lat' dir='ltr'>fideliter</span> 
     </span>
     <span class='ocr_line' id='line_1_16' title="bbox 291 1911 1940 1989; baseline 0.001 -17"><span class='ocrx_word' id='word_1_133' title='bbox 291 1912 544 1988; x_wconf 81' lang='lat' dir='ltr'>salzburgensis</span> <span class='ocrx_word' id='word_1_134' title='bbox 580 1911 833 1988; x_wconf 87' lang='lat' dir='ltr'>archiepiscopi,</span> <span class='ocrx_word' id='word_1_135' title='bbox 862 1913 1007 1974; x_wconf 88' lang='lat' dir='ltr'>ministri</span> <span class='ocrx_word' id='word_1_136' title='bbox 1044 1913 1085 1974; x_wconf 92' lang='lat' dir='ltr'>de</span> <span class='ocrx_word' id='word_1_137' title='bbox 1140 1912 1371 1988; x_wconf 86' lang='lat' dir='ltr'>exsequentes,</span> <span class='ocrx_word' id='word_1_138' title='bbox 1390 1911 1575 1973; x_wconf 87' lang='lat' dir='ltr'>Massiliam</span> <span class='ocrx_word' id='word_1_139' title='bbox 1593 1911 1813 1989; x_wconf 88' lang='lat' dir='ltr'>personaliter</span> <span class='ocrx_word' id='word_1_140' title='bbox 1826 1928 1940 1974; x_wconf 80' lang='lat' dir='ltr'>acces·</span> 
     </span>
     <span class='ocr_line' id='line_1_17' title="bbox 289 2009 1939 2087; baseline 0.001 -17"><span class='ocrx_word' id='word_1_141' title='bbox 289 2011 400 2070; x_wconf 85' lang='lat' dir='ltr'>uestro</span> <span class='ocrx_word' id='word_1_142' title='bbox 416 2009 556 2085; x_wconf 82' lang='lat' dir='ltr'>collegio</span> <span class='ocrx_word' id='word_1_143' title='bbox 571 2012 786 2071; x_wconf 87' lang='lat' dir='ltr'>assumantur</span> <span class='ocrx_word' id='word_1_144' title='bbox 800 2031 807 2070; x_wconf 75' lang='grc' dir='ltr'><strong><em>ε</em></strong></span> <span class='ocrx_word' id='word_1_145' title='bbox 821 2013 915 2087; x_wconf 89' lang='lat' dir='ltr'>cujus</span> <span class='ocrx_word' id='word_1_146' title='bbox 928 2011 1085 2071; x_wconf 90' lang='lat' dir='ltr'>constitu·</span> <span class='ocrx_word' id='word_1_147' title='bbox 1140 2009 1256 2069; x_wconf 90' lang='lat' dir='ltr'>serunt</span> <span class='ocrx_word' id='word_1_148' title='bbox 1268 2009 1301 2070; x_wconf 87' lang='lat' dir='ltr'>et</span> <span class='ocrx_word' id='word_1_149' title='bbox 1318 2009 1353 2069; x_wconf 93' lang='grc'>16</span> <span class='ocrx_word' id='word_1_150' title='bbox 1370 2010 1511 2071; x_wconf 88' lang='grc'><strong>16111616</strong></span> <span class='ocrx_word' id='word_1_151' title='bbox 1526 2009 1669 2086; x_wconf 71' lang='grc'><strong>66611116,</strong></span> <span class='ocrx_word' id='word_1_152' title='bbox 1680 2009 1765 2086; x_wconf 92' lang='lat' dir='ltr'>quod</span> <span class='ocrx_word' id='word_1_153' title='bbox 1781 2011 1939 2087; x_wconf 83' lang='lat' dir='ltr'>assigna·</span> 
     </span>
     <span class='ocr_line' id='line_1_18' title="bbox 288 2105 1939 2200; baseline 0.001 -33"><span class='ocrx_word' id='word_1_154' title='bbox 288 2106 410 2200; x_wconf 69' lang='lat' dir='ltr'>tionem</span> <span class='ocrx_word' id='word_1_155' title='bbox 437 2123 536 2183; x_wconf 91' lang='lat' dir='ltr'>super</span> <span class='ocrx_word' id='word_1_156' title='bbox 559 2106 611 2167; x_wconf 88' lang='lat' dir='ltr'>bis</span> <span class='ocrx_word' id='word_1_157' title='bbox 634 2123 843 2168; x_wconf 89' lang='lat' dir='ltr'>successores</span> <span class='ocrx_word' id='word_1_158' title='bbox 858 2108 976 2184; x_wconf 90' lang='lat' dir='ltr'>ipsius,</span> <span class='ocrx_word' id='word_1_159' title='bbox 994 2110 1084 2168; x_wconf 87' lang='lat' dir='ltr'>Con-</span> <span class='ocrx_word' id='word_1_160' title='bbox 1139 2105 1185 2166; x_wconf 92' lang='lat' dir='ltr'>tio</span> <span class='ocrx_word' id='word_1_161' title='bbox 1214 2105 1272 2166; x_wconf 92' lang='lat' dir='ltr'>illa</span> <span class='ocrx_word' id='word_1_162' title='bbox 1300 2106 1509 2169; x_wconf 85' lang='lat' dir='ltr'>rationabilis</span> <span class='ocrx_word' id='word_1_163' title='bbox 1543 2107 1662 2178; x_wconf 87' lang='lat' dir='ltr'>luerat,</span> <span class='ocrx_word' id='word_1_164' title='bbox 1690 2107 1796 2184; x_wconf 88' lang='lat' dir='ltr'>ipsam</span> <span class='ocrx_word' id='word_1_165' title='bbox 1817 2111 1939 2171; x_wconf 90' lang='lat' dir='ltr'>aucto-</span> 
     </span>
     <span class='ocr_line' id='line_1_19' title="bbox 287 2203 1937 2278; baseline 0.001 -14"><span class='ocrx_word' id='word_1_166' title='bbox 287 2204 388 2264; x_wconf 89' lang='lat' dir='ltr'>radus</span> <span class='ocrx_word' id='word_1_167' title='bbox 416 2205 582 2276; x_wconf 86' lang='lat' dir='ltr'>videlicet,</span> <span class='ocrx_word' id='word_1_168' title='bbox 614 2203 779 2276; x_wconf 74' lang='lat' dir='ltr'>elbertus,</span> <span class='ocrx_word' id='word_1_169' title='bbox 824 2203 857 2266; x_wconf 91' lang='lat' dir='ltr'>et</span> <span class='ocrx_word' id='word_1_170' title='bbox 885 2205 1085 2267; x_wconf 84' lang='lat' dir='ltr'>Ewerardus</span> <span class='ocrx_word' id='word_1_171' title='bbox 1139 2203 1239 2265; x_wconf 88' lang='lat' dir='ltr'>ritate</span> <span class='ocrx_word' id='word_1_172' title='bbox 1274 2205 1398 2276; x_wconf 88' lang='grc'><strong>666116,</strong></span> <span class='ocrx_word' id='word_1_173' title='bbox 1437 2205 1612 2266; x_wconf 91' lang='lat' dir='ltr'>uteorum</span> <span class='ocrx_word' id='word_1_174' title='bbox 1645 2203 1756 2266; x_wconf 83' lang='lat' dir='ltr'>verbis</span> <span class='ocrx_word' id='word_1_175' title='bbox 1788 2207 1937 2278; x_wconf 89' lang='lat' dir='ltr'>utamur,</span> 
     </span>
     <span class='ocr_line' id='line_1_20' title="bbox 289 2299 1939 2380; baseline 0 -17"><span class='ocrx_word' id='word_1_176' title='bbox 289 2302 546 2377; x_wconf 81' lang='lat' dir='ltr'>salzburgenses</span> <span class='ocrx_word' id='word_1_177' title='bbox 557 2301 801 2380; x_wconf 88' lang='lat' dir='ltr'>archiepiscopi</span> <span class='ocrx_word' id='word_1_178' title='bbox 813 2303 884 2364; x_wconf 89' lang='lat' dir='ltr'>suis</span> <span class='ocrx_word' id='word_1_179' title='bbox 900 2303 1085 2380; x_wconf 82' lang='lat' dir='ltr'>privilegiis</span> <span class='ocrx_word' id='word_1_180' title='bbox 1140 2299 1375 2376; x_wconf 89' lang='lat' dir='ltr'>approbarunt,</span> <span class='ocrx_word' id='word_1_181' title='bbox 1403 2303 1436 2362; x_wconf 93' lang='grc'>61</span> <span class='ocrx_word' id='word_1_182' title='bbox 1471 2301 1721 2373; x_wconf 82' lang='lat' dir='ltr'>confirmarunt,</span> <span class='ocrx_word' id='word_1_183' title='bbox 1751 2303 1785 2364; x_wconf 91' lang='lat' dir='ltr'>et</span> <span class='ocrx_word' id='word_1_184' title='bbox 1813 2304 1858 2374; x_wconf 90' lang='grc'>16,</span> <span class='ocrx_word' id='word_1_185' title='bbox 1890 2303 1939 2363; x_wconf 87' lang='lat' dir='ltr'>lili</span> 
     </span>
     <span class='ocr_line' id='line_1_21' title="bbox 287 2397 1938 2476; baseline 0.001 -17"><span class='ocrx_word' id='word_1_186' title='bbox 287 2398 1085 2476; x_wconf 65' lang='grc'><strong>6661166666666166166666616116661611</strong></span> <span class='ocrx_word' id='word_1_187' title='bbox 1140 2397 1252 2470; x_wconf 91' lang='lat' dir='ltr'>abbas,</span> <span class='ocrx_word' id='word_1_188' title='bbox 1276 2398 1520 2475; x_wconf 88' lang='lat' dir='ltr'>possessionem</span> <span class='ocrx_word' id='word_1_189' title='bbox 1556 2413 1667 2460; x_wconf 92' lang='lat' dir='ltr'>rerum</span> <span class='ocrx_word' id='word_1_190' title='bbox 1689 2399 1938 2476; x_wconf 80' lang='lat' dir='ltr'>assignatarum</span> 
     </span>
     <span class='ocr_line' id='line_1_22' title="bbox 288 2495 1941 2574; baseline 0.002 -19"><span class='ocrx_word' id='word_1_191' title='bbox 288 2495 413 2556; x_wconf 88' lang='lat' dir='ltr'>abonae</span> <span class='ocrx_word' id='word_1_192' title='bbox 425 2495 594 2556; x_wconf 79' lang='lat' dir='ltr'>memoriae</span> <span class='ocrx_word' id='word_1_193' title='bbox 603 2495 794 2557; x_wconf 88' lang='lat' dir='ltr'>Pataviensi</span> <span class='ocrx_word' id='word_1_194' title='bbox 805 2496 971 2573; x_wconf 90' lang='lat' dir='ltr'>episcopo,</span> <span class='ocrx_word' id='word_1_195' title='bbox 986 2513 1084 2574; x_wconf 90' lang='lat' dir='ltr'>quam</span> <span class='ocrx_word' id='word_1_196' title='bbox 1140 2497 1296 2558; x_wconf 88' lang='lat' dir='ltr'>curarent</span> <span class='ocrx_word' id='word_1_197' title='bbox 1307 2512 1430 2574; x_wconf 91' lang='lat' dir='ltr'>ponere</span> <span class='ocrx_word' id='word_1_198' title='bbox 1442 2497 1659 2573; x_wconf 89' lang='lat' dir='ltr'>corporalem,</span> <span class='ocrx_word' id='word_1_199' title='bbox 1673 2495 1733 2556; x_wconf 91' lang='lat' dir='ltr'>sub</span> <span class='ocrx_word' id='word_1_200' title='bbox 1744 2509 1941 2558; x_wconf 80' lang='lat' dir='ltr'>excommu-</span> 
     </span>
     <span class='ocr_line' id='line_1_23' title="bbox 287 2591 1940 2671; baseline 0.002 -19"><span class='ocrx_word' id='word_1_201' title='bbox 287 2592 386 2654; x_wconf 88' lang='lat' dir='ltr'>etiam</span> <span class='ocrx_word' id='word_1_202' title='bbox 402 2609 421 2652; x_wconf 88' lang='lat' dir='ltr'>a</span> <span class='ocrx_word' id='word_1_203' title='bbox 437 2591 543 2652; x_wconf 83' lang='lat' dir='ltr'>felicis</span> <span class='ocrx_word' id='word_1_204' title='bbox 565 2592 809 2655; x_wconf 90' lang='lat' dir='ltr'>recordationis</span> <span class='ocrx_word' id='word_1_205' title='bbox 831 2593 977 2654; x_wconf 85' lang='lat' dir='ltr'>Adriano</span> <span class='ocrx_word' id='word_1_206' title='bbox 999 2609 1084 2671; x_wconf 90' lang='lat' dir='ltr'>papa</span> <span class='ocrx_word' id='word_1_207' title='bbox 1139 2592 1317 2654; x_wconf 86' lang='lat' dir='ltr'>nicationis</span> <span class='ocrx_word' id='word_1_208' title='bbox 1339 2609 1436 2671; x_wconf 88' lang='lat' dir='ltr'>poena</span> <span class='ocrx_word' id='word_1_209' title='bbox 1462 2593 1645 2656; x_wconf 88' lang='lat' dir='ltr'>districtius</span> <span class='ocrx_word' id='word_1_210' title='bbox 1671 2593 1871 2667; x_wconf 84' lang='lat' dir='ltr'>inhibentes,</span> <span class='ocrx_word' id='word_1_211' title='bbox 1896 2611 1940 2655; x_wconf 91' lang='lat' dir='ltr'>ne</span> 
     </span>
     <span class='ocr_line' id='line_1_24' title="bbox 288 2689 1936 2769; baseline 0.001 -19"><span class='ocrx_word' id='word_1_212' title='bbox 288 2689 532 2767; x_wconf 67' lang='lat' dir='ltr'>predecessore</span> <span class='ocrx_word' id='word_1_213' title='bbox 547 2692 660 2751; x_wconf 91' lang='lat' dir='ltr'>nostro</span> <span class='ocrx_word' id='word_1_214' title='bbox 680 2689 830 2752; x_wconf 89' lang='lat' dir='ltr'>ecclesiae</span> <span class='ocrx_word' id='word_1_215' title='bbox 850 2694 969 2753; x_wconf 81' lang='lat' dir='ltr'>vestrae</span> <span class='ocrx_word' id='word_1_216' title='bbox 991 2707 1086 2754; x_wconf 89' lang='grc'><strong>6666-</strong></span> <span class='ocrx_word' id='word_1_217' title='bbox 1140 2689 1263 2766; x_wconf 87' lang='lat' dir='ltr'>aliquis</span> <span class='ocrx_word' id='word_1_218' title='bbox 1285 2705 1385 2768; x_wconf 88' lang='grc'><strong>66661</strong></span> <span class='ocrx_word' id='word_1_219' title='bbox 1406 2692 1615 2768; x_wconf 90' lang='lat' dir='ltr'>possessione</span> <span class='ocrx_word' id='word_1_220' title='bbox 1638 2689 1710 2769; x_wconf 91' lang='lat' dir='ltr'>ipsa</span> <span class='ocrx_word' id='word_1_221' title='bbox 1732 2707 1936 2769; x_wconf 78' lang='grc'><strong>166616166-</strong></span> 
     </span>
     <span class='ocr_line' id='line_1_25' title="bbox 286 2787 1939 2867; baseline 0 -17"><span class='ocrx_word' id='word_1_222' title='bbox 286 2789 375 2852; x_wconf 88' lang='lat' dir='ltr'>ritur</span> <span class='ocrx_word' id='word_1_223' title='bbox 397 2787 602 2857; x_wconf 83' lang='lat' dir='ltr'>confirmata,</span> <span class='ocrx_word' id='word_1_224' title='bbox 622 2803 696 2848; x_wconf 91' lang='lat' dir='ltr'>cum</span> <span class='ocrx_word' id='word_1_225' title='bbox 711 2787 850 2849; x_wconf 89' lang='lat' dir='ltr'>decimis</span> <span class='ocrx_word' id='word_1_226' title='bbox 864 2789 897 2849; x_wconf 90' lang='lat' dir='ltr'>et</span> <span class='ocrx_word' id='word_1_227' title='bbox 910 2787 986 2850; x_wconf 89' lang='lat' dir='ltr'>aliis</span> <span class='ocrx_word' id='word_1_228' title='bbox 1008 2805 1086 2866; x_wconf 89' lang='lat' dir='ltr'>per·</span> <span class='ocrx_word' id='word_1_229' title='bbox 1139 2789 1244 2849; x_wconf 91' lang='grc'><strong>616161</strong></span> <span class='ocrx_word' id='word_1_230' title='bbox 1258 2787 1446 2849; x_wconf 86' lang='lat' dir='ltr'>molestare.</span> <span class='ocrx_word' id='word_1_231' title='bbox 1461 2788 1663 2850; x_wconf 88' lang='lat' dir='ltr'>Undenobis</span> <span class='ocrx_word' id='word_1_232' title='bbox 1674 2789 1845 2850; x_wconf 89' lang='lat' dir='ltr'>humiliter</span> <span class='ocrx_word' id='word_1_233' title='bbox 1855 2805 1939 2867; x_wconf 90' lang='lat' dir='ltr'>sup-</span> 
     </span>
     <span class='ocr_line' id='line_1_26' title="bbox 286 2885 1939 2968; baseline 0.001 -21"><span class='ocrx_word' id='word_1_234' title='bbox 286 2885 468 2948; x_wconf 88' lang='lat' dir='ltr'>tinentibns</span> <span class='ocrx_word' id='word_1_235' title='bbox 492 2885 580 2956; x_wconf 89' lang='lat' dir='ltr'>suis,</span> <span class='ocrx_word' id='word_1_236' title='bbox 610 2886 643 2946; x_wconf 87' lang='lat' dir='ltr'>et</span> <span class='ocrx_word' id='word_1_237' title='bbox 668 2885 852 2946; x_wconf 88' lang='lat' dir='ltr'>decimasa</span> <span class='ocrx_word' id='word_1_238' title='bbox 877 2887 941 2963; x_wconf 86' lang='lat' dir='ltr'>piae</span> <span class='ocrx_word' id='word_1_239' title='bbox 968 2901 1084 2948; x_wconf 92' lang='lat' dir='ltr'>recor·</span> <span class='ocrx_word' id='word_1_240' title='bbox 1139 2885 1287 2962; x_wconf 86' lang='lat' dir='ltr'>plicaslis</span> <span class='ocrx_word' id='word_1_241' title='bbox 1314 2887 1350 2947; x_wconf 92' lang='lat' dir='ltr'>ut</span> <span class='ocrx_word' id='word_1_242' title='bbox 1373 2902 1453 2968; x_wconf 25' lang='lat' dir='ltr'>qnae·</span> <span class='ocrx_word' id='word_1_243' title='bbox 1470 2901 1530 2963; x_wconf 92' lang='grc'>661</span> <span class='ocrx_word' id='word_1_244' title='bbox 1556 2886 1661 2947; x_wconf 88' lang='grc'><strong>116166</strong></span> <span class='ocrx_word' id='word_1_245' title='bbox 1691 2887 1864 2964; x_wconf 91' lang='lat' dir='ltr'>episcopos</span> <span class='ocrx_word' id='word_1_246' title='bbox 1904 2889 1939 2949; x_wconf 90' lang='lat' dir='ltr'>et</span> 
     </span>
     <span class='ocr_line' id='line_1_27' title="bbox 287 2981 1934 3060; baseline 0.003 -18"><span class='ocrx_word' id='word_1_247' title='bbox 287 2983 469 3044; x_wconf 86' lang='lat' dir='ltr'>dationis...</span> <span class='ocrx_word' id='word_1_248' title='bbox 496 2982 705 3058; x_wconf 77' lang='lat' dir='ltr'>Erisingensi</span> <span class='ocrx_word' id='word_1_249' title='bbox 739 2982 893 3059; x_wconf 88' lang='lat' dir='ltr'>episcopo</span> <span class='ocrx_word' id='word_1_250' title='bbox 920 2983 960 3043; x_wconf 91' lang='lat' dir='ltr'>de</span> <span class='ocrx_word' id='word_1_251' title='bbox 986 2985 1082 3060; x_wconf 89' lang='lat' dir='ltr'>capi·</span> <span class='ocrx_word' id='word_1_252' title='bbox 1138 2981 1290 3044; x_wconf 86' lang='lat' dir='ltr'>abbatem</span> <span class='ocrx_word' id='word_1_253' title='bbox 1316 2997 1416 3060; x_wconf 90' lang='lat' dir='ltr'>super</span> <span class='ocrx_word' id='word_1_254' title='bbox 1433 2983 1497 3045; x_wconf 88' lang='grc'><strong>1166</strong></span> <span class='ocrx_word' id='word_1_255' title='bbox 1524 2985 1597 3044; x_wconf 87' lang='grc'><strong>6616</strong></span> <span class='ocrx_word' id='word_1_256' title='bbox 1621 2985 1709 3055; x_wconf 88' lang='grc'><strong>6661,</strong></span> <span class='ocrx_word' id='word_1_257' title='bbox 1733 2984 1934 3047; x_wconf 91' lang='lat' dir='ltr'>auctoritate</span> 
     </span>
     <span class='ocr_line' id='line_1_28' title="bbox 286 3080 1940 3159; baseline 0.001 -18"><span class='ocrx_word' id='word_1_258' title='bbox 286 3080 432 3141; x_wconf 90' lang='lat' dir='ltr'>tutorum</span> <span class='ocrx_word' id='word_1_259' title='bbox 461 3095 598 3140; x_wconf 91' lang='lat' dir='ltr'>suorum</span> <span class='ocrx_word' id='word_1_260' title='bbox 626 3095 766 3140; x_wconf 88' lang='lat' dir='ltr'>assensu</span> <span class='ocrx_word' id='word_1_261' title='bbox 797 3080 904 3142; x_wconf 87' lang='lat' dir='ltr'>eidem</span> <span class='ocrx_word' id='word_1_262' title='bbox 932 3080 1083 3142; x_wconf 87' lang='lat' dir='ltr'>ecclesiae</span> <span class='ocrx_word' id='word_1_263' title='bbox 1138 3080 1355 3155; x_wconf 82' lang='lat' dir='ltr'>dignaremur</span> <span class='ocrx_word' id='word_1_264' title='bbox 1367 3080 1734 3159; x_wconf 83' lang='lat' dir='ltr'>Apostolica&#39;roborare.</span> <span class='ocrx_word' id='word_1_265' title='bbox 1751 3083 1820 3143; x_wconf 92' lang='lat' dir='ltr'>Nos</span> <span class='ocrx_word' id='word_1_266' title='bbox 1832 3083 1940 3158; x_wconf 85' lang='lat' dir='ltr'>igitur</span> 
     </span>
     <span class='ocr_line' id='line_1_29' title="bbox 285 3175 1936 3257; baseline 0.002 -20"><span class='ocrx_word' id='word_1_267' title='bbox 285 3180 407 3239; x_wconf 88' lang='grc'><strong>1661166</strong></span> <span class='ocrx_word' id='word_1_268' title='bbox 430 3175 579 3247; x_wconf 89' lang='grc'><strong>66116166,</strong></span> <span class='ocrx_word' id='word_1_269' title='bbox 597 3177 721 3252; x_wconf 88' lang='lat' dir='ltr'>praedia</span> <span class='ocrx_word' id='word_1_270' title='bbox 737 3177 874 3252; x_wconf 92' lang='lat' dir='ltr'>insuper</span> <span class='ocrx_word' id='word_1_271' title='bbox 888 3177 922 3236; x_wconf 95' lang='lat' dir='ltr'>in</span> <span class='ocrx_word' id='word_1_272' title='bbox 941 3177 1035 3238; x_wconf 82' lang='lat' dir='ltr'>Elvin</span> <span class='ocrx_word' id='word_1_273' title='bbox 1051 3180 1084 3238; x_wconf 92' lang='grc'>61</span> <span class='ocrx_word' id='word_1_274' title='bbox 1138 3179 1258 3239; x_wconf 88' lang='grc'><strong>1661116</strong></span> <span class='ocrx_word' id='word_1_275' title='bbox 1271 3179 1371 3256; x_wconf 85' lang='lat' dir='ltr'>justis</span> <span class='ocrx_word' id='word_1_276' title='bbox 1387 3177 1539 3256; x_wconf 90' lang='lat' dir='ltr'>precibus</span> <span class='ocrx_word' id='word_1_277' title='bbox 1561 3179 1724 3251; x_wconf 89' lang='lat' dir='ltr'>inclinati,</span> <span class='ocrx_word' id='word_1_278' title='bbox 1745 3179 1936 3257; x_wconf 85' lang='lat' dir='ltr'>hujusmodi</span> 
     </span>
     <span class='ocr_line' id='line_1_30' title="bbox 287 3273 1939 3351; baseline 0.003 -17"><span class='ocrx_word' id='word_1_279' title='bbox 287 3274 418 3335; x_wconf 82' lang='lat' dir='ltr'>Graben</span> <span class='ocrx_word' id='word_1_280' title='bbox 447 3289 465 3334; x_wconf 91' lang='grc'>6</span> <span class='ocrx_word' id='word_1_281' title='bbox 494 3273 695 3349; x_wconf 89' lang='lat' dir='ltr'>quondam...</span> <span class='ocrx_word' id='word_1_282' title='bbox 713 3273 825 3334; x_wconf 92' lang='lat' dir='ltr'>comiti</span> <span class='ocrx_word' id='word_1_283' title='bbox 845 3273 972 3341; x_wconf 83' lang='lat' dir='ltr'>Aliensi</span> <span class='ocrx_word' id='word_1_284' title='bbox 997 3281 1029 3336; x_wconf 88' lang='grc'>61</span> <span class='ocrx_word' id='word_1_285' title='bbox 1047 3277 1083 3336; x_wconf 93' lang='grc'>16</span> <span class='ocrx_word' id='word_1_286' title='bbox 1138 3291 1328 3351; x_wconf 89' lang='lat' dir='ltr'>processum</span> <span class='ocrx_word' id='word_1_287' title='bbox 1350 3291 1476 3343; x_wconf 91' lang='lat' dir='ltr'>eorum,</span> <span class='ocrx_word' id='word_1_288' title='bbox 1500 3275 1585 3337; x_wconf 89' lang='lat' dir='ltr'>sicut</span> <span class='ocrx_word' id='word_1_289' title='bbox 1605 3275 1815 3338; x_wconf 90' lang='lat' dir='ltr'>rationabilis</span> <span class='ocrx_word' id='word_1_290' title='bbox 1830 3280 1883 3339; x_wconf 91' lang='grc'>661</span> <span class='ocrx_word' id='word_1_291' title='bbox 1904 3279 1939 3339; x_wconf 89' lang='grc'>61</span> 
     </span>
     <span class='ocr_line' id='line_1_31' title="bbox 285 3370 1937 3450; baseline 0.004 -20"><span class='ocrx_word' id='word_1_292' title='bbox 285 3370 469 3448; x_wconf 87' lang='lat' dir='ltr'>Vilpacha</span> <span class='ocrx_word' id='word_1_293' title='bbox 507 3370 672 3446; x_wconf 90' lang='lat' dir='ltr'>quondam</span> <span class='ocrx_word' id='word_1_294' title='bbox 701 3370 871 3432; x_wconf 90' lang='grc' dir='ltr'><strong>Η61111166</strong></span> <span class='ocrx_word' id='word_1_295' title='bbox 900 3387 975 3431; x_wconf 90' lang='grc'><strong>6616</strong></span> <span class='ocrx_word' id='word_1_296' title='bbox 1006 3371 1083 3432; x_wconf 90' lang='grc'><strong>61116</strong></span> <span class='ocrx_word' id='word_1_297' title='bbox 1137 3373 1304 3448; x_wconf 84' lang='grc'><strong>61611116,</strong></span> <span class='ocrx_word' id='word_1_298' title='bbox 1323 3373 1521 3435; x_wconf 87' lang='grc'><strong>66616111616</strong></span> <span class='ocrx_word' id='word_1_299' title='bbox 1540 3374 1729 3450; x_wconf 71' lang='lat' dir='ltr'>apostolica</span> <span class='ocrx_word' id='word_1_300' title='bbox 1751 3375 1937 3437; x_wconf 85' lang='lat' dir='ltr'>conflrma-</span> 
     </span>
     <span class='ocr_line' id='line_1_32' title="bbox 288 3467 1939 3548; baseline 0.004 -20"><span class='ocrx_word' id='word_1_301' title='bbox 288 3467 423 3544; x_wconf 88' lang='lat' dir='ltr'>praediis</span> <span class='ocrx_word' id='word_1_302' title='bbox 438 3467 474 3528; x_wconf 92' lang='lat' dir='ltr'>in</span> <span class='ocrx_word' id='word_1_303' title='bbox 496 3467 626 3538; x_wconf 82' lang='lat' dir='ltr'>Gurtin,</span> <span class='ocrx_word' id='word_1_304' title='bbox 642 3467 678 3526; x_wconf 93' lang='grc'>16</span> <span class='ocrx_word' id='word_1_305' title='bbox 693 3467 877 3542; x_wconf 88' lang='lat' dir='ltr'>Mulperch,</span> <span class='ocrx_word' id='word_1_306' title='bbox 891 3468 926 3528; x_wconf 94' lang='lat' dir='ltr'>in</span> <span class='ocrx_word' id='word_1_307' title='bbox 942 3471 1080 3540; x_wconf 86' lang='lat' dir='ltr'>Howen,</span> <span class='ocrx_word' id='word_1_308' title='bbox 1138 3485 1210 3530; x_wconf 92' lang='lat' dir='ltr'>mus</span> <span class='ocrx_word' id='word_1_309' title='bbox 1236 3471 1268 3531; x_wconf 95' lang='lat' dir='ltr'>et</span> <span class='ocrx_word' id='word_1_310' title='bbox 1287 3471 1460 3546; x_wconf 86' lang='lat' dir='ltr'>praesentis</span> <span class='ocrx_word' id='word_1_311' title='bbox 1491 3473 1605 3548; x_wconf 90' lang='lat' dir='ltr'>scripti</span> <span class='ocrx_word' id='word_1_312' title='bbox 1632 3471 1817 3548; x_wconf 89' lang='lat' dir='ltr'>patrocinio</span> <span class='ocrx_word' id='word_1_313' title='bbox 1843 3489 1939 3535; x_wconf 91' lang='lat' dir='ltr'>com-</span> 
     </span>
     <span class='ocr_line' id='line_1_33' title="bbox 289 3564 1936 3645; baseline 0.003 -18"><span class='ocrx_word' id='word_1_314' title='bbox 289 3564 1084 3642; x_wconf 68' lang='grc' dir='ltr'><strong>16Ρ616611616661161166666611,16Η6166163</strong></span> <span class='ocrx_word' id='word_1_315' title='bbox 1137 3568 1313 3628; x_wconf 87' lang='lat' dir='ltr'>munimus.</span> <span class='ocrx_word' id='word_1_316' title='bbox 1338 3567 1428 3628; x_wconf 91' lang='lat' dir='ltr'>Nulli</span> <span class='ocrx_word' id='word_1_317' title='bbox 1450 3584 1541 3645; x_wconf 83' lang='lat' dir='ltr'>erge,</span> <span class='ocrx_word' id='word_1_318' title='bbox 1559 3571 1619 3630; x_wconf 93' lang='grc'><strong>616.</strong></span> <span class='ocrx_word' id='word_1_319' title='bbox 1643 3571 1761 3630; x_wconf 90' lang='lat' dir='ltr'>Datum</span> <span class='ocrx_word' id='word_1_320' title='bbox 1778 3571 1936 3632; x_wconf 89' lang='lat' dir='ltr'>Laterani</span> 
     </span>
     <span class='ocr_line' id='line_1_34' title="bbox 292 3660 1935 3741; baseline 0.003 -17"><span class='ocrx_word' id='word_1_321' title='bbox 292 3661 484 3737; x_wconf 79' lang='lat' dir='ltr'>Urinering,</span> <span class='ocrx_word' id='word_1_322' title='bbox 514 3660 777 3737; x_wconf 83' lang='lat' dir='ltr'>Antbriesgurch</span> <span class='ocrx_word' id='word_1_323' title='bbox 807 3663 899 3723; x_wconf 91' lang='lat' dir='ltr'>etin</span> <span class='ocrx_word' id='word_1_324' title='bbox 927 3663 1080 3735; x_wconf 89' lang='lat' dir='ltr'>Bavaria,</span> <span class='ocrx_word' id='word_1_325' title='bbox 1137 3662 1367 3740; x_wconf 71' lang='lat' dir='ltr'>Xllralapril.</span> <span class='ocrx_word' id='word_1_326' title='bbox 1385 3666 1935 3741; x_wconf 84' lang='lat' dir='ltr'>pontificatusnostriannotertio.</span> 
     </span>
     <span class='ocr_line' id='line_1_35' title="bbox 286 3758 1935 3839; baseline 0.001 -18"><span class='ocrx_word' id='word_1_327' title='bbox 286 3759 422 3822; x_wconf 78' lang='lat' dir='ltr'>dustria</span> <span class='ocrx_word' id='word_1_328' title='bbox 443 3759 476 3820; x_wconf 93' lang='lat' dir='ltr'>et</span> <span class='ocrx_word' id='word_1_329' title='bbox 496 3758 659 3829; x_wconf 89' lang='lat' dir='ltr'>Marobia,</span> <span class='ocrx_word' id='word_1_330' title='bbox 675 3773 817 3819; x_wconf 89' lang='lat' dir='ltr'>necnon</span> <span class='ocrx_word' id='word_1_331' title='bbox 837 3776 912 3821; x_wconf 91' lang='grc'>666</span> <span class='ocrx_word' id='word_1_332' title='bbox 933 3759 1081 3833; x_wconf 90' lang='lat' dir='ltr'>decimis,</span> <span class='ocrx_word' id='word_1_333' title='bbox 1179 3760 1342 3838; x_wconf 88' lang='lat' dir='ltr'>Scriptum</span> <span class='ocrx_word' id='word_1_334' title='bbox 1357 3764 1408 3823; x_wconf 90' lang='lat' dir='ltr'>est</span> <span class='ocrx_word' id='word_1_335' title='bbox 1421 3778 1521 3839; x_wconf 90' lang='lat' dir='ltr'>super</span> <span class='ocrx_word' id='word_1_336' title='bbox 1530 3762 1593 3824; x_wconf 89' lang='lat' dir='ltr'>boc</span> <span class='ocrx_word' id='word_1_337' title='bbox 1603 3763 1935 3825; x_wconf 78' lang='lat' dir='ltr'>conservatoribus...</span> 
     </span>
     <span class='ocr_line' id='line_1_36' title="bbox 286 3855 1935 3936; baseline 0.002 -18"><span class='ocrx_word' id='word_1_338' title='bbox 286 3856 481 3928; x_wconf 88' lang='lat' dir='ltr'>redditibus,</span> <span class='ocrx_word' id='word_1_339' title='bbox 498 3857 639 3929; x_wconf 88' lang='lat' dir='ltr'>mandis,</span> <span class='ocrx_word' id='word_1_340' title='bbox 670 3855 878 3920; x_wconf 86' lang='lat' dir='ltr'>libertatibus</span> <span class='ocrx_word' id='word_1_341' title='bbox 902 3859 1000 3936; x_wconf 86' lang='lat' dir='ltr'>atque</span> <span class='ocrx_word' id='word_1_342' title='bbox 1013 3859 1082 3919; x_wconf 93' lang='grc'>16-</span> <span class='ocrx_word' id='word_1_343' title='bbox 1138 3859 1935 3936; x_wconf 82' lang='lat' dir='ltr'>praepositoTolonen.etlsnard0canoniilegen.</span> 
     </span>
     <span class='ocr_line' id='line_1_37' title="bbox 287 3953 1936 4032; baseline 0.002 -17"><span class='ocrx_word' id='word_1_344' title='bbox 287 3954 504 4018; x_wconf 90' lang='lat' dir='ltr'>munitatibus</span> <span class='ocrx_word' id='word_1_345' title='bbox 520 3953 561 4015; x_wconf 91' lang='lat' dir='ltr'>ab</span> <span class='ocrx_word' id='word_1_346' title='bbox 581 3953 731 4016; x_wconf 75' lang='lat' dir='ltr'>ecclesiae</span> <span class='ocrx_word' id='word_1_347' title='bbox 756 3955 1007 4032; x_wconf 82' lang='lat' dir='ltr'>salzburgensis</span> <span class='ocrx_word' id='word_1_348' title='bbox 1026 3971 1084 4017; x_wconf 88' lang='lat' dir='ltr'>ar-</span> <span class='ocrx_word' id='word_1_349' title='bbox 1138 3955 1336 4028; x_wconf 82' lang='lat' dir='ltr'>(laudemus,</span> <span class='ocrx_word' id='word_1_350' title='bbox 1346 3958 1421 4028; x_wconf 86' lang='grc'><strong>616,</strong></span> <span class='ocrx_word' id='word_1_351' title='bbox 1436 3971 1543 4031; x_wconf 82' lang='grc'><strong>166116</strong></span> <span class='ocrx_word' id='word_1_352' title='bbox 1554 3957 1712 4019; x_wconf 89' lang='lat' dir='ltr'>roborare</span> <span class='ocrx_word' id='word_1_353' title='bbox 1723 3957 1833 4020; x_wconf 80' lang='lat' dir='ltr'>verbis</span> <span class='ocrx_word' id='word_1_354' title='bbox 1847 3975 1936 4020; x_wconf 93' lang='lat' dir='ltr'>com·</span> 
     </span>
     <span class='ocr_line' id='line_1_38' title="bbox 288 4051 1937 4132; baseline 0.002 -20"><span class='ocrx_word' id='word_1_355' title='bbox 288 4051 510 4129; x_wconf 88' lang='lat' dir='ltr'>cbiepiscopis</span> <span class='ocrx_word' id='word_1_356' title='bbox 527 4051 657 4112; x_wconf 85' lang='lat' dir='ltr'>eclesiae</span> <span class='ocrx_word' id='word_1_357' title='bbox 670 4054 789 4113; x_wconf 81' lang='lat' dir='ltr'>nestrae</span> <span class='ocrx_word' id='word_1_358' title='bbox 802 4054 982 4126; x_wconf 89' lang='lat' dir='ltr'>concessis,</span> <span class='ocrx_word' id='word_1_359' title='bbox 998 4055 1083 4117; x_wconf 90' lang='lat' dir='ltr'>sicut</span> <span class='ocrx_word' id='word_1_360' title='bbox 1118 4102 1121 4108; x_wconf 77' lang='lat'>,</span> <span class='ocrx_word' id='word_1_361' title='bbox 1138 4055 1286 4130; x_wconf 88' lang='lat' dir='ltr'>patenter</span> <span class='ocrx_word' id='word_1_362' title='bbox 1300 4055 1446 4115; x_wconf 89' lang='lat' dir='ltr'>mutatis.</span> <span class='ocrx_word' id='word_1_363' title='bbox 1471 4055 1539 4116; x_wconf 92' lang='lat' dir='ltr'>Nos</span> <span class='ocrx_word' id='word_1_364' title='bbox 1566 4055 1668 4131; x_wconf 82' lang='lat' dir='ltr'>igitur</span> <span class='ocrx_word' id='word_1_365' title='bbox 1693 4069 1807 4116; x_wconf 91' lang='lat' dir='ltr'>eorum</span> <span class='ocrx_word' id='word_1_366' title='bbox 1832 4057 1937 4132; x_wconf 83' lang='lat' dir='ltr'>justis</span> 
     </span>
     <span class='ocr_line' id='line_1_39' title="bbox 287 4147 1934 4228; baseline 0.001 -18"><span class='ocrx_word' id='word_1_367' title='bbox 287 4164 326 4210; x_wconf 90' lang='lat' dir='ltr'>ea</span> <span class='ocrx_word' id='word_1_368' title='bbox 343 4148 455 4210; x_wconf 91' lang='lat' dir='ltr'>omnia</span> <span class='ocrx_word' id='word_1_369' title='bbox 477 4147 592 4208; x_wconf 90' lang='lat' dir='ltr'>eadem</span> <span class='ocrx_word' id='word_1_370' title='bbox 612 4148 755 4209; x_wconf 89' lang='lat' dir='ltr'>ecclesia</span> <span class='ocrx_word' id='word_1_371' title='bbox 773 4151 863 4224; x_wconf 82' lang='lat' dir='ltr'>juste</span> <span class='ocrx_word' id='word_1_372' title='bbox 883 4165 922 4210; x_wconf 90' lang='lat' dir='ltr'>ac</span> <span class='ocrx_word' id='word_1_373' title='bbox 947 4151 1083 4226; x_wconf 87' lang='grc'><strong>6661166</strong></span> <span class='ocrx_word' id='word_1_374' title='bbox 1138 4150 1934 4228; x_wconf 87' lang='lat' dir='ltr'>precibusinclinati,bujusmodiprocessum,etc.</span> 
     </span>
     <span class='ocr_line' id='line_1_40' title="bbox 288 4244 1934 4325; baseline 0.002 -19"><span class='ocrx_word' id='word_1_375' title='bbox 288 4246 445 4324; x_wconf 91' lang='lat' dir='ltr'>possidet,</span> <span class='ocrx_word' id='word_1_376' title='bbox 470 4247 504 4308; x_wconf 91' lang='lat' dir='ltr'>et</span> <span class='ocrx_word' id='word_1_377' title='bbox 531 4244 566 4306; x_wconf 94' lang='lat' dir='ltr'>in</span> <span class='ocrx_word' id='word_1_378' title='bbox 601 4244 864 4321; x_wconf 87' lang='lat' dir='ltr'>supradictorum</span> <span class='ocrx_word' id='word_1_379' title='bbox 894 4248 1083 4325; x_wconf 87' lang='lat' dir='ltr'>archiepis·</span> <span class='ocrx_word' id='word_1_380' title='bbox 1138 4247 1298 4318; x_wconf 86' lang='lat' dir='ltr'>Quocirca</span> <span class='ocrx_word' id='word_1_381' title='bbox 1321 4247 1514 4309; x_wconf 90' lang='lat' dir='ltr'>discretioni</span> <span class='ocrx_word' id='word_1_382' title='bbox 1535 4251 1654 4310; x_wconf 85' lang='lat' dir='ltr'>vestrae</span> <span class='ocrx_word' id='word_1_383' title='bbox 1670 4263 1729 4325; x_wconf 89' lang='lat' dir='ltr'>per</span> <span class='ocrx_word' id='word_1_384' title='bbox 1743 4249 1934 4325; x_wconf 86' lang='lat' dir='ltr'>Apostolica</span> 
     </span>
     <span class='ocr_line' id='line_1_41' title="bbox 287 4342 1934 4424; baseline 0.002 -19"><span class='ocrx_word' id='word_1_385' title='bbox 287 4360 446 4421; x_wconf 91' lang='lat' dir='ltr'>coporum</span> <span class='ocrx_word' id='word_1_386' title='bbox 477 4343 598 4404; x_wconf 92' lang='lat' dir='ltr'>litteris</span> <span class='ocrx_word' id='word_1_387' title='bbox 624 4342 823 4413; x_wconf 89' lang='lat' dir='ltr'>continetur,</span> <span class='ocrx_word' id='word_1_388' title='bbox 848 4343 941 4405; x_wconf 84' lang='lat' dir='ltr'>vobis</span> <span class='ocrx_word' id='word_1_389' title='bbox 967 4348 1002 4408; x_wconf 92' lang='lat' dir='ltr'>et</span> <span class='ocrx_word' id='word_1_390' title='bbox 1024 4363 1084 4424; x_wconf 88' lang='lat' dir='ltr'>per</span> <span class='ocrx_word' id='word_1_391' title='bbox 1137 4343 1261 4418; x_wconf 86' lang='lat' dir='ltr'>scripta</span> <span class='ocrx_word' id='word_1_392' title='bbox 1289 4345 1494 4415; x_wconf 88' lang='lat' dir='ltr'>mandamus,</span> <span class='ocrx_word' id='word_1_393' title='bbox 1526 4347 1690 4422; x_wconf 85' lang='lat' dir='ltr'>quatenus</span> <span class='ocrx_word' id='word_1_394' title='bbox 1714 4361 1802 4424; x_wconf 90' lang='lat' dir='ltr'>saepe</span> <span class='ocrx_word' id='word_1_395' title='bbox 1826 4346 1934 4409; x_wconf 91' lang='lat' dir='ltr'>dictos</span> 
     </span>
     <span class='ocr_line' id='line_1_42' title="bbox 287 4440 1934 4520; baseline 0.004 -20"><span class='ocrx_word' id='word_1_396' title='bbox 287 4457 346 4501; x_wconf 88' lang='grc'>166</span> <span class='ocrx_word' id='word_1_397' title='bbox 363 4441 425 4517; x_wconf 87' lang='grc'><strong>1661</strong></span> <span class='ocrx_word' id='word_1_398' title='bbox 439 4441 590 4502; x_wconf 80' lang='grc'><strong>66616616</strong></span> <span class='ocrx_word' id='word_1_399' title='bbox 607 4441 727 4501; x_wconf 82' lang='lat' dir='ltr'>vestrae</span> <span class='ocrx_word' id='word_1_400' title='bbox 737 4440 934 4503; x_wconf 87' lang='lat' dir='ltr'>anctoritate</span> <span class='ocrx_word' id='word_1_401' title='bbox 949 4445 1084 4519; x_wconf 79' lang='grc'><strong>166616-</strong></span> <span class='ocrx_word' id='word_1_402' title='bbox 1139 4440 1289 4502; x_wconf 91' lang='lat' dir='ltr'>abbatem</span> <span class='ocrx_word' id='word_1_403' title='bbox 1305 4441 1337 4502; x_wconf 92' lang='lat' dir='ltr'>et</span> <span class='ocrx_word' id='word_1_404' title='bbox 1349 4443 1546 4504; x_wconf 87' lang='lat' dir='ltr'>conventum</span> <span class='ocrx_word' id='word_1_405' title='bbox 1560 4458 1660 4520; x_wconf 89' lang='lat' dir='ltr'>super</span> <span class='ocrx_word' id='word_1_406' title='bbox 1672 4444 1852 4520; x_wconf 89' lang='lat' dir='ltr'>praemissis</span> <span class='ocrx_word' id='word_1_407' title='bbox 1865 4461 1934 4506; x_wconf 91' lang='lat' dir='ltr'>non</span> 
     </span>
     <span class='ocr_line' id='line_1_43' title="bbox 287 4537 1936 4616; baseline 0.003 -19"><span class='ocrx_word' id='word_1_408' title='bbox 287 4538 353 4599; x_wconf 89' lang='lat' dir='ltr'>lica</span> <span class='ocrx_word' id='word_1_409' title='bbox 368 4538 602 4599; x_wconf 86' lang='grc'><strong>6661166666</strong></span> <span class='ocrx_word' id='word_1_410' title='bbox 615 4539 648 4599; x_wconf 89' lang='grc'>61</span> <span class='ocrx_word' id='word_1_411' title='bbox 658 4537 832 4613; x_wconf 76' lang='lat' dir='ltr'>praesentis</span> <span class='ocrx_word' id='word_1_412' title='bbox 845 4539 959 4615; x_wconf 90' lang='lat' dir='ltr'>scripti</span> <span class='ocrx_word' id='word_1_413' title='bbox 970 4541 1085 4616; x_wconf 86' lang='lat' dir='ltr'>patro-</span> <span class='ocrx_word' id='word_1_414' title='bbox 1138 4537 1336 4615; x_wconf 90' lang='lat' dir='ltr'>permittatis</span> <span class='ocrx_word' id='word_1_415' title='bbox 1363 4541 1477 4601; x_wconf 90' lang='lat' dir='ltr'>contra</span> <span class='ocrx_word' id='word_1_416' title='bbox 1519 4542 1641 4600; x_wconf 84' lang='lat' dir='ltr'>nostrae</span> <span class='ocrx_word' id='word_1_417' title='bbox 1672 4541 1936 4603; x_wconf 84' lang='lat' dir='ltr'>confirmationis</span> 
     </span>
     <span class='ocr_line' id='line_1_44' title="bbox 288 4634 1932 4715; baseline 0.003 -20"><span class='ocrx_word' id='word_1_418' title='bbox 288 4634 377 4695; x_wconf 92' lang='grc'><strong>61616</strong></span> <span class='ocrx_word' id='word_1_419' title='bbox 393 4635 645 4696; x_wconf 89' lang='lat' dir='ltr'>communimus.</span> <span class='ocrx_word' id='word_1_420' title='bbox 659 4634 751 4695; x_wconf 91' lang='lat' dir='ltr'>Nulli</span> <span class='ocrx_word' id='word_1_421' title='bbox 771 4650 862 4710; x_wconf 82' lang='lat' dir='ltr'>ergo,</span> <span class='ocrx_word' id='word_1_422' title='bbox 878 4637 940 4697; x_wconf 88' lang='lat' dir='ltr'>etc.</span> <span class='ocrx_word' id='word_1_423' title='bbox 960 4638 1083 4715; x_wconf 85' lang='lat' dir='ltr'>Siquis</span> <span class='ocrx_word' id='word_1_424' title='bbox 1138 4639 1285 4698; x_wconf 88' lang='lat' dir='ltr'>tenorem</span> <span class='ocrx_word' id='word_1_425' title='bbox 1312 4636 1353 4697; x_wconf 87' lang='lat' dir='ltr'>ab</span> <span class='ocrx_word' id='word_1_426' title='bbox 1381 4636 1548 4714; x_wconf 87' lang='lat' dir='ltr'>aliquibus</span> <span class='ocrx_word' id='word_1_427' title='bbox 1579 4637 1727 4700; x_wconf 88' lang='lat' dir='ltr'>indebite</span> <span class='ocrx_word' id='word_1_428' title='bbox 1747 4637 1932 4700; x_wconf 88' lang='lat' dir='ltr'>molestari.</span> 
     </span>
     <span class='ocr_line' id='line_1_45' title="bbox 289 4731 1933 4813; baseline 0.002 -20"><span class='ocrx_word' id='word_1_429' title='bbox 289 4735 412 4802; x_wconf 87' lang='lat' dir='ltr'>autem,</span> <span class='ocrx_word' id='word_1_430' title='bbox 426 4732 489 4792; x_wconf 91' lang='lat' dir='ltr'>etc.</span> <span class='ocrx_word' id='word_1_431' title='bbox 499 4731 617 4792; x_wconf 87' lang='lat' dir='ltr'>Datum</span> <span class='ocrx_word' id='word_1_432' title='bbox 638 4731 795 4792; x_wconf 83' lang='lat' dir='ltr'>Laterani</span> <span class='ocrx_word' id='word_1_433' title='bbox 810 4733 869 4793; x_wconf 87' lang='lat' dir='ltr'>XV</span> <span class='ocrx_word' id='word_1_434' title='bbox 883 4733 949 4794; x_wconf 83' lang='lat' dir='ltr'>kal.</span> <span class='ocrx_word' id='word_1_435' title='bbox 967 4737 1084 4813; x_wconf 87' lang='lat' dir='ltr'>aprilis</span> <span class='ocrx_word' id='word_1_436' title='bbox 1138 4735 1367 4796; x_wconf 86' lang='lat' dir='ltr'>Molestatores</span> <span class='ocrx_word' id='word_1_437' title='bbox 1380 4750 1495 4797; x_wconf 90' lang='lat' dir='ltr'>eorum</span> <span class='ocrx_word' id='word_1_438' title='bbox 1506 4733 1670 4796; x_wconf 91' lang='lat' dir='ltr'>indebitos</span> <span class='ocrx_word' id='word_1_439' title='bbox 1686 4751 1745 4812; x_wconf 92' lang='lat' dir='ltr'>per</span> <span class='ocrx_word' id='word_1_440' title='bbox 1757 4750 1933 4798; x_wconf 90' lang='lat' dir='ltr'>censuram</span> 
     </span>
     <span class='ocr_line' id='line_1_46' title="bbox 289 4827 1938 4909; baseline 0.002 -19"><span class='ocrx_word' id='word_1_441' title='bbox 289 4829 499 4908; x_wconf 84' lang='lat' dir='ltr'>pontificatus</span> <span class='ocrx_word' id='word_1_442' title='bbox 512 4827 617 4888; x_wconf 87' lang='lat' dir='ltr'>nostri</span> <span class='ocrx_word' id='word_1_443' title='bbox 632 4843 721 4890; x_wconf 90' lang='lat' dir='ltr'>anno</span> <span class='ocrx_word' id='word_1_444' title='bbox 735 4829 844 4890; x_wconf 86' lang='lat' dir='ltr'>tertio.</span> <span class='ocrx_word' id='word_1_445' title='bbox 1139 4831 1397 4893; x_wconf 87' lang='lat' dir='ltr'>ecclesiasticam</span> <span class='ocrx_word' id='word_1_446' title='bbox 1408 4832 1631 4909; x_wconf 88' lang='lat' dir='ltr'>appellatione</span> <span class='ocrx_word' id='word_1_447' title='bbox 1647 4833 1829 4909; x_wconf 89' lang='lat' dir='ltr'>postposita</span> <span class='ocrx_word' id='word_1_448' title='bbox 1844 4849 1938 4894; x_wconf 90' lang='lat' dir='ltr'>com-</span> 
     </span>
     <span class='ocr_line' id='line_1_47' title="bbox 609 4930 1627 5058; baseline 0.001 -69"><span class='ocrx_word' id='word_1_449' title='bbox 609 4969 768 5058; x_wconf 72' lang='lat' dir='ltr'>CLVIH</span> <span class='ocrx_word' id='word_1_450' title='bbox 1140 4930 1319 5006; x_wconf 82' lang='lat' dir='ltr'>pascentes.</span> <span class='ocrx_word' id='word_1_451' title='bbox 1335 4931 1451 4991; x_wconf 88' lang='lat' dir='ltr'>Datum</span> <span class='ocrx_word' id='word_1_452' title='bbox 1468 4931 1627 5006; x_wconf 89' lang='lat' dir='ltr'>utsupra.</span> 
     </span>
    </p>
   </div>
   <div class='ocr_carea' id='block_1_3' title="bbox 289 5061 1593 5162">
    <p class='ocr_par' dir='ltr' id='par_1_3' title="bbox 289 5061 1593 5162">
     <span class='ocr_line' id='line_1_48' title="bbox 289 5061 1593 5162; baseline 0.001 -4"><span class='ocrx_word' id='word_1_453' title='bbox 289 5097 339 5158; x_wconf 83' lang='lat' dir='ltr'>Act</span> <span class='ocrx_word' id='word_1_454' title='bbox 353 5095 507 5158; x_wconf 80' lang='lat' dir='ltr'>abbatom</span> <span class='ocrx_word' id='word_1_455' title='bbox 524 5093 558 5155; x_wconf 87' lang='lat' dir='ltr'>et</span> <span class='ocrx_word' id='word_1_456' title='bbox 576 5096 780 5156; x_wconf 83' lang='grc'><strong>6666661616</strong></span> <span class='ocrx_word' id='word_1_457' title='bbox 800 5097 918 5158; x_wconf 75' lang='lat' dir='ltr'>soluti</span> <span class='ocrx_word' id='word_1_458' title='bbox 943 5101 1086 5162; x_wconf 80' lang='lat' dir='ltr'>Victoris</span> <span class='ocrx_word' id='word_1_459' title='bbox 1476 5061 1593 5150; x_wconf 74' lang='lat' dir='ltr'>CLIX</span> 
     </span>
    </p>
   </div>
   <div class='ocr_carea' id='block_1_4' title="bbox 568 5187 1835 5364">
    <p class='ocr_par' dir='ltr' id='par_1_4' title="bbox 568 5187 1835 5364">
     <span class='ocr_line' id='line_1_49' title="bbox 568 5187 1835 5258; baseline -0.003 -6"><span class='ocrx_word' id='word_1_460' title='bbox 568 5194 805 5254; x_wconf 78' lang='lat' dir='ltr'>Massiliensis.</span> <span class='ocrx_word' id='word_1_461' title='bbox 1239 5187 1292 5245; x_wconf 83' lang='lat' dir='ltr'>Ad</span> <span class='ocrx_word' id='word_1_462' title='bbox 1313 5187 1469 5258; x_wconf 81' lang='lat' dir='ltr'>priorem</span> <span class='ocrx_word' id='word_1_463' title='bbox 1493 5190 1642 5250; x_wconf 79' lang='grc'><strong>66616616</strong></span> <span class='ocrx_word' id='word_1_464' title='bbox 1662 5190 1697 5250; x_wconf 77' lang='lat' dir='ltr'>s.</span> <span class='ocrx_word' id='word_1_465' title='bbox 1723 5189 1835 5251; x_wconf 82' lang='lat' dir='ltr'>Petri.</span> 
     </span>
     <span class='ocr_line' id='line_1_50' title="bbox 574 5280 1656 5364; baseline -0.015 -7"><span class='ocrx_word' id='word_1_466' title='bbox 574 5303 610 5364; x_wconf 50' lang='lat'>22¹</span> <span class='ocrx_word' id='word_1_467' title='bbox 627 5311 709 5361; x_wconf 73' lang='lat' dir='ltr'>mart.</span> <span class='ocrx_word' id='word_1_468' title='bbox 727 5305 805 5362; x_wconf 72' lang='lat'>4219,</span> <span class='ocrx_word' id='word_1_469' title='bbox 1419 5280 1454 5338; x_wconf 76' lang='grc'>16</span> <span class='ocrx_word' id='word_1_470' title='bbox 1472 5289 1555 5340; x_wconf 77' lang='lat' dir='ltr'>mart</span> <span class='ocrx_word' id='word_1_471' title='bbox 1576 5283 1656 5342; x_wconf 77' lang='lat' dir='ltr'>llll).</span> 
     </span>
    </p>
   </div>
   <div class='ocr_carea' id='block_1_5' title="bbox 323 5364 1905 5473">
    <p class='ocr_par' dir='ltr' id='par_1_5' title="bbox 323 5364 1905 5473">
     <span class='ocr_line' id='line_1_51' title="bbox 323 5364 1905 5473; baseline -0.011 -17"><span class='ocrx_word' id='word_1_472' title='bbox 323 5401 1054 5473; x_wconf 68' lang='grc'><strong>[6661161666161666.66166616616</strong></span> <span class='ocrx_word' id='word_1_473' title='bbox 1173 5364 1905 5438; x_wconf 53' lang='grc' dir='ltr'><strong>[ΤΜΜΜ-1111·101111111101111611111711</strong></span> 
     </span>
    </p>
   </div>
   <div class='ocr_carea' id='block_1_6' title="bbox 292 5605 1936 5797">
    <p class='ocr_par' dir='ltr' id='par_1_6' title="bbox 292 5605 1936 5797">
     <span class='ocr_line' id='line_1_52' title="bbox 332 5605 1825 5683; baseline 0.005 -12"><span class='ocrx_word' id='word_1_474' title='bbox 332 5609 509 5680; x_wconf 88' lang='lat' dir='ltr'>Honorius,</span> <span class='ocrx_word' id='word_1_475' title='bbox 540 5609 614 5680; x_wconf 84' lang='grc'><strong>616,</strong></span> <span class='ocrx_word' id='word_1_476' title='bbox 643 5609 771 5671; x_wconf 89' lang='grc'><strong>11166116</strong></span> <span class='ocrx_word' id='word_1_477' title='bbox 800 5605 878 5670; x_wconf 85' lang='lat' dir='ltr'>tiliis</span> <span class='ocrx_word' id='word_1_478' title='bbox 916 5609 1024 5676; x_wconf 89' lang='lat' dir='ltr'>abbati</span> <span class='ocrx_word' id='word_1_479' title='bbox 1055 5617 1095 5676; x_wconf 88' lang='grc'>61</span> <span class='ocrx_word' id='word_1_480' title='bbox 1118 5671 1121 5676; x_wconf 80' lang='grc'><strong>,</strong></span> <span class='ocrx_word' id='word_1_481' title='bbox 1176 5615 1316 5673; x_wconf 73' lang='lat' dir='ltr'>celestino</span> <span class='ocrx_word' id='word_1_482' title='bbox 1330 5619 1365 5683; x_wconf 95' lang='lat' dir='ltr'>ll,</span> <span class='ocrx_word' id='word_1_483' title='bbox 1378 5623 1406 5672; x_wconf 86' lang='lat' dir='ltr'>et</span> <span class='ocrx_word' id='word_1_484' title='bbox 1426 5619 1593 5676; x_wconf 85' lang='lat' dir='ltr'>innocentio</span> <span class='ocrx_word' id='word_1_485' title='bbox 1608 5621 1647 5676; x_wconf 94' lang='lat' dir='ltr'>lll</span> <span class='ocrx_word' id='word_1_486' title='bbox 1664 5628 1825 5678; x_wconf 84' lang='lat' dir='ltr'>renovatur.</span> 
     </span>
     <span class='ocr_line' id='line_1_53' title="bbox 292 5707 1936 5797; baseline 0.004 -24"><span class='ocrx_word' id='word_1_487' title='bbox 292 5709 467 5774; x_wconf 84' lang='grc'><strong>6611166161</strong></span> <span class='ocrx_word' id='word_1_488' title='bbox 484 5707 594 5768; x_wconf 77' lang='lat' dir='ltr'>Sancti</span> <span class='ocrx_word' id='word_1_489' title='bbox 612 5707 754 5768; x_wconf 83' lang='grc'><strong>11616116</strong></span> <span class='ocrx_word' id='word_1_490' title='bbox 772 5707 953 5772; x_wconf 83' lang='lat' dir='ltr'>Massiliam</span> <span class='ocrx_word' id='word_1_491' title='bbox 979 5733 988 5748; x_wconf 64' lang='lat'>¹-</span> <span class='ocrx_word' id='word_1_492' title='bbox 1084 5729 1089 5742; x_wconf 78' lang='grc'>’</span> <span class='ocrx_word' id='word_1_493' title='bbox 1182 5715 1365 5786; x_wconf 87' lang='lat' dir='ltr'>Honorius,</span> <span class='ocrx_word' id='word_1_494' title='bbox 1396 5717 1470 5786; x_wconf 87' lang='grc'><strong>616,</strong></span> <span class='ocrx_word' id='word_1_495' title='bbox 1499 5716 1629 5777; x_wconf 88' lang='grc'><strong>11166116</strong></span> <span class='ocrx_word' id='word_1_496' title='bbox 1657 5719 1735 5780; x_wconf 89' lang='lat' dir='ltr'>tiliis</span> <span class='ocrx_word' id='word_1_497' title='bbox 1738 5765 1799 5781; x_wconf 94' lang='grc'><strong>.....</strong></span> <span class='ocrx_word' id='word_1_498' title='bbox 1834 5721 1936 5797; x_wconf 90' lang='grc'><strong>611611</strong></span> 
     </span>
    </p>
   </div>
   <div class='ocr_carea' id='block_1_7' title="bbox 0 0 2050 6310">
    <p class='ocr_par' dir='ltr' id='par_1_7' title="bbox 0 0 2050 6310">
     <span class='ocr_line' id='line_1_54' title="bbox 0 0 2050 6310; baseline 0 0"><span class='ocrx_word' id='word_1_499' title='bbox 0 0 2050 6310; x_wconf 95' lang='lat' dir='ltr'> </span> 
     </span>
    </p>
   </div>
  </div>
 </body>
</html>
