3946 6304
270 367 329 426 419
886 367 1062 429 HONORII
1084 369 1129 430 111
1152 371 1299 436 OPERA.
1855 383 1905 444 lto

271 525 356 586 terlo
370 523 443 602 ipso
457 523 538 587 flant
547 524 679 603 penitus
689 525 819 588 alienae.
833 525 950 588 Datum
961 527 1068 588 viter
1122 530 1175 592 vel
1191 532 1285 594 missi
1298 531 1339 594 ab
1354 533 1403 596 eis
1416 549 1435 596 a
1450 535 1544 598 vohis
1567 536 1725 601 duxerint
1744 537 1907 615 postulen-

270 621 419 693 bii,le
434 622 501 684 kal.
518 623 610 695 maii,
633 622 843 699 pontificatus
858 625 964 686 nostri
979 639 1066 686 anno
1123 627 1192 702 dos,
1206 629 1286 690 illuc
1296 630 1337 690 ad
1349 647 1430 708 opus
1442 634 1620 696 ministerii
1632 635 1907 714 hujusnonsulum

177 799 180 808 Δ
273 722 401 796 quarto.
1123 727 1497 804 permittatisaccedere,
1511 748 1626 792 verum
1638 734 1738 794 etiam
1748 735 1908 795 transmit·

590 807 753 895 CXVIII
1122 824 1212 898 tatis,
1227 827 1265 886 ut
1279 827 1399 903 stipsi,
1417 829 1605 890 erudientes
1621 829 1781 908 plurimos
1799 829 1841 890 ad
1856 847 1906 892 sa-

322 936 373 994 au
384 947 502 994 omnes
516 935 656 994 matoes
666 935 844 1009 miratores
858 936 1015 995 universa·
1123 921 1236 994 rutam,
1248 925 1439 986 mereantur
1451 926 1619 1002 umquam
1634 927 1738 988 steuae
1748 927 1784 988 m
1800 943 1908 1004 nerne-

617 1033 721 1092 0rors,
1122 1019 1178 1080 tua
1195 1020 1381 1082 aeternitate
1396 1021 1518 1094 lucere,
1544 1038 1583 1084 ac
1606 1039 1666 1084 vos
1688 1024 1908 1086 retributionis

557 1144 591 1201 l8
607 1144 686 1216 april.
705 1143 784 1201 laad.
1124 1131 1249 1188 eorum,
1270 1135 1368 1196 quam
1395 1119 1468 1181 sine
1482 1119 1575 1182 vohis
1599 1121 1767 1198 nequeunt
1788 1137 1909 1198 prome-

336 1239 441 1305 [nuum.
452 1241 605 1300 nominum,
618 1241 670 1290 ,pp
682 1241 769 1300 naar..
786 1240 830 1299 111,
845 1238 900 1298 309,
916 1253 941 1290 n.
954 1237 1007 1304 pp]
1123 1214 1204 1286 reri,
1217 1215 1427 1293 participium
1436 1219 1673 1294 promerentes,
1688 1219 1823 1295 possitis
1833 1220 1908 1296 apud

274 1337 446 1397 Exhortatur
460 1354 562 1396 omnes
576 1338 691 1396 ordines
702 1338 854 1412 religiosos
867 1343 899 1395 ul
913 1352 965 1411 pro
979 1337 1070 1394 salute
1125 1313 1228 1374 Deum
1241 1314 1274 1372 θῗ
1288 1313 1438 1375 h⁰¹¹¹¹¹¹⁰⁸
1453 1315 1689 1376 ⁰0mm0ndari·

310 1428 478 1502 populorum
502 1427 638 1498 livonia,
659 1426 695 1484 ad
718 1425 888 1484 catholicam
910 1423 997 1483 fldem
1017 1439 1068 1482 no·
1165 1411 1284 1471 Datum
1297 1411 1447 1483 viterbii,
1470 1413 1588 1489 (1118Πο
1603 1411 1811 1475 decim0k21·
1827 1411 1907 1484 maii,

309 1517 381 1574 viter
406 1529 620 1585 conversorum,
647 1513 749 1574 iratres
773 1529 842 1573 suos
869 1527 905 1571 eo
929 1512 1072 1572 destinare
1125 1505 1335 1584 pontificatus
1350 1510 1455 1571 nostri
1468 1523 1556 1572 enno
1571 1511 1698 1588 quarte.

310 1610 472 1678 procurent.

229 1705 236 1710 '
315 1704 482 1766 Honorius
493 1703 678 1781 episcopus,
689 1719 806 1768 servus
814 1717 985 1766 servorum
997 1701 1068 1774 Dei,
1463 1677 1585 1765 CXIX

158 1869 160 1877 ¹
277 1799 1071 1879 dilectisttliisabbatibus,prepositis‚priorihus
1156 1811 1676 1883 Auuntmscpmttflaetee
1692 1812 1886 1888 ueffuponc

274 1901 342 1962 tam
371 1898 577 1972 (listercien,
608 1913 709 1978 quam
735 1897 877 1960 aliorum
903 1897 1069 1968 ordinum,
1316 1909 1546 1969 Limetanus
1560 1909 1725 1982 episeopo.

139 2051 144 2058 .
275 1996 417 2058 salutem
432 1995 465 2058 et
484 1996 702 2072 apostolicam
716 1995 990 2058 benedictionem.
1410 2019 1537 2092 reaper,
1555 2017 1634 2078 1220,

315 2094 384 2155 Etsi
404 2107 470 2155 non
492 2093 536 2154 sit
549 2094 698 2156 nostrum
722 2107 821 2156 nosse
843 2092 992 2169 tempora
1018 2089 1071 2152 vel
1172 2124 1317 2190 [flamm
1328 2125 1395 2176 lun.
1411 2124 1504 2176 Ma
1519 2123 1578 2178 m
1590 2099 1621 2176 ,d
1634 2137 1695 2174 ann.
1712 2123 1783 2184 mo,
1793 2123 1865 2190 μη

275 2193 452 2262 momenta,
471 2207 544 2267 quae
561 2191 661 2252 Pater
682 2191 717 2250 in
737 2205 798 2250 sua
822 2189 933 2267 posuit
954 2189 1070 2266 potes·

275 2289 354 2359 tate,
371 2287 599 2351 verisimiliter
615 2287 725 2348 tamen
749 2301 769 2348 a
793 2285 905 2348 multis
926 2283 1070 2361 conjici-

276 2385 432 2461 tur,qu0d
453 2399 530 2446 ecee
552 2399 651 2456 nunc,
666 2385 797 2460 tempus
812 2381 1016 2460 acceptabile
1035 2381 1071 2442 ut

278 2483 364 2544 ostio
388 2497 508 2558 magno
527 2483 642 2558 aperto
661 2482 697 2542 iu
720 2482 870 2555 Domino,
887 2480 928 2542 ad
948 2479 1070 2542 Christi

275 2581 373 2642 fldem
403 2580 505 2641 intret
535 2579 684 2655 gentium
712 2577 893 2656 plenitudo,
923 2577 1000 2638 dum
1029 2577 1071 2638 ad

276 2676 396 2741 summi
424 2675 674 2754 patrisfamilias
702 2691 832 2738 emnam
863 2675 937 2752 post
965 2689 1071 2737 caecos

277 2776 311 2837 et
335 2774 489 2845 claudos,
518 2774 655 2851 pagani,
683 2773 774 2836 velut
798 2750 839 2834 de
867 2771 1071 2834 infidelitatis

275 2871 420 2949 sepibus
456 2870 701 2948 compelluntur
739 2871 880 2942 intrare,
908 2885 947 2930 ac
975 2883 1069 2942 oves,

276 2985 350 3048 quae
374 2967 520 3030 nondum
543 2968 585 3030 de
606 2967 728 3031 Christi
752 2967 832 3030 ovili
848 2967 992 3038 inerunt,
1008 2967 1071 3027 ad-

276 3067 442 3128 ducuntur
467 3065 509 3126 ab
528 3065 611 3142 ipso,
634 3069 670 3128 ut
688 3065 731 3128 sit
746 3081 847 3128 unum
862 3065 961 3136 ovile,
986 3063 1073 3125 sicut

208 3151 213 3157 ’
276 3179 363 3225 unus
376 3165 426 3225 est
438 3164 561 3240 pastor.
579 3162 672 3224 Unde
698 3161 754 3240 qui
767 3162 889 3222 Christi
902 3163 963 3234 est,
988 3177 1073 3238 gau-

277 3261 368 3333 dere,
390 3275 430 3322 ac
445 3259 618 3336 cooperari
639 3258 746 3331 debet,
777 3261 813 3320 ut
827 3261 990 3336 augeatur
1008 3274 1073 3320 nu-

276 3375 379 3430 mero,
394 3359 427 3420 et
442 3357 559 3419 merito
574 3356 715 3434 populus
735 3355 950 3430 christianus,
975 3358 1008 3419 et
1029 3355 1071 3416 ad

280 3453 521 3517 convertendas
544 3453 576 3515 ei
590 3452 750 3515 barbaras
765 3453 928 3526 nationes,
940 3453 973 3514 et
987 3467 1071 3514 con·

276 3568 391 3614 versas
402 3552 437 3612 in
445 3555 516 3629 ejus
526 3550 589 3626 fide
600 3550 894 3616 servandasmodis
908 3549 1069 3622 omuibus,

277 3649 397 3728 quihus
408 3647 503 3712 debet
518 3647 709 3728 impendere
718 3648 987 3724 semetipsum,ut
998 3647 1074 3708 ani-

278 3763 349 3812 mas
360 3747 499 3810 Domino
508 3745 723 3808 lucrifaciens
736 3746 856 3808 animae
870 3761 950 3817 suae,
964 3744 1074 3808 lucre-

276 3848 332 3909 tur
354 3845 497 3922 gloriam
510 3845 756 3920 sempiteruam.
778 3845 864 3905 Sane
886 3858 972 3914 cum,
987 3842 1074 3902 siout
1473 3857 1573 3950 CXX

275 3942 485 4006 venerabiles
497 3942 616 4004 iratres
630 3941 735 4004 nostri
747 3939 968 4012 livoniensis
979 3939 1075 4002 Selo-

276 4040 416 4110 niensis,
425 4040 458 4100 et
469 4031 837 4116 Lealeneusisepiscopi
848 4036 969 4100 nostris
980 4036 1074 4098 auri-

276 4136 339 4198 bus
351 4136 559 4212 intimarunt,
575 4135 610 4195 in
631 4134 779 4212 partibus
790 4133 938 4196 Livouiae
951 4133 1074 4197 duritia
1411 4109 1449 4168 ²⁰
1459 4109 1540 4182 ipsu·
1558 4109 1637 4168 ¹²²⁰·

277 4235 428 4298 cordium
449 4247 665 4310 paganorum,
679 4234 848 4309 tamquam
863 4233 954 4293 terra
971 4232 1074 4294 vasta
1177 4215 1242 4279 [Vm
1253 4214 1398 4272 “⁰¹¹⁶h‘k0’
1411 4215 1482 4268 ⁰²¹³·
1494 4214 1610 4268 uer’aou.
1625 4216 1656 4266 ‘¹⁰
1666 4215 1875 4268 saint-rimer·

276 4331 466 4396 olitudinis
479 4329 711 4406 imbregratiae
723 4327 845 4392 divinae
857 4327 1075 4405 compluta,et
1226 4401 1231 4414 1
1318 4400 1324 4414 ·
1418 4291 1669 4415 tenuerent

277 4446 321 4492 ex
333 4429 429 4509 parte
445 4443 579 4492 vomere
594 4428 717 4491 sancte
743 4425 988 4504 predicationis
1009 4441 1073 4486 ex·
1176 4403 1249 4474 ῙΡ818
1262 4399 1404 4462 (mmm
1420 4402 1539 4460 ΜΒΝ
1553 4399 1697 4474 ⁹⁸²⁰⁰¹¹¹⁰³
1711 4401 1874 4461 “infimit-

277 4527 378 4599 culta,
404 4525 441 4589 in
466 4525 515 4588 eis
542 4539 656 4586 semen
678 4523 771 4586 verbi
791 4523 851 4583 Dei
875 4521 1016 4586 feliciter
1040 4521 1075 4582 in
1170 4517 1435 4589 Honoriuseto„
1452 4517 1582 4580 dilectis
1595 4518 1674 4579 filiis
1695 4521 1873 4597 praeposito
1890 4521 1916 4580 et

277 4625 422 4698 segetem
439 4621 589 4700 pullulet,
607 4622 688 4700 quin
708 4621 808 4682 etiam
823 4619 908 4682 albae
928 4619 994 4680 sint
1004 4621 1075 4695 jam
1130 4616 1276 4692 capitulo
1288 4615 1480 4688 Loensihus
1502 4616 1642 4678 salutem
1662 4617 1695 4678 et
1709 4619 1915 4694 apostolicam

277 4720 432 4796 regiones
452 4719 494 4780 ad
520 4735 671 4791 messem,
695 4733 769 4794 quae
789 4715 921 4794 quidem
937 4715 1075 4778 Domino
1130 4711 1406 4774 benedictionem.

1179 2232 1280 2290 Statuit
1293 2231 1369 2290 diem
1384 2229 1544 2292 festivitatis
1555 2231 1628 2305 ejus,
1643 2231 1766 2304 singulis
1781 2231 1865 2291 annis

1430 2320 1619 2380 celebrande.

1166 2430 1332 2494 Honorius
1348 2429 1533 2511 episcopus,
1549 2429 1611 2490 etc.

1166 2531 1246 2590 (lum
1264 2528 1387 2590 sanctae
1407 2526 1649 2590 recordationis
1660 2527 1835 2602 Hugonem
1846 2525 1913 2588 Lin-

1126 2625 1328 2687 colniensem
1354 2625 1555 2702 episcopum,
1577 2638 1685 2701 quem,
1711 2623 1799 2685 sicut
1826 2622 1913 2684 nohis

1126 2720 1914 2800 plenarieoonsiat,divinimunerislargitastam

1126 2819 1161 2880 in
1176 2820 1255 2891 vita,
1266 2835 1364 2896 quam
1375 2819 1475 2882 ctiam
1488 2820 1563 2895 post
1573 2818 1696 2880 vestem
1707 2817 1915 2880 mortaiitatis

1127 2920 1261 2979 exutam
1272 2915 1453 2993 insignium
1462 2916 1698 2978 miraculorum
1707 2915 1914 2978 multitudiue

1125 3013 1321 3086 illustravit,
1351 3015 1541 3077 sanctorum
1565 3012 1715 3088 catalogo
1739 3011 1915 3089 adscripsi-

1126 3128 1213 3184 mus,
1234 3111 1484 3175 universitatem
1512 3113 1656 3172 vestram
1676 3124 1862 3181 monemus,
1886 3111 1914 3170 et

1127 3210 1342 3276 exhortamur
1355 3209 1391 3269 in
1402 3207 1552 3280 Domino,
1569 3209 1730 3286 quatenus
1746 3210 1821 3283 ejus
1835 3205 1915 3283 apud

1126 3309 1231 3368 Deum
1241 3305 1425 3383 patrocinio
1441 3305 1557 3366 devote
1571 3302 1755 3381 imploretis
1772 3325 1780 3364 ε
1797 3304 1840 3365 ad
1851 3303 1916 3366 lraec

1127 3404 1321 3475 statuentes,
1335 3402 1371 3463 ut
1385 3403 1438 3464 die
1459 3401 1676 3478 depositionis
1688 3400 1807 3476 ipsius,
1832 3403 1917 3478 eius-

1127 3500 1200 3562 dem
1215 3500 1376 3562 festivitas
1389 3501 1486 3560 annis
1499 3500 1639 3576 singulis
1661 3498 1778 3560 devote
1808 3497 1849 3560 de
1862 3515 1917 3560 cm·

1126 3597 1199 3660 tero
1218 3595 1414 3658 celebretur.
1435 3596 1554 3658 Datum
1578 3593 1732 3665 viterbii,
1755 3599 1835 3660 Xlll
1854 3594 1915 3656 kal.

1128 3693 1219 3768 maii,
1235 3693 1446 3771 pontificatus
1460 3693 1565 3758 nostri
1579 3708 1667 3756 enno
1678 3695 1808 3774 quarto.

1167 3999 1220 4058 Ad
1231 3997 1460 4072 praepositum
1475 3997 1509 4058 et
1521 3999 1709 4072 capitulum
1721 3999 1880 4060 Laenas.

155 4818 158 4826 '
277 4817 378 4880 dante
392 4816 643 4894 benignitatem,
654 4815 756 4876 multa
768 4813 987 4892 estoperarii
996 4828 1076 4875 vere
1170 4809 1275 4873 Justis
1296 4811 1477 4887 petentium
1505 4811 1680 4872 desideriis
1709 4811 1848 4888 dignum
1875 4811 1916 4872 est

276 4915 387 4996 pauci,
403 4912 547 4994 expedit,
561 4912 662 4978 utalii
673 4911 932 4988 nuttanturilluc
940 4913 1075 4983 metere,
1130 4919 1191 4966 nos
1204 4903 1335 4966 facilem
1351 4902 1500 4981 praehere
1511 4921 1709 4966 consensum
1718 4907 1751 4968 et
1758 4909 1838 4968 vota
1853 4919 1915 4984 que

278 5011 364 5092 quod
388 5010 448 5077 alii
469 5009 687 5081 seminarunt,
712 5011 874 5086 quatenus
896 5008 1076 5074 secundum
1130 5018 1152 5063 a
1174 5001 1315 5063 rationis
1335 5001 1467 5064 tramite
1490 5017 1557 5063 non
1578 5001 1779 5076 discordant,
1807 5005 1915 5066 aflectu

277 5107 505 5188 evangelicam
525 5107 712 5178 veritatem,
727 5105 783 5183 qui
798 5105 965 5170 seminant
979 5104 1076 5174 simul
1132 5101 1349 5178 prosequente
1362 5099 1537 5176 complere.
1554 5101 1746 5178 Eapropter,
1764 5101 1876 5164 dilecti
1886 5101 1914 5160 in

278 5205 454 5284 gaudeant,
472 5205 506 5268 et
519 5203 576 5283 qui
591 5203 728 5264 metunt.
744 5204 823 5264 Cum
834 5199 936 5278 igitur
949 5218 1008 5280 per
1018 5201 1078 5264 Dei
1132 5197 1272 5258 Domino
1291 5197 1362 5269 filii,
1383 5199 1503 5259 vestris
1520 5199 1623 5275 justis
1647 5198 1914 5277 postulationibus

278 5305 420 5382 matiam
435 5303 471 5364 in
488 5301 608 5364 ordine
623 5303 744 5371 vestm,
763 5299 829 5361 siut
843 5299 940 5362 multi
952 5299 994 5360 ad
1009 5299 1076 5358 hu·
1132 5297 1230 5372 grato
1239 5295 1476 5358 concurrentes
1491 5308 1641 5367 assensu,
1654 5295 1818 5358 decimam
1826 5299 1914 5358 Loen·

188 5388 195 5400 ’
274 5400 421 5479 jusmodi
445 5415 528 5478 opus
552 5398 682 5470 idonei,
709 5397 906 5460 charitatem
931 5400 1078 5459 vestram
1133 5393 1178 5454 sis
1207 5393 1386 5469 parochiae,
1409 5394 1496 5456 sicut
1520 5407 1594 5454 eam
1611 5395 1701 5472 juste
1724 5408 1765 5454 ac
1790 5393 1914 5470 pacifice

279 5512 436 5574 rogamus
452 5496 621 5567 attentius,
632 5495 666 5558 et
680 5495 853 5558 hortamur
867 5509 925 5572 per
935 5494 1078 5572 Aposto-
1132 5489 1320 5567 possidetis,
1340 5489 1436 5552 vobis
1459 5492 1493 5551 et
1506 5506 1565 5567 per
1587 5507 1658 5564 voe,
1683 5489 1806 5552 Loensi
1821 5489 1915 5552 eecle-

281 5595 346 5657 lica
362 5593 456 5656 vohis
470 5593 595 5670 scripta
608 5593 813 5665 mandantes,
829 5593 991 5670 quatenus
1007 5607 1079 5652 mo-
1134 5589 1203 5660 siae,
1220 5588 1419 5650 auctoritate
1434 5587 1622 5664 apostolica
1648 5587 1877 5650 confirmamus
1888 5585 1914 5644 et

283 5691 656 5764 nachos,etconversos,
668 5705 749 5767 quos
758 5689 907 5766 praedicti
916 5687 1077 5766 episcopi,
1134 5685 1309 5762 praesentis
1334 5685 1449 5761 scripti
1469 5683 1653 5762 patrocinio
1673 5687 1911 5747 commuuimus.
