3988 6306
67 420 109 479 257
647 401 879 466 EPISTOLAE.
904 400 981 460 LIB·
1006 401 1061 460 lll.
1619 400 1680 458 258

67 561 823 648 mamaeampridienonasjuliiannolertio.
1240 584 1333 672 CCL

94 688 248 764 milium
276 685 329 748 ‘³³‘
356 697 458 792 ⁸¹¹i⁰¹J
479 681 542 743 ¹¹⁰⁰
565 680 672 742 ⁰id⁰m
698 679 825 740 d⁰⁰³⁰⁰
926 721 978 782 Ad
997 717 1238 780 Bertrnnnum
1259 719 1471 780 cardinalem
1485 719 1645 792 termam.

67 785 263 850 Batholomeo
278 780 434 846 Trecemi
447 796 484 840 m
495 777 646 840 eumdem
659 777 728 840 fere
749 791 825 836 mo·
1192 839 1283 912 Mum
1297 839 1376 898 lm

66 887 132 953 lun,
153 880 258 942 verbis
271 877 494 956 competenter
510 874 656 946 mutatis,
673 888 778 950 usque
791 871 826 933 in
1053 946 1058 957 ⁹
1195 943 1201 956 ‚
1619 946 1624 956 Ι

907 949 1029 1010 [begeat.
1041 945 1089 998 ab.
1101 945 1147 1008 ΙΙΙ,
1160 949 1236 1010 epis.
1248 945 1303 996 til.
1315 945 1372 996 ttae.
1383 945 1420 996 La
1431 945 1507 996 Porto
1518 945 1553 996 da
1564 944 1658 1010 rheti

67 982 151 1042 finem·
338 1085 525 1178 CCXLIX
883 1052 998 1154 blandai
1008 1059 1039 1154 ut
1049 1051 1134 1110 adeat
1148 1052 1355 1153 monasterium
1369 1052 1399 1153 s‘.
1413 1051 1565 1150 Augusmi
1576 1052 1678 1112 Lemo-

917 1157 1042 1198 rrcensrs
1057 1149 1086 1198 et
1105 1139 1234 1214 perficiat
1254 1139 1487 1201 reformationem
1501 1140 1630 1213 ejusdem
1646 1140 1682 1198 ab

67 1231 103 1289 ld
119 1228 351 1290 laeooorioum
366 1223 607 1286 trevirensem
621 1221 825 1294 episcopum.
919 1231 1160 1302 eliisineoeptam.

334 1337 351 1396 o
367 1335 430 1410 iulii
445 1335 525 1393 lala.
922 1339 1102 1410 Honorius,
1119 1339 1194 1410 etc,
1207 1337 1327 1402 dilecto
1342 1337 1412 1401 filio
1427 1339 1462 1400 B.
1478 1337 1569 1400 tituli
1583 1339 1682 1400 Sanc-

173 1439 623 1510 [wemrwein.s0vasuhsiaie,m,
636 1437 689 1502 ⁸⁰l
884 1438 993 1500 torum
1012 1435 1176 1499 lobannis
1196 1436 1229 1498 et
1250 1435 1346 1496 Pauli
1368 1433 1561 1513 presbytero
1572 1435 1683 1500 cardi-

70 1544 157 1602 tendat
173 1552 202 1602 ut
220 1543 352 1601 admittat
372 1541 529 1601 alatrinum
556 1537 591 1597 ed
614 1536 829 1611 preposituram
885 1534 965 1607 nali,
980 1534 1179 1611 Apostolicae
1193 1533 1287 1594 Sedis
1302 1533 1423 1610 legato.

311 1630 405 1689 Sancti
419 1627 553 1688 casuris.
862 1655 863 1658 ¹
926 1631 1196 1709 Significantibus
1230 1629 1359 1694 dilectis
1388 1630 1466 1692 filiis
1494 1630 1680 1708 aymerico,

95 1732 242 1794 Honorius
253 1728 566 1808 epi800p1¹8280rvus
577 1722 828 1794 servorumuei,
885 1730 1060 1802 Ademaro,
1086 1729 1255 1806 Stephano
1275 1730 1308 1791 et
1334 1727 1488 1791 iohanne
1509 1727 1683 1790 monacbis

69 1829 218 1890 renembili
242 1827 342 1888 fratri
362 1823 611 1902 archiepiscopo
625 1819 828 1890 Trevirensi,
888 1829 921 1888 S.
938 1826 1114 1903 Augustini
1130 1826 1363 1900 Lemovices„
1386 1842 1446 1888 nos
1470 1826 1604 1887 noveris
1626 1841 1684 1887 ac-

68 1926 178 1986 raluiem
191 1927 222 1988 et
233 1923 451 2001 apostolicam
466 1919 741 1982 benedictionem.
888 1923 1028 2002 cepisse,
1045 1923 1131 2002 quod
1151 1939 1227 1986 cum
1239 1909 1441 1986 venerabilis
1454 1922 1558 1985 frater
1570 1922 1684 1985 noster

96 2025 161 2083 Cum
174 2023 294 2083 dilecto
309 2020 379 2081 illio
397 2019 599 2080 subdiacono
612 2019 646 2078 et
659 2014 831 2094 capellano
888 2022 1058 2084 catanien.
1081 2021 1255 2098 episcopus
1271 2022 1308 2082 'et
1329 2019 1464 2098 collegae
1479 2021 1531 2082 sui
1546 2020 1625 2082 olim
1643 2019 1683 2082 de

70 2121 199 2181 noadaia
213 2116 404 2181 ecclesias
417 2114 562 2178 Castoris
575 2112 832 2178 deconfiuentia
889 2120 1044 2181 mandato
1069 2119 1182 2180 nostro
1208 2119 1249 2180 ad
1276 2118 1422 2196 ipsorum
1448 2119 1684 2180 monasterium

70 2217 271 2287 badiooesis.
286 2232 385 2293 quam
400 2215 466 2277 01ῖο
478 2229 514 2274 ⁸0
528 2212 670 2274 facultas
685 2209 831 2278 offerret,
888 2217 1109 2296 personaliter
1140 2217 1383 2288 accessissent,
1416 2216 1453 2278 ut
1480 2217 1687 2290 corrigerent

70 2315 230 2390 promiseris
243 2313 397 2376 conferre
412 2310 635 2390 praehendam,
647 2308 733 2386 quod
746 2308 786 2369 ad
800 2309 832 2369 ie
888 2316 921 2377 et
935 2313 1156 2377 reformarent
1176 2314 1298 2375 ibidem
1319 2314 1386 2375 tam
1405 2313 1440 2374 in
1460 2313 1568 2390 capite
1587 2329 1686 2391 quam

71 2412 224 2490 deantiqua
238 2413 273 2474 ei
285 2409 467 2488 approbata
482 2407 722 2471 consuetudine
735 2405 834 2483 perti·
888 2412 923 2474 in
943 2411 1100 2472 membris
1114 2427 1187 2489 quae
1206 2411 1425 2474 correctionis
1442 2411 1551 2472 officio
1569 2427 1688 2473 nosce-

70 2507 429 2584 neredlcebas3tandem
442 2523 517 2568 cum
533 2507 606 2583 post
620 2504 833 2566 modumtres
888 2510 963 2572 rent
987 2508 1150 2585 indigere,
1174 2511 1269 2586 Ilugo
1291 2508 1393 2570 abbas
1418 2509 1451 2572 et
1473 2508 1608 2585 quidam
1627 2509 1685 2569 alii
1812 2561 1819 2570 .

71 2607 222 2682 prebendae
237 2609 275 2669 in
290 2605 432 2668 ecclesia
444 2604 602 2682 praedicta
614 2602 790 2664 vacassent
801 2601 834 2662 et
889 2607 1037 2684 ejusdem
1064 2605 1259 2668 monasterii
1288 2605 1442 2677 monachi
1467 2609 1540 2684 ejus
1564 2606 1599 2666 in
1624 2605 1687 2670 bac

71 2704 137 2764 uum
152 2705 302 2766 omiseris
319 2703 455 2780 implere
470 2701 680 2778 promissum,
696 2697 757 2761 tibi
773 2714 833 2759 su·
889 2705 983 2782 parte
999 2703 1157 2775 fautores,
1174 2705 1211 2764 ut
1225 2703 1273 2765 sic
1288 2703 1483 2766 canonicam
1501 2703 1687 2780 effugerent

72 2817 112 2874 per
131 2802 186 2863 boc
204 2803 384 2878 scripsisse
408 2800 631 2869 meminimus,
658 2797 833 2858 scolastico
890 2799 1121 2879 disciplinam,
1161 2803 1194 2862 et
1224 2801 1416 2862 eorumdem
1449 2801 1685 2879 inquisitorum

71 2901 173 2961 cmtode
193 2902 225 2962 et
249 2900 411 2974 magistro
427 2897 558 2968 oberto,
576 2895 736 2958 canonico
756 2896 832 2956 Ma·
889 2898 1123 2978 perturbarent
1132 2914 1334 2976 processum,
1349 2898 1559 2960 frustratorie
1569 2899 1685 2962 Sedem

71 2997 280 3068 pantanobis
294 2997 402 3057 eidem
416 2995 619 3056 subdiacono
636 2994 672 3056 ut
686 2992 833 3070 promis·
888 2996 1340 3074 apostolicamappouarunt.
1353 2996 1466 3057 Dictus
1478 2997 1687 3074 mtemepis-
1749 2975 1755 3048 s
1810 3065 1812 3072 ,

70 3107 122 3152 run
141 3095 337 3172 adimpleres
363 3092 575 3170 hujusmodi,
601 3089 834 3152 executoribus
890 3111 992 3171 copus
1013 3095 1048 3156 et
1075 3094 1161 3156 alter
1191 3093 1393 3170 collegarum
1418 3109 1553 3155 suorum
1577 3095 1686 3156 crucis
1759 3133 1765 3143 ι

71 3187 219 3267 deponas
245 3207 348 3269 porro
368 3191 446 3268 quia
468 3189 665 3268 prepositus
687 3187 833 3265 ejusdem
890 3191 1061 3255 caractere
1074 3189 1227 3268 insigniti
1240 3207 1314 3252 cum
1326 3191 1436 3252 essent
1449 3190 1485 3252 in
1497 3192 1687 3268 proximatu

70 3287 189 3351 eclesia
205 3291 237 3350 S.
256 3289 405 3350 castoris
421 3303 528 3364 nuper
540 3286 635 3349 fulta
650 3285 750 3347 rebus
771 3285 836 3346 bu·
890 3290 1022 3353 itineris
1034 3287 1267 3367 proficiscendi
1282 3290 1399 3352 contra
1413 3288 1588 3352 haereticos
1600 3290 1688 3353 nibi-

70 3385 150 3446 nanis
163 3387 365 3463 assumptus,
382 3387 469 3446 sicut
483 3400 542 3462 per
557 3383 702 3446 nobilem
712 3383 833 3452 virum,
890 3404 1021 3465 genses,
1046 3388 1182 3465 propter
1203 3386 1289 3464 quod
1312 3385 1349 3448 in
1367 3385 1590 3470 ¹inquisitione
1612 3388 1686 3466 ipsa

70 3478 158 3544 lucem
172 3485 328 3556 austriae,
348 3483 443 3544 nobis
462 3482 618 3554 innotuit,
635 3482 692 3559 qui
707 3483 780 3558 eius
800 3495 835 3542 se
890 3487 988 3564 plene
1002 3485 1182 3562 procedere
1197 3499 1264 3546 non
1279 3483 1446 3556 valebant,
1466 3486 1687 3564 appellatione

70 3577 230 3644 interfuisse
243 3581 418 3660 proposuit
431 3580 622 3658 sepulture,
638 3579 836 3657 praepositu-
889 3585 1038 3661 ipsorum
1065 3582 1186 3645 frivole
1209 3583 1374 3660 reputata,
1402 3584 1545 3661 receptis
1574 3584 1687 3646 decom

71 3689 135 3749 nn,
165 3696 263 3756 quam
290 3679 377 3740 idem
404 3677 601 3754 prepositus
630 3677 666 3738 in
691 3675 834 3739 ecclesia
890 3681 1058 3758 etseptem
1074 3681 1314 3743 monachorum
1327 3683 1360 3743 et
1370 3681 1586 3759 quorumdam
1598 3683 1686 3747 alio·

71 3775 197 3846 predicta
225 3775 372 3839 obtinuit
401 3774 604 3836 subdiacono
635 3773 835 3836 contulimus
889 3795 964 3840 rum
984 3777 1199 3840 familiarium
1212 3779 1361 3856 ejusdem
1377 3777 1519 3840 coenobii
1533 3779 1687 3857 primitus

71 3877 231 3945 memorato,
247 3872 396 3952 capitulo
411 3873 561 3935 ecclesiae
575 3873 782 3943 mandantes,
800 3872 835 3932 nt
886 3876 1096 3952 juramentis,
1113 3877 1147 3936 et
1162 3875 1425 3953 depositionibus
1440 3891 1554 3938 eorum
1565 3877 1686 3940 redac-

72 3969 191 4032 enndem
204 3971 415 4048 capellanum
428 3971 577 4032 nostrum
592 3969 626 4032 in
640 3985 736 4030 suum
748 3985 836 4046 prae-
889 3973 932 4037 tis
960 3974 995 4034 in
1030 3972 1181 4050 scriptis,
1213 3973 1443 4050 prescriptum
1476 3973 1627 4036 abbatem
1654 3978 1688 4039 et

73 4067 183 4136 positum
198 4069 413 4132 admittentes
428 4068 493 4129 sibi
511 4068 763 4145 preposituram
779 4065 833 4142 ip·
889 4057 1030 4144 Amelin,
1043 4070 1179 4132 fratrem
1192 4071 1274 4148 eius,
1289 4073 1424 4148 propter
1438 4071 1622 4135 manifestae
1634 4075 1687 4136 di-

73 4176 123 4222 san
135 4167 311 4243 assignent,
329 4182 403 4228 cum
426 4166 578 4228 omnibus
595 4163 835 4242 pertinentibus
889 4169 1103 4247 lapidationis
1126 4167 1298 4231 infamiam
1313 4169 1415 4230 asnis
1430 4169 1688 4237 administratio·

72 4257 251 4336 adeamdem,
262 4263 447 4328 venerabili
457 4263 559 4326 fratre
568 4263 833 4339 nostroltdagunt.
890 4267 988 4330 nibus
1015 4267 1275 4344 suspenderunt,
1306 4267 1343 4328 in
1370 4267 1477 4344 ipsos,
1513 4272 1685 4332 eteorum

74 4359 296 4440 archiepiscopo
314 4363 357 4424 ad
380 4362 413 4422 id
435 4362 612 4423 executore
635 4361 791 4438 deputato
815 4375 835 4424 a
890 4366 1068 4443 complices
1092 4367 1288 4444 quoniame
1311 4365 1489 4442 praesentia
1513 4367 1687 4431 contuma-

74 4453 143 4516 aoiis
159 4460 276 4522 eidem.
299 4461 460 4532 Quocirca
484 4458 727 4521 fraternitatem
744 4460 835 4520 tuem
890 4465 974 4527 citer
988 4465 1195 4526 recesserant
1205 4463 1407 4536 eorumdem,
1417 4463 1451 4524 et
1460 4462 1686 4541 inquisitionis

74 4563 195 4625 manus
215 4543 249 4619 ei
270 4557 443 4620 hortamur
457 4556 581 4620 attente
595 4573 635 4618 ac
655 4559 835 4634 perApos-
891 4562 1057 4642 praedictae
1080 4562 1266 4624 temeritato
1289 4561 1424 4638 propria
1454 4563 1688 4638 perturbarent

74 4648 147 4713 blica
160 4655 279 4732 scripta
294 4653 517 4732 praecipiendo
533 4655 738 4727 mandamus,
753 4670 837 4732 qua·
890 4675 1092 4740 processum,
1115 4659 1470 4722 excommunicationis
1487 4661 1686 4726 wartentiam

75 4745 146 4810 anm
158 4753 306 4814 eumdem
324 4751 563 4814 subdiaconum
578 4753 619 4813 ad
633 4752 835 4829 praeposita·
891 4758 1150 4836 promulgantes.
1165 4759 1274 4828 Quare
1289 4771 1309 4817 a
1324 4756 1421 4819 nobis
1433 4757 1605 4822 humiliter
1614 4776 1687 4838 pos·

76 4855 126 4905 ran
144 4849 243 4924 ipsam
268 4850 422 4912 collatam
446 4849 510 4910 sibi
533 4865 553 4911 a
575 4850 671 4910 nobis
693 4849 836 4910 libenter
890 4850 1042 4913 tulabant
1056 4851 1210 4912 monachi
1223 4852 1416 4930 supradicti,
1438 4855 1473 4918 ut
1487 4853 1686 4920 desolationi

76 4938 208 5018 admittas,
224 4948 272 5008 ita
288 4949 326 5009 ut
338 4963 399 5024 per
414 4963 489 5008 eum
507 4945 692 5007 uberiorem
705 4959 725 5005 a
739 4943 835 5006 nobis
890 4947 943 5010 sui
973 4949 1167 5010 monasterii
1198 4949 1338 5026 paterno
1369 4951 1606 5028 compatientes
1634 4953 1687 5016 ai-

76 5037 196 5104 aiectum
211 5047 245 5106 et
265 5046 407 5120 gratiam
423 5045 595 5108 decaetero
616 5042 730 5104 valeas
748 5043 837 5104 obti-
890 5045 989 5118 fectu,
1013 5044 1045 5105 id
1070 5046 1158 5123 quod
1182 5063 1242 5124 per
1266 5048 1482 5126 inquisitores
1509 5049 1686 5127 praedictos

77 5140 835 5220 aere.llioquineidembiagunt.archiepiscopo
890 5142 997 5222 quoad
1033 5143 1274 5206 correctionem
1309 5147 1456 5222 ejusdem
1491 5147 1686 5210 monasterii

77 5237 298 5300 recalemus
314 5240 434 5302 litteris
451 5239 487 5300 in
502 5239 678 5308 mandatis,
700 5236 834 5300 utiead
889 5241 1087 5304 auctoritate
1115 5242 1305 5318 apostoliea
1333 5242 1442 5305 suerat
1474 5244 1683 5316 inchoatum,

77 5323 277 5398 ii‚monitione
288 5337 470 5414 praemissa‚
480 5351 539 5414 per
549 5336 836 5398 censurameoole·
890 5354 950 5416 per
972 5338 1102 5417 aliquos
1121 5337 1283 5401 discretos
1302 5340 1393 5402 viros
1416 5341 1529 5418 perfici
1552 5343 1687 5406 miseri-

78 5423 224 5506 tiasticam,
241 5434 464 5511 appellatione
492 5435 631 5505 mmota,
647 5433 832 5511 compellat
891 5434 1238 5498 corditerfaceremus.
1248 5437 1473 5513 Nosigiiurde
1483 5438 1685 5506 discretione

79 5517 126 5582 iios
138 5529 238 5602 etiam,
253 5532 371 5610 siquis
386 5547 539 5604 exnunc,
554 5533 616 5593 etc.
891 5534 947 5595 tua
963 5533 1093 5610 plenam
1109 5535 1142 5594 in
1157 5535 1294 5596 Domino
1314 5533 1468 5597 fiduciam
1484 5535 1683 5614 obtinentes,

106 5621 202 5686 Datum
217 5631 320 5691 Reate
334 5629 479 5692 secundo
501 5644 606 5691 nonas
618 5627 706 5706 junii
723 5625 836 5706 ponti·
892 5643 951 5706 per
962 5629 1151 5705 apostolica
1165 5629 1226 5692 tibi
1238 5628 1364 5707 scripta
1380 5631 1586 5706 mandamus,
1601 5649 1686 5712 qua·

81 5711 166 5780 inlus
178 5725 281 5787 nostri
295 5741 384 5789 anno
394 5727 504 5790 tertio.
891 5727 990 5788 tenus
1005 5741 1064 5803 per
1078 5727 1110 5787 te
1129 5727 1181 5788 vel
1201 5726 1376 5804 paralium
1392 5728 1432 5793 ad
1450 5731 1685 5794 monasterium

189 5879 301 5924 ramea.
321 5880 394 5926 roua
414 5869 463 5926 lll.
1529 5871 1546 5936 9
