3952 6350
1633 283 1698 354 rba

67 449 192 528 paterna
216 445 420 522 benignitate
437 445 575 518 moneri,
593 447 629 507 ut
650 460 845 522 apersecu-
877 495 881 504 .
902 443 1273 510 commonitusomnino
1286 444 1404 524 cesset,
1421 446 1545 512 etsuos
1558 461 1693 514 cessare

68 543 359 610 tionerenerabilis
374 541 487 606 fratris
502 545 646 606 nostri...
661 545 845 620 Lingonen.
901 541 1012 619 faciat,
1029 533 1072 606 ab
1093 543 1305 608 infestatione
1328 545 1458 624 praefati
1486 547 1633 626 episcopi
1660 547 1697 610 et

67 643 199 722 episcopi
213 642 329 704 saltem
342 658 402 718 pro
415 658 475 702 sua
490 641 598 703 salute
613 641 798 714 desisteret,
815 643 847 704 et
901 643 1051 704 ecclesiae
1060 643 1306 718 Lingonen.,ac
1315 644 1389 704 sine
1398 643 1489 706 omni
1498 644 1692 722 exceptione

67 743 92 802 ei
108 739 248 802 debitam
263 738 467 816 fidelitatem,
488 737 721 811 obedientiam,
739 739 772 802 et
787 755 845 800 re·
902 741 1012 802 omnia
1031 755 1071 802 ea
1090 741 1244 818 episcopo
1263 739 1421 818 praedicto
1436 741 1602 814 exhibeat,
1620 757 1693 818 quae

67 838 235 899 versutiam
254 835 438 908 exhiberet,
464 852 528 913 quo
547 837 668 912 spretis
689 836 848 898 monitio·
900 837 1101 900 thesaurarii
1115 838 1342 914 Lingonenses
1356 839 1539 914 lingonen.
1551 820 1696 902 consua-

66 935 151 996 nibus
176 934 298 995 nostris
322 933 359 994 in
379 949 448 994 suae
470 935 698 1010 perversitatis
722 933 847 996 duritia
900 935 1020 996 verunt
1043 935 1207 1012 episcopis
1229 934 1403 1007 exhibere,
1432 935 1524 998 selvo
1551 935 1615 998 sihi
1633 951 1694 1014 per

68 293 116 352 757

676 285 905 352 nrrsronra.
929 285 1007 346 nm.
1031 286 1069 372 u.

67 1031 261 1110 persistente,
282 1031 413 1092 demum
429 1032 625 1094 auctoritate
644 1034 760 1094 nostra
776 1032 846 1094 lata

67 1131 119 1190 fuit
132 1127 483 1190 excommunicationis
504 1130 669 1192 sententia
691 1130 726 1190 in
748 1146 845 1191 eum-

67 1226 140 1298 dem,
152 1243 250 1304 quam
263 1241 324 1288 nos
338 1226 534 1288 auctoritate
549 1226 739 1303 Apostolica
753 1227 849 1288 robo-

67 1325 210 1396 ravimus
223 1325 256 1386 et
266 1324 495 1386 mandavimus
507 1323 670 1400 publicari
683 1324 845 1386 solemni-

67 1425 118 1494 ter,
132 1437 169 1482 ac
186 1437 290 1498 usque
312 1421 353 1481 ad
375 1421 635 1483 satisfactionem
649 1423 846 1498 condignam

67 1519 292 1580 inuiolabiliter
305 1518 487 1590 observari,
505 1519 700 1580 mandantes
722 1519 848 1581 nihilo-

67 1618 220 1696 minus,ut
232 1617 268 1677 in
283 1620 355 1693 ejus
371 1616 560 1694 complices,
573 1618 607 1678 et
619 1616 765 1678 fautores
780 1617 846 1678 nisi

67 1715 243 1775 commoniti
263 1713 304 1774 ab
328 1717 401 1790 ejus
420 1715 555 1791 sequela
577 1715 776 1777 desisterent
800 1715 848 1776 si-

66 1811 142 1872 milis
164 1812 329 1873 sententie
351 1811 567 1890 proferretur.
597 1815 712 1889 Nuper
735 1814 847 1874 autem

66 1909 203 1969 canonici
216 1909 412 1985 Lingonen„
426 1911 541 1987 paucis
552 1909 714 1972 duntaxat
726 1926 848 1987 excep-

66 2007 101 2066 tis
111 2007 162 2082 qui
176 2007 290 2070 fovere
300 2009 409 2086 ipsum
418 2007 665 2070 thesaurarium
680 2009 716 2069 in
729 2009 847 2085 liujus-

66 2104 143 2165 modi
156 2104 285 2167 malitla
300 2122 365 2167 non
382 2105 571 2178 formidant,
588 2122 657 2167 non
673 2106 848 2168 attenden-

67 2202 107 2262 tes
131 2203 214 2278 quod
239 2203 290 2262 eis
314 2203 418 2280 possit
443 2220 485 2265 ex
513 2203 628 2265 farore
655 2204 846 2280 hup‘usmodi

66 2300 198 2372 euenire,
214 2299 312 2361 nobis
326 2301 398 2362 suis
410 2301 530 2362 litteris
545 2302 752 2372 intimarunt,
761 2302 847 2379 quod

68 2411 155 2478 quum
170 2397 327 2474 praefatus
347 2399 521 2474 episcopus
545 2398 716 2460 humiliter
733 2415 769 2459 se
789 2399 848 2460 ob-

69 2492 170 2556 tulerit
190 2495 231 2556 ad
255 2495 478 2556 exhibendam
498 2495 563 2572 ipsi
587 2496 798 2558 thesaurario
818 2496 846 2558 si

70 2589 158 2652 habet
170 2592 295 2668 aliquid
307 2592 465 2654 adversus
477 2609 549 2653 eum
557 2594 722 2670 justitiam
736 2609 847 2656 coram

902 1033 1013 1094 omnia
1030 1035 1107 1109 jnre
1122 1048 1194 1102 suo,
1214 1031 1243 1093 si
1259 1032 1419 1094 adversus
1439 1033 1591 1094 eumdem
1604 1033 1694 1110 epis-

902 1147 1019 1208 copum
1034 1129 1133 1191 habet
1147 1130 1294 1206 aliquam
1313 1130 1541 1207 quaestionem.
1557 1131 1648 1203 Quod
1663 1129 1693 1192 si

901 1228 1081 1304 persistens
1100 1228 1135 1289 in
1152 1227 1311 1290 consueta
1326 1227 1449 1290 duritia
1467 1244 1539 1306 quae
1554 1227 1692 1305 praemi-

902 1326 1005 1386 simus
1026 1341 1093 1386 non
1116 1325 1265 1388 effecerit
1283 1325 1370 1386 infra
1393 1325 1570 1387 terminum
1592 1340 1693 1402 supra

902 1423 1075 1499 scriptum,
1095 1437 1155 1486 vos
1178 1437 1221 1484 ex
1247 1425 1327 1484 tunc
1351 1421 1459 1500 ipsum
1481 1422 1693 1484 thesauraria

902 1521 1086 1595 Lingonen.
1103 1519 1266 1594 ecclesiae,
1279 1535 1318 1582 ac
1331 1519 1482 1580 omnibus
1495 1517 1572 1580 aliis
1586 1519 1695 1580 eccle-

903 1617 1049 1678 siasticis
1072 1617 1243 1678 beneficiis
1269 1633 1341 1702 quae
1368 1616 1467 1677 habet
1487 1617 1521 1677 in
1546 1616 1691 1688 civitate,

901 1714 1096 1776 veldioecesi
1107 1713 1302 1791 Lingonen„
1318 1713 1447 1774 sublato
1458 1713 1692 1790 appellationis

901 1812 1147 1888 impedimento,
1165 1811 1314 1887 privetis,
1333 1811 1449 1872 dantes
1473 1810 1527 1882 iis,
1546 1811 1587 1871 ad
1611 1825 1693 1887 quos

902 1911 1028 1988 spectat
1042 1927 1156 1971 eorum
1172 1910 1320 1982 donatio,
1340 1909 1479 1970 liberam
1503 1909 1693 1970 facultatem

902 2023 941 2068 ea
952 2007 1103 2083 personis
1117 2006 1246 2068 idoneis
1261 2005 1464 2068 conferendi.
1480 2004 1612 2078 Quodsi
1625 2020 1691 2066 non

902 2105 1096 2172 omnes,etc.
1108 2105 1226 2164 Datum
1237 2103 1403 2175 Laterani,
1413 2106 1567 2166 ivnonas
1580 2101 1689 2180 april„

903 2201 1113 2278 pontificatus
1128 2201 1233 2262 nostri
1249 2217 1337 2263 anno
1353 2200 1478 2280 quinto.

1215 2389 1383 2476 dccxli

930 2534 981 2593 Ad
1000 2532 1153 2592 addetam
1179 2531 1213 2592 ct
1233 2531 1439 2592 convocatam
1461 2529 1668 2591 monosterii

1034 2632 1068 2690 S:
1092 2631 1218 2689 Marica
1238 2631 1276 2688 tn
1296 2629 1555 2704 leocepoatnqa.

70 2691 200 2765 capitulo
222 2690 417 2767 Lingones,
436 2689 469 2752 et
489 2690 553 2766 ipsi
573 2707 668 2767 per...
686 2691 847 2752 decanum
946 2731 947 2736 κ

67 2801 151 2847 suurn
169 2804 270 2864 super
284 2787 350 2850 hoc
364 2788 491 2865 requiri
510 2787 650 2852 fecerint
666 2789 846 2850 thesaura-

68 2883 144 2944 rlum
166 2887 395 2958 memoratum,
418 2886 491 2961 ipse
517 2885 549 2947 id
573 2885 684 2948 facere
713 2886 847 2947 omnino

66 2995 210 3043 recusans
225 2983 258 3044 et
272 2999 331 3059 per
345 2998 392 3054 se,
409 2999 448 3044 ac
463 2998 523 3059 per
536 2984 802 3058 consanguineos
816 2983 848 3046 et

67 3077 139 3138 alios
154 3079 332 3158 complices
344 3096 422 3142 suos
433 3080 597 3141 insidians
611 3080 674 3156 ipsi
690 3081 847 3157 episcopo

67 3177 94 3235 et
109 3177 250 3252 praefatis
271 3179 453 3249 canonicis,
474 3191 514 3240 ac
533 3178 634 3240 etiam
655 3178 798 3250 clericis,
815 3177 848 3238 et

66 3271 239 3336 bominibus
264 3276 465 3346 eorumdem,
492 3291 630 3338 neceas
650 3289 848 3340 assecurare

66 3371 166 3433 volens
180 3374 352 3439 humiliter
366 3373 546 3450 requisitus
566 3388 670 3450 usque
692 3373 778 3438 adeo
791 3389 849 3435 ar-

65 3471 155 3534 mauit
170 3488 264 3534 suam
289 3471 450 3532 malitiam
472 3470 588 3534 contra
610 3485 679 3545 eos,
697 3471 785 3548 quod
804 3473 849 3536 ti·

66 3568 144 3628 ment
156 3570 255 3630 etiam
268 3569 304 3632 in
318 3569 391 3646 ipsa
406 3569 546 3632 ecclesia
560 3571 771 3632 commorari.
787 3570 849 3642 Qui

67 3664 166 3736 etiam,
180 3666 306 3744 rejecto
321 3665 407 3728 sicut
423 3666 611 3742 accepimus
623 3666 740 3730 habitu
754 3666 850 3729 cleri·

68 3761 133 3832 cali,
148 3763 349 3826 deformatus
368 3763 404 3826 in
426 3763 547 3826 laicum
570 3766 603 3825 et
626 3764 733 3826 factus
752 3766 849 3841 quasi

67 3859 204 3932 publicus
219 3861 382 3938 spoliator
400 3859 527 3924 fructus
546 3861 848 3924 ecclesiasticorum

67 3953 304 4027 beneficiorum,
320 3973 392 4034 quae
413 3958 549 4030 obtinet,
562 3959 718 4036 expendit
734 3960 770 4020 in
789 3960 850 4021 ba-

66 4052 212 4131 listarios,
227 4057 262 4120 et
272 4056 432 4127 arcarios,
447 4071 507 4132 per
519 4073 602 4132 quos
613 4057 750 4118 infestat
764 4059 849 4134 epis-

67 4166 172 4228 copum
192 4155 225 4216 et
246 4154 420 4216 ecclesiam
442 4155 627 4229 lingonen.
651 4155 691 4216 de
712 4155 848 4217 servitio

68 4249 244 4314 exhibendo
257 4251 420 4322 ecclesiis,
436 4267 456 4312 a
472 4251 592 4328 quibus
611 4253 685 4328 ipse
707 4253 850 4328 percipit

67 4343 215 4410 beneficia
234 4349 322 4426 apud
342 4365 417 4409 eum
429 4351 501 4425 jam
521 4349 648 4421 ultima,
667 4349 734 4410 imo
756 4350 849 4411 nulla

67 4445 185 4517 penitus
198 4443 338 4525 [hahita]
351 4447 545 4522 quaestione.
559 4447 650 4508 Licet
665 4447 769 4522 igitur
777 4450 848 4524 jam

68 4543 335 4614 nonmoneri,sed
353 4543 465 4619 puniri
480 4547 552 4620 ejus
565 4544 767 4620 perversitas
783 4561 849 4606 me-

67 4639 180 4713 reatur,
191 4657 266 4702 cum
276 4641 368 4702 tanta
380 4641 423 4702 sit
433 4643 505 4717 ejus
516 4640 749 4704 obstlnationis
761 4642 850 4702 duri·

66 4733 195 4807 flautei
203 4738 308 4814 possit
317 4738 434 4800 merito
448 4737 600 4814 adaptari
611 4738 697 4814 quod
710 4738 846 4814 legitur:

68 4831 91 4891 si
111 4834 319 4896 contunderis
338 4834 474 4896 stultum
496 4835 592 4911 quasi
617 4837 776 4912 typsanae
798 4835 849 4896 fe-

68 4929 163 4992 riente
173 4932 322 5008 desuper
332 4931 399 5008 pilo
412 4947 478 4994 uon
487 4932 658 4994 auferetur
668 4932 709 4993 ab
718 4948 757 4994 eo
770 4933 849 4994 stul-

68 5025 131 5088 linc
141 5029 277 5106 ejuscad
288 5029 467 5092 tollendam
476 5029 587 5092 tamen
599 5029 705 5092 eidem
717 5045 849 5091 omnem

68 5126 171 5188 contra
188 5143 248 5190 nos
263 5127 491 5188 murmurandi
514 5127 700 5196 materiam,
722 5127 849 5188 discre-

67 5219 140 5282 tioni
154 5227 272 5286 vestrae
285 5239 344 5300 per
357 5224 549 5300 Apostolica
563 5225 688 5300 scripta
709 5225 849 5286 manda-

68 5332 142 5392 mus,
166 5322 339 5398 quatenus,
364 5323 481 5383 tenore
513 5321 727 5398 praesentium
751 5322 848 5398 plene

69 5413 124 5475 sibi
137 5419 296 5494 exposito,
313 5418 490 5493 diligenter
504 5419 666 5480 moneatis
682 5419 846 5492 eumdem,

69 5513 97 5571 et
108 5513 136 5574 ei
153 5515 346 5578 auctoritate
360 5517 474 5578 nostra
495 5515 635 5578 firmiter
651 5516 845 5592 injungatis,

70 5607 101 5669 ut
115 5610 198 5674 infra
221 5627 378 5684 mensem,
399 5613 572 5690 postquam
592 5613 693 5676 fuerit
714 5629 734 5675 a
753 5613 846 5675 vobis

1119 2817 1124 2828 .
1185 2749 1315 2822 taprilis
1333 2749 1411 2807 ital.

1012 2863 1260 2930 [blittelrheinisches
1275 2863 1331 2921 tlh..
1343 2863 1386 2922 ΙΙΙ,
1401 2861 1454 2926 ill,
1471 2877 1497 2912 n.
1512 2863 1579 2930 loa]

903 2973 975 3032 Illud
989 2973 1195 3032 monesterium
1208 2971 1261 3029 sub
1280 2971 1356 3028 beati
1373 2971 1448 3028 Petri
1463 2978 1491 3028 et
1510 2986 1563 3028 sua
1582 2978 1693 3042 protec-

1189 3060 1266 3116 tione
1285 3059 1413 3130 suscipit.

941 3171 1109 3232 Honorius
1118 3170 1304 3246 episcopus,
1317 3183 1433 3230 servus
1445 3181 1616 3229 servorum
1623 3166 1695 3239 Dei,

903 3269 1035 3332 dilectis
1046 3267 1125 3328 filiis
1137 3266 1249 3328 abbati
1264 3266 1296 3328 et
1306 3266 1484 3326 conventui
1502 3264 1697 3326 monasterii

905 3368 1034 3428 Sanctae
1049 3365 1164 3426 Mariae
1184 3365 1219 3424 in
1234 3363 1494 3440 Wadegozinga,
1510 3361 1650 3424 salutem
1665 3361 1699 3422 et

887 3463 1119 3541 ‘apostolicam
1133 3461 1408 3523 benedictionem.

945 3561 1165 3622 sacrosancta
1181 3563 1331 3621 Romana
1351 3558 1501 3620 Ecclesia
1516 3557 1651 3620 devotos
1665 3557 1698 3619 et

903 3659 1047 3719 humiles
1077 3657 1163 3718 filios
1190 3671 1233 3718 ex
1259 3656 1401 3716 assuetae
1428 3655 1561 3731 pietatis
1587 3654 1697 3715 officio

903 3755 1101 3834 propensius
1117 3754 1256 3829 diligere
1271 3753 1459 3824 consuevit,
1474 3753 1507 3814 et
1520 3768 1563 3813 ne
1575 3767 1699 3829 pravo·

903 3871 977 3916 rum
989 3853 1161 3914 hominum
1174 3851 1338 3912 molestiis
1353 3848 1531 3926 agitentur,
1549 3865 1606 3909 eos
1622 3849 1699 3908 tan-

904 3967 1002 4030 quam
1018 3950 1072 4026 pia
1085 3950 1191 4010 mater
1206 3964 1275 4008 suae
1292 3948 1506 4024 protectionis
1516 3946 1699 4006 munimine

904 4049 1090 4112 confovere.
1124 4047 1324 4124 Eapropter,
1355 4045 1468 4106 dilecti
1497 4045 1532 4106 in
1559 4044 1698 4104 Domino

904 4147 976 4220 filii,
992 4146 1113 4207 vestris
1121 4145 1222 4222 Justis
1238 4141 1516 4221 postulationihus
1529 4141 1695 4208 inclinati,

903 4260 1064 4321 personas
1092 4243 1220 4304 vestras
1244 4242 1277 4303 et
1301 4242 1409 4302 locum
1438 4239 1558 4318 inquo
1583 4239 1696 4300 divino

904 4343 983 4404 estis
998 4341 1157 4418 obsequio
1170 4339 1362 4416 mancipati,
1380 4354 1454 4399 cum
1465 4337 1618 4398 omnibus
1633 4336 1696 4396 bo-

903 4441 967 4512 nis,
999 4456 1072 4518 quae
1102 4440 1138 4500 in
1170 4438 1425 4516 praesentiarum
1456 4435 1700 4498 rationabiliter

903 4537 1079 4614 possidetis
1094 4535 1196 4597 autin
1212 4535 1359 4596 futurum
1373 4534 1549 4610 praestante
1559 4532 1699 4594 Domino

903 4635 1055 4712 poteritis
1075 4633 1175 4710 justis
1207 4632 1315 4692 modis
1338 4631 1490 4708 adipisci,
1523 4630 1584 4690 sub
1610 4629 1699 4691 beati

903 4733 993 4794 Petri
1010 4732 1043 4792 et
1053 4731 1165 4791 nostra
1177 4730 1381 4806 protectione
1395 4729 1604 4805 suscipimus.
1616 4730 1700 4804 Spe-

903 4830 1034 4891 cialiter
1049 4833 1159 4889 autem
1176 4827 1351 4888 ecclesiam
1370 4827 1409 4887 de
1424 4825 1637 4896 Eherswiler,
1658 4826 1699 4886 de

902 4925 1055 4990 Altwiler
1081 4941 1156 4986 cum
1182 4925 1223 4985 de
1237 4923 1390 4998 Wiviler,
1413 4924 1453 4984 de
1471 4924 1651 4985 Macharen
1666 4923 1699 4985 et

903 5021 1296 5099 deWalmanencapellis
1307 5023 1339 5083 et
1350 5037 1463 5083 earum
1475 5020 1695 5098 pertinentiis,

900 5125 955 5199 jus
982 5121 1178 5198 patronatus
1200 5120 1351 5181 ecclesiae
1370 5119 1410 5178 de
1434 5117 1577 5178 Eswiler
1594 5117 1627 5178 et
1641 5133 1699 5178 ca-

902 5219 1024 5297 pellam
1039 5219 1079 5278 de
1093 5219 1217 5286 Bisten,
1230 5231 1290 5277 nec
1306 5229 1372 5276 non
1387 5215 1454 5276 alia
1469 5214 1555 5275 bona
1570 5215 1695 5287 vestra,

903 5317 988 5378 sicut
1007 5331 1047 5377 ea
1066 5317 1177 5376 omnia
1189 5314 1279 5392 juste
1296 5327 1335 5374 ac
1355 5311 1493 5389 pacifice
1508 5311 1697 5388 possidetis,

902 5415 996 5476 vobis
1012 5415 1044 5475 et
1056 5430 1117 5491 per
1127 5429 1184 5474 vos
1199 5409 1402 5472 monasterio
1417 5409 1530 5470 vestro
1545 5410 1697 5470 auctori-

902 5511 969 5574 tate
989 5511 1179 5587 Apostolica
1199 5508 1433 5570 confirmamus
1466 5507 1498 5568 et
1523 5507 1697 5584 praesentis

878 5603 880 5606 ⁴
903 5609 1016 5687 scripti
1038 5607 1224 5686 patrocinio
1245 5603 1498 5667 communimus.
1521 5604 1613 5666 Nulli
1627 5620 1700 5666 om-
