3946 6304
54 325 102 385 ccl
664 323 893 385 EPISTOLAE.
916 321 994 386 ΜΒ.
1019 323 1056 386 V.
1622 331 1682 394 602

49 487 126 544 tores
141 481 227 544 circa
240 481 400 544 virtutum
417 480 580 558 plantaria
601 481 759 544 debemus
773 483 829 544 di·
885 499 904 545 a
920 483 1041 561 majori
1059 483 1091 546 et
1112 484 1238 546 saniori
1260 500 1375 546 eornm
1390 487 1495 564 parte,
1519 490 1575 566 qui
1590 505 1681 568 prae-

49 578 219 655 ligeutioris
241 578 378 640 culturae
393 593 433 640 ac
452 593 540 640 curae
563 579 707 640 studium
727 580 829 642 adbi-
885 581 1055 656 ponendus
1066 580 1176 654 fuerit,
1189 581 1342 660 eligatur.
1360 587 1465 646 Porro
1476 586 1560 646 nulli
1575 589 1685 650 eccle-

48 679 125 748 bere,
149 674 311 738 novellam
331 676 568 752 plantationem
586 680 730 742 vestram
754 693 831 740 rore
886 677 1032 739 siasticae
1051 678 1247 741 saecularive
1261 695 1413 757 personae
1428 681 1610 758 infringere
1629 685 1683 746 vel

49 774 231 851 apostolica
254 773 372 848 gratiae
393 774 537 850 irrigare
559 775 773 851 proponimus
797 776 831 836 et
885 774 1036 836 minuere
1051 775 1150 837 liceat
1164 778 1420 840 consuetudines
1435 779 1476 839 ad
1492 781 1611 842 restrae
1627 796 1683 843 re·

48 871 281 934 foecunditatem
303 871 465 934 bonorum
484 887 631 948 operum,
653 887 718 950 qua
739 873 831 948 viget
885 871 1020 948 ligionis
1038 874 1073 935 ct
1089 872 1190 935 officii
1205 873 1450 937 observantiam
1475 891 1494 937 a
1520 878 1682 954 magistro

48 969 81 1031 ad
96 985 237 1046 praesens
252 969 285 1030 et
298 969 424 1044 vigebit
442 969 555 1031 divina
575 968 707 1032 favente
722 970 829 1046 gratia
884 972 918 1032 et
939 969 1097 1032 fratribus
1123 969 1303 1034 salubriter
1329 963 1507 1035 institutas.
1538 975 1681 1038 Easdem

48 1067 241 1137 infuturum,
257 1067 427 1142 vigilantis
442 1080 532 1128 curm
547 1067 715 1144 impendio
733 1067 831 1144 adju·
885 1083 1015 1145 qnoque
1047 1069 1302 1130 consuetudines
1337 1085 1357 1130 a
1383 1070 1477 1132 vobis
1510 1071 1683 1149 aliquanto

48 1179 126 1226 vare.
139 1165 330 1240 Eapropten
348 1163 461 1226 dilecti
476 1164 511 1224 in
523 1165 662 1226 Domino
672 1163 744 1235 filii,
758 1179 831 1226 ves·
884 1165 1032 1241 tempore
1048 1164 1239 1226 observatas
1254 1169 1288 1228 et
1302 1167 1426 1243 scripto
1439 1167 1598 1237 firmatas,
1615 1170 1681 1231 nisi

48 1263 99 1324 tris
120 1262 217 1338 justis
252 1260 528 1338 postulationibus
564 1261 745 1324 clementer
768 1276 831 1322 an·
885 1260 926 1322 ab
945 1277 995 1334 ec,
1012 1263 1069 1339 qui
1088 1263 1249 1338 magister
1267 1264 1425 1335 extiterit,
1452 1266 1681 1329 consentiente

49 1359 167 1420 unimus
180 1359 214 1418 et
228 1356 360 1420 domum
372 1359 516 1420 vestram
530 1375 590 1420 seu
604 1359 780 1436 hospitale,
794 1359 829 1419 in
884 1361 995 1421 tamen
1007 1359 1133 1421 saniori
1148 1361 1241 1437 parte
1256 1361 1404 1439 capituli,
1422 1377 1487 1424 non
1505 1363 1605 1425 liceat
1618 1365 1683 1425 im-

49 1472 102 1534 quo
118 1455 196 1517 estis
215 1455 258 1516 ad
278 1455 337 1516 Dei
358 1455 489 1517 laudem
512 1457 545 1518 et
567 1456 708 1534 gloriam
732 1458 830 1534 atque
884 1457 1020 1519 mutari.

49 1552 263 1614 defensionem
276 1569 410 1614 suorum
421 1553 569 1616 fidelium
580 1555 613 1616 et
624 1553 830 1614 liberandam
925 1553 1144 1616 prohibemus
1159 1555 1295 1635 insuper
1309 1558 1342 1620 et
1361 1557 1558 1620 omnimodis
1572 1559 1680 1622 inter-

49 1650 158 1712 Cbristi
172 1650 355 1712 Ecclesiam
367 1651 571 1727 congregati,
588 1667 663 1714 cum
678 1649 830 1712 omnibus
886 1649 1036 1722 dicimus,
1061 1667 1103 1713 ne
1125 1652 1194 1714 ulla
1215 1654 1443 1716 ecclesiastica
1467 1657 1682 1718 saecularisve

49 1747 301 1824 possessionibus
325 1751 359 1810 et
379 1747 475 1810 bonis
499 1749 583 1821 suls,
597 1764 672 1826 quae
693 1749 729 1809 in
744 1763 832 1825 prae·
885 1763 1028 1824 persona
1054 1763 1075 1809 a
1100 1750 1259 1825 magistro
1288 1753 1321 1813 et
1346 1750 1504 1812 iratribus
1532 1753 1682 1829 eJusdem

48 1847 217 1906 sentiarum
233 1846 381 1921 legitime
402 1846 525 1908 habere
547 1846 760 1922 cognoscitur
774 1847 832 1907 ant
886 1844 1002 1906 domus
1016 1846 1152 1922 exigere
1170 1847 1291 1910 audeat
1314 1847 1500 1921 fidelitates,
1518 1849 1679 1922 hominia,

49 1943 230 2004 infuturum
250 1943 466 2006 concessione
483 1943 688 2021 pontificum,
706 1943 832 2005 libera·
882 1944 1072 2020 juramenta
1096 1959 1155 2006 seu
1178 1946 1374 2008 securitates
1393 1947 1551 2023 reliquas,
1574 1963 1683 2024 quaea

49 2040 127 2102 litate
144 2055 263 2117 regum
282 2039 335 2101 rel
349 2041 547 2117 principum,
564 2039 730 2102 oblatione
744 2039 830 2102 flde-
886 2040 1102 2102 sacularibus
1123 2040 1385 2119 frequentantur.
1407 2043 1579 2104 Fratribus
1599 2060 1683 2121 quo·

47 2136 116 2197 lium
143 2153 203 2198 seu
226 2137 302 2198 aliis
321 2137 542 2214 justismodis
564 2140 742 2216 praestante
766 2140 831 2199 Do-
885 2153 949 2215 que
961 2137 1081 2200 vestris
1096 2140 1170 2215 post
1183 2137 1303 2201 factam
1316 2140 1351 2200 iu
1364 2140 1460 2201 domo
1472 2141 1583 2202 vestra
1598 2157 1681 2217 pro-

48 2236 124 2296 mino
147 2235 270 2311 poterit
294 2235 448 2312 adipisci,
475 2235 536 2298 sub
569 2235 659 2298 beati
683 2237 773 2297 Petri
799 2235 832 2296 et
885 2233 1110 2298 sessionemet
1124 2235 1458 2314 habitumreligionis
1472 2239 1682 2315 assumptum

49 2333 147 2393 nostra
163 2332 370 2408 protectione
388 2333 587 2410 suscipimus
604 2335 637 2395 et
658 2333 831 2410 praesentis
885 2330 1074 2394 revertendi
1084 2333 1126 2396 ad
1140 2334 1298 2395 saeculum
1309 2350 1439 2396 omnem
1451 2334 1681 2398 interdicimus

48 2429 149 2504 scripti
162 2429 342 2506 privilegio
362 2429 615 2502 communimus,
637 2431 829 2501 statuentes,
886 2427 1077 2492 facultatem
1102 2447 1165 2492 nec
1188 2431 1290 2492 alicui
1321 2447 1436 2492 eorum
1460 2431 1510 2493 fas
1537 2433 1580 2495 sit
1605 2435 1679 2511 post

48 2528 77 2585 ut
109 2527 275 2604 perpetuis
303 2526 491 2604 futurisque
528 2527 733 2604 temporibus
770 2525 831 2588 sub
886 2527 1008 2591 factam
1029 2527 1270 2605 professionem
1292 2530 1326 2592 et
1353 2529 1455 2592 semel
1479 2532 1685 2609 assumptam

48 2624 233 2699 spostolicae
252 2623 346 2685 Sedis
364 2625 516 2686 tutelast
537 2624 729 2698 defensione
751 2639 832 2688 con·
886 2641 1018 2687 crucem
1040 2625 1190 2688 habitum
1213 2628 1333 2690 vestrae
1357 2627 1597 2704 professionnis
1619 2629 1682 2691 ab·

50 2722 163 2782 sistant.
188 2721 373 2783 statuimus
397 2722 508 2793 edam,
535 2723 570 2784 ut
588 2723 669 2784 ordo
692 2721 830 2784 fratrum
882 2722 988 2800 jicere
1013 2723 1066 2784 val
1093 2722 1133 2783 ad
1164 2721 1267 2784 alium
1294 2724 1403 2784 locum
1438 2725 1576 2800 majoris
1610 2725 1682 2788 sive

52 2817 223 2894 Hospitalis
237 2818 532 2898 Hierosolymitani
554 2819 643 2880 circa
667 2833 830 2895 pauperes
887 2818 1026 2879 minoris
1048 2819 1223 2895 religionis
1244 2819 1380 2882 obtentu
1402 2821 1517 2882 invitis
1537 2809 1608 2882 sire
1629 2823 1684 2882 in-

48 2916 75 2975 at
85 2916 243 2984 infirmos,
255 2915 337 2977 ordo
350 2931 430 2977 raro
441 2915 579 2977 fratrum
592 2917 719 2977 militiae
734 2919 832 2976 Tem·
886 2915 1047 2977 consultis
1064 2914 1223 2977 fratribus
1237 2916 1294 2979 aut
1306 2931 1346 2976 eo
1359 2916 1415 2992 qui
1431 2918 1590 2992 magister
1601 2919 1684 2980 exti-

50 3013 88 3086 pli
100 3014 185 3076 circa
203 3012 343 3074 clericos
359 3013 392 3074 et
407 3013 530 3075 milites
550 3027 589 3074 ec
611 3013 697 3074 alios
712 3013 831 3075 iratres
886 3013 964 3075 terit
977 3013 1138 3088 migrare3
1156 3014 1304 3090 nullique
1322 3013 1558 3077 ecclesiasticae
1578 3029 1681 3076 saecu·

45 3113 129 3184 juna
152 3109 398 3172 institutionem
421 3110 539 3172 domus
561 3112 682 3172 vestrae
708 3125 830 3187 perpe·
886 3109 992 3172 larive
1016 3125 1167 3186 personae
1192 3109 1282 3188 ipsos
1309 3110 1480 3187 suscipere
1505 3111 1606 3175 liceat
1628 3114 1682 3175 vel

49 3208 104 3267 tuis
117 3207 240 3270 ibidem
254 3207 458 3284 temporibus
473 3207 678 3270 observetur.
695 3206 745 3269 Ad
760 3207 832 3268 haec
888 3207 1010 3268 tenere.
1028 3208 1115 3268 Sane
1129 3206 1279 3268 laborum
1294 3209 1491 3279 vestrorum,
1509 3225 1591 3286 quos
1604 3227 1679 3289 pro·

49 3307 222 3378 statuimus,
254 3307 301 3377 ut,
327 3321 401 3366 cum
431 3321 490 3381 pro
517 3304 640 3368 tuenda
667 3304 831 3367 catholica
886 3304 969 3382 priis
1002 3304 1154 3366 manibus
1184 3305 1242 3366 aut
1275 3305 1460 3382 sumptibus
1484 3308 1604 3380 colitis,
1641 3309 1684 3372 de

49 3403 183 3465 Ecclesia
197 3403 233 3466 et
246 3417 297 3475 ea,
319 3403 459 3480 quaeest
476 3402 538 3463 sub
557 3417 762 3480 paganorum
776 3402 832 3479 ty·
887 3401 1152 3479 possessionibus
1175 3402 1297 3464 habitis
1319 3405 1397 3465 ante
1416 3405 1599 3466 Concilium
1621 3421 1682 3482 ge-

49 3501 185 3573 rannide,
209 3500 252 3562 de
267 3499 415 3578 ipsorum
434 3500 594 3578 spurcitia
609 3499 755 3562 eruenda
779 3499 834 3559 in·
887 3498 1011 3570 nerale,
1029 3513 1088 3558 seu
1102 3497 1142 3559 de
1158 3498 1342 3559 vestrorum
1360 3499 1554 3560 animalium
1572 3502 1683 3562 nutri·

48 3597 161 3674 trepide
174 3597 345 3668 laboretis,
361 3597 463 3659 liceat
475 3597 570 3660 robis
584 3596 690 3658 libere
701 3596 736 3658 in
753 3589 832 3658 usus
888 3595 1007 3656 mentis
1029 3595 1140 3656 nullus
1161 3610 1182 3657 a
1205 3593 1300 3656 vobis
1319 3595 1464 3657 decimas
1480 3597 1615 3673 exigere
1630 3598 1683 3660 vel

49 3697 162 3756 vestros
177 3695 374 3757 convertere
393 3709 444 3768 ea,
459 3709 532 3772 quae
551 3694 592 3756 de
607 3695 722 3771 spoliis
737 3695 831 3771 ipso·
888 3693 1085 3769 extorquere
1124 3693 1313 3768 praesumat.
1345 3693 1393 3753 lid
1430 3693 1502 3754 baec
1537 3693 1683 3755 decimas

49 3806 111 3852 rum
140 3793 298 3871 ceperitis
323 3805 544 3870 paganorum
574 3795 617 3864 et,
646 3807 688 3853 ne
714 3792 754 3852 de
779 3791 832 3852 bis
888 3803 970 3866 quas
996 3787 1135 3850 consilio
1161 3790 1195 3850 et
1220 3803 1358 3851 assensu
1384 3788 1614 3867 episcoporum
1642 3791 1683 3852 de

49 3890 151 3952 contra
164 3889 254 3952 velle
275 3889 421 3952 restrum
437 3889 621 3966 portionem
637 3889 738 3950 alicui
753 3889 833 3950 dare
888 3901 988 3948 mauu
1003 3885 1200 3948 clericorum
1216 3886 1269 3946 vel
1291 3885 1451 3946 laicorum
1473 3886 1596 3948 habere
1617 3903 1682 3963 po-

49 3987 213 4062 cogamini,
243 3987 466 4064 probibemus.
506 3987 668 4048 Praesemi
703 4001 833 4064 qnoque
887 3982 1006 4054 teritis,
1021 3997 1146 4060 quasve
1164 3982 1448 4044 consentientibus
1467 3983 1634 4061 episcopis
1650 3987 1684 4047 et

50 4082 167 4146 decreto
185 4084 368 4156 sancimus,
389 4085 426 4146 ιιι
441 4083 561 4146 fratres
583 4085 618 4144 in
636 4084 733 4148 domo
757 4099 834 4144 ves-
888 4094 1002 4142 eorum
1015 4079 1146 4142 clericis
1163 4079 1356 4157 acquiretis,
1374 4079 1570 4142 auctoritate
1588 4080 1682 4143 vobis

49 4181 91 4240 tra
105 4183 169 4242 Deo
184 4180 368 4244 servientes
384 4183 474 4242 caste
489 4182 523 4244 et
538 4182 611 4244 sine
632 4181 768 4258 proprio
781 4181 833 4242 vi·
888 4177 1077 4254 Apostolrca
1092 4177 1338 4238 confirmamus.
1356 4177 1398 4238 Ut
1411 4178 1520 4238 autem
1535 4177 1629 4240 vobis
1642 4179 1684 4240 ad

49 4280 117 4340 rant
135 4281 170 4340 et
187 4277 431 4356 professionem
446 4293 540 4340 suam
558 4277 656 4340 dictis
678 4279 711 4340 et
730 4279 834 4340 mori-
888 4290 1002 4336 curam
1020 4274 1208 4335 animarum
1225 4277 1411 4337 vestrarum
1428 4276 1462 4336 et
1482 4275 1600 4336 salutis
1613 4276 1686 4353 ple-

49 4371 101 4435 bus
115 4373 367 4454 comprobantes
386 4375 545 4452 magistro
563 4389 623 4436 suo
638 4377 696 4438 aut
714 4375 833 4453 quibus
888 4369 1073 4436 nitudinem
1088 4371 1173 4432 nibil
1192 4372 1279 4434 desit
1293 4371 1392 4449 atque
1407 4374 1614 4435 sacramenta
1628 4389 1686 4435 ec-

50 4470 111 4546 ipse
120 4473 317 4551 praeceperit
328 4472 468 4548 subjecti
481 4473 514 4536 et
534 4471 725 4535 obedientes
737 4472 832 4534 enis-
889 4469 1077 4532 clesiastica
1105 4471 1138 4530 et
1167 4469 1283 4532 divina
1311 4467 1421 4530 officia
1448 4471 1561 4532 vestro
1588 4485 1686 4534 sacro

50 4571 119 4632 tant.
135 4574 316 4641 Praeterea,
331 4569 606 4648 quemadmodum
630 4571 746 4635 domus
761 4571 835 4647 ipsa
889 4567 1029 4643 collegio
1044 4565 1247 4628 commodius
1266 4566 1400 4629 valeant
1419 4565 1582 4638 exhiberi,
1603 4583 1685 4630 san·

50 4668 158 4729 vestrae
179 4668 304 4730 sanctae
325 4666 546 4730 institutionis
567 4669 600 4730 et
619 4667 745 4729 ordinis
761 4667 834 4729 fons
889 4665 1005 4737 cimus,
1022 4666 1059 4726 ut
1079 4664 1179 4726 liceat
1197 4663 1292 4725 vobis
1315 4663 1470 4728 honestos
1490 4664 1630 4727 clericos
1653 4665 1686 4728 et

49 4765 176 4842 etorigo
192 4779 267 4828 esse
281 4765 476 4842 promeruit,
502 4766 550 4828 ita
571 4765 719 4826 omnium
738 4765 833 4828 loco·
890 4761 1078 4825 sacerdotes
1107 4761 1287 4822 secundum
1317 4763 1420 4822 Deum
1453 4763 1611 4839 quantum
1643 4763 1685 4826 ad

50 4877 114 4922 mm
127 4864 167 4924 ad
181 4878 256 4925 eam
271 4863 505 4939 pertinentium
516 4864 615 4939 caput
628 4863 662 4924 et
675 4863 834 4948 magistra
889 4861 1033 4922 vescam
1058 4859 1230 4921 scientiam
1261 4859 1431 4920 ordinatos
1457 4861 1686 4938 undecumque

50 4958 283 5037 inperpetuum
298 4959 472 5021 habeatur.
488 4957 536 5022 nd
552 4960 625 5020 baec
639 4960 834 5037 adjicientes
889 4957 1005 5020 advos
1019 4956 1190 5018 venientes
1205 4955 1375 5032 suscipere
1389 4957 1423 5018 et
1433 4956 1501 5017 tam
1517 4958 1552 5018 iu
1565 4958 1687 5034 princi·

52 5057 262 5134 precipimus,
283 5058 330 5128 ut,
351 5057 494 5119 obeunte
507 5058 541 5118 te
563 5057 597 5116 in
613 5056 763 5130 Domino,
786 5056 834 5117 iili
889 5054 957 5131 pali
972 5053 1068 5115 domo
1082 5051 1192 5114 restra
1205 5067 1303 5130 quam
1319 5051 1419 5112 etiam
1433 5051 1469 5112 in
1484 5051 1683 5114 obedientiis

52 5153 241 5226 Hermanno,
257 5155 454 5230 domusjam
476 5153 572 5216 dictae
592 5154 760 5230 magister,
780 5153 834 5216 vel
889 5152 923 5214 et
947 5149 1030 5212 locis
1056 5149 1196 5212 subditis
1224 5149 1394 5210 vobiscum
1425 5147 1559 5221 habere,
1586 5148 1685 5210 dum-

52 5251 172 5312 tuorum
192 5251 340 5329 quolibet
359 5264 598 5323 successorum,
618 5251 730 5312 nullus
745 5253 836 5329 ejus·-
890 5248 997 5320 modo,
1014 5247 1043 5308 si
1062 5263 1081 5308 e
1099 5246 1210 5308 vicino
1225 5247 1302 5318 sint,
1323 5262 1380 5307 ecs
1400 5261 1419 5306 a
1438 5245 1581 5322 propriis
1596 5247 1687 5324 epis-

52 5347 117 5408 dcm
130 5349 245 5412 domus
260 5348 417 5410 fratribus
435 5351 647 5426 praeponatur
664 5350 730 5410 nisi
743 5349 835 5409 mili·
890 5346 982 5422 copis
1003 5344 1360 5422 expetatis;'iidemque
1374 5342 1459 5404 nulli
1479 5343 1537 5403 alii
1554 5343 1684 5420 profes·

51 5446 125 5506 taris
138 5448 171 5509 et
184 5446 343 5522 religiosa
358 5461 512 5522 persona,
529 5461 602 5523 qum
616 5447 761 5508 vestram
780 5459 836 5507 re-
891 5443 978 5504 sioni
993 5442 1045 5505 vel
1060 5440 1171 5503 ordini
1195 5440 1330 5503 obnoxii
1352 5441 1536 5502 teneantur.
1562 5442 1687 5513 Quodsi

52 5540 199 5616 ligionem
223 5546 256 5606 et
281 5543 430 5605 habitum
454 5543 498 5604 sit
518 5543 679 5618 professa,
706 5557 768 5604 nec
794 5542 835 5604 ab
891 5539 1037 5616 episcopi
1061 5553 1119 5600 eos
1143 5538 1237 5601 vobis
1255 5537 1436 5598 concedere
1456 5536 1542 5599 forte
1568 5539 1688 5598 nolue-

53 5639 120 5700 allis
133 5643 199 5705 nisi
216 5643 257 5705 ab
279 5639 431 5703 omnibus
450 5639 606 5702 fratribus
626 5639 761 5702 insimul
783 5640 835 5704 vel
889 5638 968 5709 rint,
982 5633 1320 5700 nihilominnstamen
1334 5634 1465 5696 eosdem
1482 5635 1685 5710 suscipiendi
