4066 6290
292 345 353 408 iot
909 335 1085 410 HONORII
1107 347 1153 410 111
1174 349 1323 413 OPERA.
1878 359 1938 422 868

290 505 388 586 quasi
403 503 603 567 connubium
622 503 842 582 aspernando,
864 505 954 583 ipsos
973 521 1033 584 per
1050 507 1084 570 te
1140 507 1406 572 ecclesiasticam
1439 503 1664 590 appellatione
1693 515 1821 578 remota
1846 531 1942 578 com-

290 615 330 666 ac
345 603 429 666 alios
445 603 662 666 ecclesiarum
679 603 846 680 praelatos,
863 617 906 666 ne
923 619 998 665 cum
1014 605 1083 667 tota
1138 621 1267 682 poscas.
1301 607 1420 669 Datum
1452 610 1609 672 Laterani
1612 655 1687 686 ......
1723 613 1939 691 pontificatus

290 701 344 764 die
357 701 446 764 circa
462 701 733 780 propagationem
748 701 781 762 et
796 700 1023 763 dilatationem
1033 702 1085 764 vi·
1142 703 1249 764 nostri
1261 718 1351 766 anno
1367 705 1495 784 quinto.
1617 745 1625 758 ·

291 814 363 860 neas
384 799 566 860 Dominleie
582 798 734 860 steterint
753 799 862 871 otiosi,
880 799 966 876 quod
986 813 1084 861 nemo

289 912 348 960 eos
364 895 571 968 conduxerit,
586 893 720 958 valeant
742 898 908 968 excusari,
932 897 1084 959 ducimus

289 995 495 1064 excitandos,
523 997 613 1057 utet
637 995 672 1055 in
697 996 760 1056 bac
787 995 962 1056 undecima
986 996 1081 1067 bora,
1173 1031 1450 1106 Adarchtemwo
1474 1050 1512 1097 03
1542 1039 1655 1098 emo
1698 1052 1716 1099 S
1765 1038 1778 1100 ί
1849 1044 1904 1102 le·

288 1092 442 1156 conducti
453 1093 682 1170 mandragoris
694 1091 1085 1170 Lyae,ingredianturcu·
1242 1153 1251 1168 ,
1278 1121 1283 1138 ι
1351 1051 1763 1196 siasttgos'scgmdafg'e
1792 1054 1850 1102 σω

287 1189 447 1264 biculum,
456 1192 490 1253 et
502 1191 635 1254 vineam
648 1190 780 1253 Domini
792 1191 947 1252 studeant
961 1205 1085 1269 propa·
1482 1253 1488 1264 ,
1522 1253 1539 1268 ,,
1713 1177 1721 1196 '

286 1305 379 1366 gare,
396 1288 581 1351 laboraturi
596 1289 692 1366 quast
708 1288 803 1350 brevi
818 1287 909 1350 borae
925 1289 1032 1366 spatio
1047 1289 1081 1349 in
1183 1332 1185 1341 .
1225 1364 1268 1376 Η
1393 1251 1540 1378 ..ΜΨ
1556 1255 1636 1314 ¹²²¹·

286 1387 403 1450 eadem
417 1386 451 1448 et
467 1386 578 1447 diurni
593 1385 722 1447 denarii
745 1386 888 1464 pretium
902 1386 1081 1463 recepturi.
1179 1363 1310 1430 [wanno
1323 1365 1436 1420 ⁰⁰⁰⁰²¹¹²
1451 1369 1590 1420 adunus
1604 1374 1630 1420 θ’
1641 1370 1775 1432 nmmo
1789 1372 1811 1437 ¹·
1822 1372 1895 1439 Μ]

286 1485 448 1560 Quocqroa
476 1483 679 1548 fraternitati
710 1483 773 1546 quae
803 1499 862 1562 per
891 1484 1083 1561 Apogmlqca
1154 1472 1188 1530 ln
1202 1473 1444 1548 quinquagesimo
1458 1487 1535 1532 enno
1549 1477 1744 1536 translationis
1758 1480 1787 1537 S.
1799 1477 1921 1538 Tbomn

284 1583 410 1661 scripta
431 1581 641 1654 mandamus,
665 1582 828 1659 quatenus
850 1582 885 1643 in
909 1581 1082 1658 provincia
1277 1561 1443 1620 mumdum
1458 1561 1637 1638 indulssffltifl
1652 1566 1791 1638 illenim·

284 1682 343 1743 tua
359 1684 501 1758 quatuor
519 1679 611 1740 viros
631 1678 799 1756 opinionis
817 1679 957 1740 sincerae
975 1679 1008 1741 et
1021 1679 1081 1741 lit·
1176 1679 1344 1740 lloncrius
1355 1679 1851 1758 episcopus,servusservorum
1860 1686 1936 1759 Dei,

283 1779 443 1842 teraturae
458 1776 681 1854 probataevel
696 1777 775 1850 tres,
788 1792 849 1838 seu
864 1777 981 1838 saltem
999 1777 1082 1838 duos
1136 1775 1385 1838 venerabilibus
1413 1777 1572 1841 fratribus
1598 1782 1721 1845 nosuis
1747 1782 1939 1860 archiepis-

284 1877 523 1954 cujuscumque
541 1874 715 1951 religionis
732 1874 785 1936 vel
803 1873 942 1946 ordinis,
959 1873 992 1937 et
1006 1874 1081 1936 Cis·
1137 1873 1241 1951 copis,
1255 1873 1433 1952 episcopis,
1449 1876 1483 1938 et
1496 1874 1626 1940 dilectis
1639 1877 1729 1952 liliis,
1741 1881 1810 1942 tam
1824 1881 1941 1942 eccle-

282 1973 460 2036 terciensis
475 1972 659 2050 praesertim
674 1969 722 2052 (1)
733 1973 787 2034 cui
800 1973 959 2034 Dominus
974 1971 1080 2034 bene·
1136 1949 1281 2033 siasticis
1295 1987 1395 2049 quam
1412 1974 1631 2036 saecularibus
1652 1977 1817 2054 personis,
1835 1977 1937 2040 salu-

283 2070 368 2134 dixit
387 2086 407 2134 a
428 2070 513 2132 mari
534 2085 638 2147 usque
657 2069 699 2132 ad
723 2085 816 2132 mare
837 2069 944 2146 ipsius
963 2071 1082 2132 exten·
1135 2069 1201 2130 tem
1216 2069 1250 2131 et
1264 2070 1480 2146 apostolicam
1494 2071 1770 2136 benedictionem.

283 2167 390 2230 dendo
413 2167 578 2244 palmites,
598 2167 715 2244 eligas,
731 2167 788 2244 qul
808 2181 908 2244 super
931 2168 1081 2229 nitentes
1175 2167 1303 2238 Quanto
1321 2167 1523 2230 venerabilis
1544 2171 1672 2248 martyr
1694 2172 1839 2234 Thomas
1859 2189 1938 2235 mo·

282 2269 399 2333 astum
417 2265 647 2338 ascendentes,
664 2265 890 2343 habentesque
914 2265 1017 2326 vitam
1044 2265 1080 2326 in
1134 2262 1247 2326 demis
1261 2265 1467 2342 temporibus
1488 2267 1605 2330 contra
1621 2269 1788 2332 versutias
1802 2270 1937 2348 antiqui

147 2395 152 2412 ι
281 2364 444 2441 patientia
460 2365 492 2426 et
505 2365 643 2426 mortem
658 2363 691 2424 in
709 2363 874 2425 desiderio
891 2363 1007 2441 sponte
1021 2379 1081 2424 ve-
1135 2361 1251 2434 bostis,
1270 2363 1328 2440 qui
1352 2365 1535 2426 Ecclesiam
1562 2365 1622 2428 Dei
1642 2367 1841 2444 impugnare
1861 2385 1936 2430 non

282 2462 345 2524 lint
355 2461 485 2523 animas
497 2476 575 2522 suas
590 2460 712 2522 offerre
725 2461 910 2522 discrimini
922 2475 962 2522 ac
976 2459 1081 2522 bene·
1134 2461 1256 2532 cessat,
1280 2459 1448 2536 gloriosus
1471 2461 1700 2540 triumphavit,
1726 2465 1760 2526 et
1784 2467 1938 2527 cantua-

282 2559 394 2622 dicere
404 2558 556 2632 Domine,
569 2559 689 2636 parati,
702 2574 762 2636 pro
774 2559 881 2634 ipsius
892 2558 1037 2630 nomine,
1048 2555 1080 2618 si
1133 2556 1278 2618 riensem
1312 2557 1487 2620 ecclesiam
1523 2559 1669 2624 reddidit
1702 2563 1847 2638 pretioso
1874 2565 1937 2624 sui

282 2673 365 2736 opus
389 2655 501 2729 luerit,
515 2656 712 2735 martyrium
732 2655 908 2728 sustinere,
930 2671 971 2718 ac
987 2656 1079 2732 ipsos
1133 2655 1284 2730 corporis
1305 2656 1469 2732 sanguine
1491 2655 1702 2734 decoratam
1722 2659 1827 2732 tanto,
1851 2659 1939 2724 licet

281 2771 387 2832 usque
403 2755 444 2817 ad
460 2754 580 2817 festum
599 2753 688 2816 beati
703 2753 841 2816 Martini
864 2753 906 2816 ed
930 2768 1079 2832 praesen-
1132 2752 1254 2813 enima
1271 2752 1441 2815 nonnullis
1459 2756 1584 2818 sanctae
1599 2758 1758 2818 Romanae
1772 2757 1938 2820 Ecclesiae

280 2850 1080 2923 tiamnostramtransmittas,secundumcircum·
1132 2849 1344 2925 pontificibus
1359 2851 1533 2915 translatio
1549 2854 1699 2930 eiusdem
1714 2853 1815 2916 luerit
1831 2854 1940 2918 allec·

280 2948 1078 3028 specticnisApostolicaeprovidentiam,unacum
1132 2947 1212 3020 tata,
1231 2949 1264 3010 et
1279 2949 1410 3010 Sancta
1433 2949 1683 3014 cantuariensis
1703 2952 1851 3014 ecclesiae
1864 2969 1937 3029 pro

279 3048 360 3122 illis,
376 3063 459 3126 quos
475 3047 515 3108 de
529 3046 711 3125 provinciis
732 3047 810 3108 aliis
831 3045 874 3108 ad
896 3061 956 3108 nos
978 3062 1077 3108 man·
1131 3045 1280 3123 tempore
1295 3043 1506 3120 demandata,
1522 3063 1589 3110 non
1605 3049 1713 3125 potnit
1725 3051 1835 3112 tanmn
1849 3051 1938 3112 ante

280 3145 397 3208 damus
415 3145 599 3208 transmitti
622 3144 663 3205 ad
685 3144 945 3206 sollicitudinem
964 3142 1078 3206 direr—
1131 3145 1281 3222 tempora
1303 3143 1479 3222 adimpleri
1496 3167 1503 3206 :
1520 3145 1607 3222 quod
1627 3143 1760 3223 quidem
1779 3147 1936 3224 disposi-

280 3259 393 3305 sarum
412 3242 560 3319 gentium
577 3241 804 3314 destinandos,
821 3243 858 3303 ut
876 3240 977 3302 ineis
995 3239 1077 3302 lun·
1131 3240 1215 3302 tionl
1242 3239 1364 3302 divinae
1390 3241 1637 3316 adscribamus,
1663 3259 1730 3304 non
1758 3245 1933 3308 bumanae.

278 3343 396 3416 gentes
421 3339 589 3415 legatione
610 3355 670 3416 pro
693 3339 836 3409 christo,
864 3336 1077 3400 reconciliari
1131 3341 1247 3399 Annus
1258 3338 1566 3416 quinquagesimus,
1580 3355 1688 3403 annus
1698 3341 1853 3419 jubilaeus
1862 3345 1934 3406 est.

280 3438 455 3500 obsecrent
467 3437 543 3498 illas
555 3440 636 3508 Deo,
650 3435 746 3514 quasi
759 3450 819 3512 per
831 3437 924 3512 ipsos
937 3435 1077 3497 Domine
1130 3437 1148 3497 J
1152 3434 1291 3496 ubilaeus
1304 3435 1512 3498 remissionis
1528 3453 1648 3510 annus,
1664 3439 1717 3500 vel
1733 3439 1935 3502 remissivus

280 3535 490 3606 exhortante,
507 3549 547 3596 ac
561 3534 730 3612 tamquam
743 3532 832 3594 cives
850 3532 1077 3611 apostolorum
1131 3533 1379 3612 interpretatur.
1404 3535 1599 3596 sicutenim
1614 3537 1751 3613 inLege
1769 3551 1856 3598 anno
1876 3539 1936 3614 ju·

280 3633 314 3696 et
337 3631 509 3695 domestici
533 3631 605 3700 Dei,
635 3630 769 3692 easdem
789 3628 891 3692 uerbo
916 3629 1076 3692 doctrinae
1130 3628 1228 3692 bileeo
1248 3645 1349 3691 onera
1373 3633 1406 3692 et
1425 3630 1602 3695 servitutes
1617 3634 1860 3695 consueverunt
1875 3634 1933 3696 di·

279 3730 481 3798 illuminent,
513 3743 628 3808 pacem
659 3727 813 3806 gentibus
839 3726 1015 3790 tribuendo
1036 3742 1077 3788 ac
1130 3725 1217 3788 mitti
1233 3725 1372 3804 populo;
1395 3727 1444 3790 sic
1467 3729 1501 3790 et
1521 3728 1555 3790 in
1580 3743 1668 3791 anno
1691 3729 1829 3807 jubilaeo
1850 3745 1932 3794 cum

280 3844 356 3892 cum
375 3828 580 3890 exultatione
603 3825 644 3888 ad
667 3841 740 3898 nos,
755 3841 814 3886 seu
833 3825 875 3886 ad
900 3825 1076 3887 Dominum
1131 3823 1931 3904 quindecimdierumspatiotranslationisipsius

280 3927 390 4006 potius
402 3924 619 3996 revertentes,
633 3923 775 4001 iustitiae
789 3923 978 4000 manipulos
993 3921 1078 3984 rele-
1130 3922 1298 3998 martyris,
1315 3937 1418 3984 onera
1444 3923 1675 4000 poenitentinm
1699 3925 1927 3988 remittuntur.

278 4023 357 4086 rant
375 4025 408 4085 et
431 4023 603 4086 abeodem
627 4021 704 4084 vitae
726 4021 877 4082 senatum
897 4019 1073 4096 recipiant,
1131 4018 1273 4096 Ideoque
1294 4019 1547 4082 universitatem
1572 4023 1717 4083 vestram
1739 4037 1928 4096 monemus,

281 4121 443 4200 sanguine
462 4120 597 4198 proprio
619 4117 773 4182 laureati.
797 4117 889 4190 Quod
910 4117 940 4178 si
961 4115 1075 4179 lorsan
1130 4132 1189 4194 per
1212 4116 1402 4192 apostolica
1433 4115 1528 4178 vobis
1558 4118 1682 4196 scripta
1712 4119 1927 4192 mandantes,

280 4218 411 4299 praelati
424 4234 550 4290 eorum,
565 4218 622 4295 qui
638 4217 768 4278 animas
783 4231 863 4276 suas
877 4215 995 4293 sponte
1013 4229 1076 4291 pe·
1130 4215 1293 4292 quatenus
1317 4213 1358 4276 ob
1380 4215 1603 4276 reverentiam
1630 4215 1691 4276 Dei
1719 4217 1753 4278 et
1779 4217 1930 4295 ejusdem

279 4314 767 4386 riculoduxerintolierendas,
781 4311 1075 4376 voluntatieorum
1130 4312 1286 4388 martyris
1311 4311 1488 4388 privilegia
1512 4313 1624 4374 vestra
1643 4316 1678 4375 et
1701 4314 1929 4390 indulgentias

279 4415 576 4494 praepsumpserint
610 4411 751 4484 obviari,
783 4410 1075 4490 presumptionem
1130 4409 1281 4470 servetis.
1297 4411 1416 4471 Datum
1430 4409 1598 4484 Laterani,
1611 4425 1700 4472 anno
1712 4411 1927 4489 pontificatus

279 4529 406 4586 eorum,
421 4513 603 4575 monitione
622 4511 807 4590 praemissa,
819 4524 879 4588 per
898 4522 1074 4571 censuram
1130 4507 1236 4569 nostrl
1248 4505 1375 4584 quinto.

315 4663 356 4737 (ll
375 4663 577 4723 cistercienses
592 4659 627 4720 ad
643 4657 698 4718 boc
715 4659 863 4734 negotium
877 4657 1002 4716 maxime
1019 4657 1072 4716 ba·
1128 4655 1212 4714 saluti
1231 4663 1316 4729 atque
1328 4655 1464 4713 sectarios
1479 4653 1516 4712 ad
1530 4662 1638 4713 rectam
1654 4653 1720 4714 tidei
1734 4657 1861 4715 semitam
1875 4669 1926 4714 re-

278 4734 351 4793 biles
362 4735 483 4801 censuit,
497 4739 595 4805 utpote
609 4747 681 4804 quos
694 4731 748 4788 sub
762 4737 1009 4788 successorebus
1023 4730 1071 4787 ln·
1127 4727 1264 4786 ducentes
1273 4733 1356 4801 prout
1365 4735 1480 4786 enarret
1488 4728 1589 4786 Petrus
1605 4727 1832 4799 Velbsameusio,
1843 4727 1923 4788 dist.

279 4805 413 4864 nocentio
429 4805 482 4874 lll,
502 4803 663 4862 observavit
681 4815 793 4862 summa
809 4800 981 4884 bumilitate,
1001 4815 1071 4874 peu·
1126 4799 1281 4872 abigens,
1296 4811 1360 4874 cap.
1376 4797 1404 4856 3.

279 4881 456 4952 pertateque,
469 4888 549 4933 more
563 4873 728 4948 apostolico,
744 4871 865 4946 proximi
888 4871 1074 4948 invigilantes
