3946 6304
251 311 313 372 mo
875 319 1052 383 HONORII
1075 323 1119 384 lll
1141 325 1289 390 OPERA.
1842 331 1899 393 456

252 472 470 548 constantem,
484 491 528 538 ne
543 475 744 554 pertinacem
767 479 962 554 dixerimus,
985 495 1047 544 ex·-
1102 486 1328 562 prosequaris,
1346 485 1431 563 quod
1453 487 1606 549 eumdem
1622 488 1826 569 episcopum,
1843 487 1897 568 qui

251 569 359 634 hibuit
373 573 408 632 in
424 573 487 635 hac
503 575 607 650 parte,
626 576 663 636 ut
677 577 786 653 potius
806 579 946 656 utroque
961 595 1048 656 prae-
1102 585 1286 658 promptam
1311 586 1343 647 et
1366 586 1516 661 paratam
1535 585 1635 648 habet
1648 587 1690 647 ad
1710 591 1767 649 tua
1794 587 1898 649 obse·

252 669 415 732 diotorum
448 673 696 748 episcopatuum
735 690 850 738 carere
886 677 1044 750 voluerit,
1103 679 1180 756 quia
1195 680 1409 754 voluntatem,
1433 683 1490 744 tua
1505 682 1694 759 benignitas
1713 681 1773 746 tibi
1796 683 1898 746 devo-

254 783 352 844 quam
379 769 602 830 Parisiensem
626 770 761 842 habere,
778 773 1048 836 Autissiodoren—
1102 776 1219 838 tiorem
1237 777 1338 840 iaciat
1350 793 1391 839 ex
1402 778 1594 859 devoto(1);
1612 797 1747 860 nosque,
1765 783 1824 860 qui
1840 799 1898 859 pro

253 881 334 937 sem,
357 866 533 927 dummodo
555 867 640 928 liber
660 870 884 932 remitteretur
903 871 945 933 ad
970 888 1048 950 pro-
1101 873 1229 936 honore
1243 878 1299 937 tuo
1319 891 1385 936 non
1401 877 1467 937 nisi
1482 877 1655 954 probatum
1674 879 1782 940 virum
1801 879 1900 940 volu-

252 964 335 1040 pria,
354 964 490 1040 paratus
503 967 654 1042 prompto
669 968 781 1029 animo
796 970 981 1042 resignare.
1102 985 1175 1033 mus
1197 973 1347 1034 ecclesiae
1373 973 1557 1034 parisiensi
1581 975 1763 1050 praetlcere,
1798 975 1900 1037 dero-

294 1061 386 1122 Licet
405 1061 518 1138 igitur,
541 1063 593 1123 his
617 1066 651 1126 et
670 1064 763 1136 aliis,
787 1065 873 1128 sicut
891 1067 944 1128 vir
967 1082 1048 1145 pru-
1100 1066 1224 1132 ticnem
1237 1071 1340 1146 regiae
1355 1071 1563 1132 celsitudinis
1585 1072 1763 1134 debeamus
1780 1073 1899 1134 meritc

253 1157 378 1220 denset
389 1159 536 1232 humilis,
549 1161 590 1222 ad
602 1161 654 1221 sui
670 1163 918 1224 excusationem
929 1163 1048 1225 induc·
1102 1168 1344 1230 commendare.
1361 1171 1480 1231 Datum
1496 1169 1654 1246 utsupra.

250 1256 305 1327 tis,
313 1256 402 1317 aliud
415 1257 510 1318 nobis
518 1258 840 1332 suaderestuduerit,
851 1277 911 1322 nos
921 1263 1045 1334 tamen,
1143 1291 1180 1350 In
1197 1293 1347 1354 eumdem
1364 1293 1497 1354 modum
1513 1295 1671 1372 scriptum
1686 1294 1736 1356 est
1752 1295 1898 1372 capitulo

251 1354 628 1432 mutarenolentesquod
644 1357 678 1418 in
691 1356 1048 1420 favorem'Parisieusis

250 1451 403 1512 ecclesiae
419 1451 602 1514 deliberato
617 1454 759 1517 consilio
777 1455 974 1528 feceramus,
998 1455 1050 1518 ei·
1103 1483 1246 1562 Ideoque
1270 1502 1329 1564 pel.
1341 1488 1531 1564 Apostoli&
1547 1489 1641 1550 vobis
1661 1489 1787 1566 scripta
1803 1505 1898 1549 man,

250 1548 325 1609 dem
339 1549 373 1608 in
388 1547 511 1611 virtute
525 1549 722 1614 obedientiae
743 1568 782 1614 ac
797 1553 857 1614 sub
877 1569 975 1632 poepa
988 1569 1050 1616 ex·-
1103 1581 1219 1642 damus
1232 1586 1394 1660 quatenus
1407 1601 1594 1662 personam,
1618 1603 1691 1663 Μ
1705 1587 1801 1648 tanto
1820 1602 1898 1647 oon-

1102 1387 1898 1468 antissiodorensisc,osqueassumpsitmem:

251 1645 564 1708 communicationis
592 1648 810 1726 injunximus,
838 1651 875 1712 ut
897 1651 1047 1728 regimen

252 1744 435 1820 susciperet
462 1744 612 1806 ecclesiae
638 1747 836 1823 saepedicta,
865 1749 978 1826 sicque
1006 1747 1047 1810 ad

253 1842 427 1917 urgentem
453 1845 601 1904 nostram
631 1845 665 1905 et
690 1843 828 1906 fratrum
857 1847 1047 1908 nostrorum

254 1938 449 2000 instantiam
463 1955 547 2000 onus
558 1939 681 2002 diutius
696 1945 895 2015 recusatum,
905 1959 970 2004 non
980 1945 1048 2006 tam

252 2036 406 2098 inductus
422 2053 521 2114 quam
535 2039 735 2115 compulsus,
748 2041 939 2118 assumpsit.
952 2042 1049 2104 Ideo-

252 2151 317 2214 que
334 2133 534 2196 fraternitati
547 2135 612 2196 tuae
629 2151 687 2212 per
711 2138 900 2214 apostolica
925 2139 1048 2216 scripta

253 2231 460 2305 mandamus,
486 2232 659 2309 quatenus,
688 2234 795 2311 ipsum
815 2234 942 2297 habens
966 2251 1047 2313 pre-

252 2330 389 2407 pensius
402 2330 679 2403 commendatum,
696 2333 731 2394 in
750 2331 820 2394 suis
842 2334 875 2395 et
897 2333 1048 2396 ecclesiae

254 2425 317 2488 sibi
340 2428 525 2490 commissae
542 2428 685 2505 negotiis
710 2429 882 2507 impendas
904 2431 947 2503 ei,
964 2431 1050 2492 sicut

253 2523 296 2584 ad
318 2525 351 2586 te
372 2525 525 2601 pertinet,
550 2524 785 2589 consiliumet
806 2526 969 2589 auxilium
989 2543 1050 2605 op-

254 2622 443 2697 portunum.
471 2623 589 2682 Datum
606 2621 694 2699 apud
727 2621 848 2683 Urbem
882 2625 1047 2695 Veterem,

254 2719 283 2779 V
306 2717 568 2798 kalendasjulii,
592 2719 802 2796 pontificatus
824 2721 932 2782 nostri
960 2737 1049 2784 alane

256 2817 385 2892 quarte.

294 2943 331 3001 ln
347 2940 498 3002 eumdem
514 2943 646 3004 modum
662 2943 882 3020 scriptumest
904 2943 1049 3021 capitulo

254 3037 439 3100 Parisiensi
457 3060 464 3100 :
482 3040 524 3101 Ut
549 3039 688 3102 sincerae
713 3042 862 3103 caritatis
891 3043 1048 3110 allectus,

256 3136 332 3206 etc,
354 3149 462 3209 usqae
486 3137 675 3214 assumpsit.
693 3141 822 3200 Deinde
845 3140 1050 3212 subjicitur:

256 3235 368 3309 Ipsum
381 3233 483 3308 igitur
493 3233 534 3296 ad
551 3249 609 3295 vos
625 3236 826 3319 cumgratia
839 3239 961 3298 nostrae
975 3236 1049 3313 ple-

256 3329 408 3391 nitudine
431 3331 705 3401 transmittentes,
730 3333 940 3395 universitati
969 3347 1049 3396 ves-

255 3427 316 3488 tras
347 3442 407 3504 per
442 3426 634 3506 apostolica
667 3430 791 3506 scripta
828 3430 1051 3508 praecipiendo

255 3525 644 3603 mandamus,quatenus
657 3527 810 3588 eumdem
826 3527 911 3590 sicut
924 3531 1051 3604 patrem

255 3622 290 3684 et
310 3621 477 3699 pastorem
502 3623 651 3684 vestrum
676 3623 866 3701 suscipiatis
887 3624 1049 3698 hilariter,

254 3723 298 3794 et,
327 3719 461 3797 dignam
484 3720 516 3782 ei
536 3719 827 3784 honorificentiam
843 3721 1050 3795 exhibentes,

255 3818 445 3880 salubribus
467 3819 604 3881 monitis
621 3821 654 3880 et
675 3817 840 3880 mandatis
864 3819 970 3896 ipsius
994 3820 1052 3881 in-

1102 1682 1201 1756 gruat
1213 1682 1308 1742 oneri
1318 1684 1351 1744 et
1365 1682 1496 1754 honori,
1511 1684 1714 1760 provideatis
1729 1683 1827 1746 vobis
1840 1699 1897 1742 ca-

1103 1778 1223 1840 nonice
1238 1779 1273 1839 in
1286 1779 1477 1857 episcopum
1488 1784 1521 1842 et
1535 1783 1717 1858 pastorem.
1733 1783 1854 1844 Datum
1867 1781 1900 1840 ut

1104 1889 1216 1952 supra.

1163 2108 1215 2167 Ad
1229 2111 1382 2168 cornulas
1398 2108 1430 2168 et
1440 2115 1604 2184 poputum
1620 2114 1843 2172 Tolosanum.

1385 2222 1420 2278 29
1440 2222 1612 2300 juniiltio.

1211 2324 1347 2390 [bouquet
1358 2327 1417 2378 llcc.
1428 2327 1473 2378 des
1485 2328 1559 2386 litat,
1574 2333 1593 2378 t.
1605 2328 1675 2387 alx,
1687 2343 1715 2392 p.
1723 2327 1795 2394 mu]

1104 2423 1259 2480 Instantius
1274 2425 1440 2494 Tobsuuoa,
1457 2427 1485 2482 in
1499 2426 1599 2499 spiritu
1610 2425 1770 2484 elementia
1784 2427 1896 2484 occari

1139 2513 1215 2580 tatis,
1231 2520 1315 2585 urget
1327 2515 1480 2582 Honorius,
1496 2523 1527 2572 ut
1541 2522 1719 2572 revertantur
1742 2514 1780 2574 ad
1805 2516 1893 2574 eccle·
1971 2513 1972 2580 t

1139 2601 1190 2657 sia
1212 2602 1361 2670 unitatem,
1376 2605 1578 2669 comminatus,
1601 2605 1726 2676 alioquin
1749 2619 1784 2664 se
1803 2619 1898 2662 eorum

1140 2780 1329 2853 praerogativa
1360 2780 1537 2854 privaturum
1562 2787 1590 2838 ct
1622 2797 1722 2840 eorum
1752 2781 1831 2839 bona
1859 2781 1900 2838 his

1139 2867 1378 2938 abjudicaturunr.

1144 2975 1504 3055 Honoriusepiscopus,
1516 2995 1633 3040 servus
1644 2994 1820 3040 servorum
1831 2977 1897 3048 Dei,
1971 2967 1972 3056 t

1103 3073 1296 3135 oonsulibus
1323 3077 1356 3136 et
1383 3076 1505 3153 populo
1542 3075 1708 3138 'tolosano
1747 3077 1897 3155 spiritum

1105 3172 1237 3233 consilii
1253 3173 1408 3235 sanioris.

1146 3272 1364 3346 Expectantes
1375 3271 1651 3348 exspectavimus,
1663 3273 1712 3344 ut,
1724 3286 1896 3334 censuram

1106 3368 1311 3440 canonicam,
1329 3367 1369 3429 de
1383 3372 1491 3430 vestra
1520 3369 1627 3430 salute
1647 3369 1796 3437 solliciti,
1826 3368 1893 3429 fcr-

1107 3464 1279 3536 midantes,
1305 3465 1439 3526 tandem
1465 3466 1645 3544 aliquando
1669 3467 1711 3530 ad
1738 3466 1895 3528 unitatem

1107 3561 1366 3624 ecclesiasticam
1377 3563 1547 3638 rediretis3
1567 3564 1704 3635 acideo,
1719 3563 1896 3625 licetvcbis

1107 3657 1267 3720 fuerimus
1293 3659 1495 3732 comminati,
1513 3659 1599 3738 quod
1625 3661 1796 3722 civitatem
1821 3675 1896 3720 ves-

1106 3759 1191 3818 tram
1206 3757 1413 3833 privaremus
1426 3757 1626 3834 episcopalis
1640 3757 1815 3834 dignitatis
1836 3757 1895 3819 ho·

1107 3869 1198 3926 nore,
1214 3854 1383 3916 dioecesim
1399 3856 1543 3916 vestram
1568 3871 1628 3932 per
1649 3855 1897 3918 circumstantes

1106 3951 1280 4030 episcopos
1304 3951 1456 4024 divisuri,
1478 3953 1640 4014 hactenus
1666 3953 1803 4015 tandem
1831 3967 1898 4013 sus-

1107 4049 1282 4125 pendimus
1297 4045 1419 4111 nestrae
1439 4050 1708 4112 comminationis
1735 4051 1894 4112 succuum.

1107 4162 1149 4207 ne
1164 4147 1298 4224 possitis
1313 4147 1483 4225 conqueri,
1499 4148 1585 4226 quod
1610 4147 1652 4209 ad
1679 4163 1813 4224 poenam
1840 4147 1899 4207 hu-

254 3916 399 3980 tendatis
410 3915 581 3976 humiliter
591 3916 623 3977 et
631 3916 814 3988 devote,ita
825 3916 923 3993 quod,
932 3917 1054 3993 prater

254 4013 403 4076 favorem
427 4013 496 4074 suis
520 4013 649 4074 meritis
676 4012 833 4085 debitum,
864 4013 1054 4090 specialiter

255 4111 296 4174 ob
309 4111 452 4187 gratim
467 4113 616 4173 nostram
627 4111 716 4172 circa
727 4126 763 4172 se
773 4110 962 4172 uberiorem
975 4127 1054 4173 sen-

254 4209 317 4272 tiat
337 4210 457 4270 vestrae
479 4207 664 4271 devotionis
690 4205 855 4269 affectum.
885 4209 1002 4269 Datum
1018 4207 1054 4270 ut

256 4322 369 4385 supra·
1105 4242 1249 4322 J'usmodi
1262 4245 1481 4323 promptiores
1495 4245 1605 4308 debito
1624 4241 1894 4306 fuissemus2sed

1108 4340 1488 4413 vos,abutentesnostrae
1500 4342 1763 4430 longanimitatis
1772 4341 1898 4419 patien-

297 4443 335 4501 ln
350 4439 505 4502 eumdum
517 4437 648 4500 modom
665 4439 825 4516 scripturn
841 4439 891 4501 est
905 4439 966 4501 Ph.
981 4439 1053 4515 regi
1109 4439 1165 4510 tia,
1187 4439 1220 4499 et
1239 4439 1501 4502 thesaurizantes
1523 4439 1617 4502 vobis
1640 4439 1895 4516 indignationem
1971 4467 1972 4504 l

257 4539 462 4598 Francorum
477 4537 614 4608 illustri,
631 4553 738 4611 usqam
752 4537 941 4614 assumpsit.
965 4541 1054 4598 Deio
1108 4539 1141 4598 et
1172 4535 1269 4608 iram,
1303 4552 1364 4597 nec
1398 4535 1542 4598 emolliri
1577 4536 1761 4609 blanditiis,
1797 4548 1895 4611 neque

256 4634 439 4706 sliojtcttor
460 4651 471 4694 .·
491 4633 635 4710 Ideoque
654 4635 866 4696 serenitatem
891 4636 980 4696 tuam
1002 4636 1055 4696 at·
1109 4633 1208 4693 minis
1224 4635 1280 4696 aut
1296 4633 1437 4710 flagellis
1447 4634 1582 4710 corrigi,
1600 4635 1762 4695 hactenus
1777 4633 1896 4710 potuis·
1971 4667 1972 4698 3

258 4733 346 4793 lente
370 4730 552 4805 rogandam
580 4731 737 4793 duximus
768 4733 801 4793 et
839 4732 1051 4804 monendam,
1110 4731 1163 4792 tis
1184 4729 1276 4792 Licet
1306 4731 1407 4806 igitur
1430 4731 1619 4808 apostolica
1649 4729 1897 4792 comminatione

257 4832 423 4908 quatenus
438 4829 562 4889 dicturo
575 4831 779 4906 episcopum,
801 4829 856 4906 qui
872 4829 913 4890 de
934 4833 1003 4900 tuo,
1021 4830 1056 4890 ut
1110 4827 1322 4890 reddideritis
1348 4844 1407 4888 vos
1432 4829 1597 4904 indignos
1615 4844 1676 4888 nos
1700 4830 1823 4898 tamen,
1841 4839 1896 4886 uon

260 4927 309 4988 sic
322 4927 483 5000 dicamus,
501 4925 607 4986 factus
620 4927 670 4986 est
684 4926 791 5000 magis
805 4929 892 4997 tuus,
920 4942 1055 4987 suorum
1111 4925 1196 5001 quod
1221 4925 1331 4984 vestra
1362 4925 1531 4986 mereatur
1559 4924 1695 4996 duritia,
1736 4924 1796 4985 sed
1821 4918 1895 5000 quod
1971 4953 1972 5012 3

256 5025 450 5086 meritorum
465 5022 587 5083 intuitu
600 5024 632 5083 et
645 5037 780 5098 precum
796 5025 986 5084 nostrarum
1002 5023 1056 5083 ob·
1111 5021 1328 5099 apostolicam
1343 5022 1515 5083 caritatem
1542 5021 1668 5094 deceat,
1685 5021 1895 5084 attendentes,

256 5122 362 5192 tentis,
389 5121 483 5182 vultu
506 5135 625 5181 sereno
658 5119 837 5196 recipiens,
872 5123 905 5182 et
929 5119 1056 5196 regalia
1111 5119 1236 5179 infra...
1261 5119 1333 5180 dies
1366 5118 1537 5180 humiliter
1563 5119 1708 5180 redeatis
1732 5115 1918 5180 adaucte·
1971 5137 1972 5208 ᾗ

260 5219 387 5282 nuntiis
410 5221 483 5296 etus
508 5216 597 5296 (oum
618 5217 881 5294 ipseveniresic
903 5215 1057 5278 festinato
1112 5214 1284 5276 siasticam
1309 5217 1483 5287 unitatem,
1523 5215 1663 5294 praecise
1698 5214 1842 5292 jurando
1866 5211 1895 5270 iu
1971 5219 1972 5302 p

260 5332 327 5378 uon
346 5316 461 5393 possit,
488 5315 573 5393 apud
599 5331 660 5375 nos
682 5315 772 5375 certa
797 5314 838 5375 de
866 5329 966 5375 causa
988 5314 1056 5375 ali·
1114 5312 1267 5374 manibus
1282 5313 1483 5374 venerabilis
1499 5312 1613 5374 fratris
1628 5313 1735 5375 nostri
1761 5314 1795 5372 G.
1820 5313 1893 5372 Por·

261 5411 454 5490 quantulam
471 5427 597 5473 moram
613 5410 764 5490 trahens)
776 5411 954 5486 assignans
970 5411 1057 5473 libe·
1113 5410 1240 5473 tueusis
1265 5411 1424 5487 episcopi,
1440 5415 1477 5472 h.
1496 5413 1528 5470 S.
1547 5410 1660 5486 legati,
1676 5426 1716 5470 ac
1739 5404 1895 5486 postmodo
1971 5419 1972 5506 ξ

260 5510 379 5573 raliter
401 5511 434 5569 et
456 5509 612 5578 libenter,
635 5507 743 5584 ipsum
771 5509 818 5570 ita
837 5509 1058 5584 favoraregio
1114 5509 1199 5570 alias
1236 5508 1374 5568 idoneas
1407 5507 1590 5578 cautiones,
1628 5507 1715 5584 quod
1751 5501 1894 5583 parebitis

298 5657 336 5730 (lt
357 5655 501 5730 Legenda
517 5671 548 5712 ea
565 5654 601 5711 de
617 5669 648 5713 re
664 5657 781 5715 Honorii
797 5656 833 5715 ad
849 5657 1009 5729 Philippum
1029 5669 1128 5730 regom
1145 5659 1255 5727 littere,
1271 5671 1368 5728 supra,
1384 5655 1439 5714 ccl.
1453 5655 1515 5726 lit,
1532 5656 1580 5714 tib.
1599 5657 1647 5725 lV,
1661 5655 1745 5728 epist.
1761 5655 1818 5713 ml.
