4198 6322
162 269 201 326 77
781 269 1007 330 apiscendi.
1032 273 1108 332 ΗΒ.
1134 273 1188 332 III.
1767 269 1805 326 78

161 424 396 488 Possessiones
410 427 519 488 autem
535 425 568 486 et
579 423 739 498 redditus,
754 425 810 508 qui
832 427 908 488 sunt
920 427 955 488 in
1010 429 1132 491 dictum
1160 427 1338 506 capitulum
1372 445 1471 506 super
1499 443 1633 490 nemore
1667 426 1803 504 praelato

161 523 953 600 CanetGunevetadmensamepiscopideputati,
1010 526 1087 589 tunc
1114 527 1220 604 primo
1240 525 1440 588 formaverat
1459 526 1522 609 sibi
1544 526 1726 587 concedere
1740 524 1802 585 de-

160 619 320 682 sicuteos
334 617 370 682 in
394 619 745 698 praesentiarumjuste
768 636 806 682 ac
818 621 955 698 pacifice
1010 622 1184 702 negabant,
1205 623 1290 684 alias
1316 624 1527 702 exceptiones
1550 624 1696 700 ipsorum
1719 620 1803 698 legi-

160 717 321 795 possides‚
337 715 400 783 tibi
420 719 454 778 et
468 717 714 778 successoribus
728 717 794 780 tuis
808 717 955 779 auctori·
1009 719 1106 780 tirnas
1122 720 1294 784 admittere
1305 719 1490 780 recusando
1503 720 1649 782 nostram
1664 719 1804 779 andien-

159 815 228 877 iate
254 814 442 892 Apostolica
467 814 684 876 nihilominus
708 814 951 879 confirmamus.
1008 817 1088 880 tiam
1099 815 1317 894 appellarunt.
1328 817 1439 889 Atilii,
1451 817 1598 894 legitima
1612 817 1802 878 eorumdem

160 913 301 989 Insuper
312 912 413 974 etiam
423 910 579 989 praesenti
593 912 715 989 pagina
727 912 787 974 tibi
801 911 954 974 duximus
1009 914 1229 991 appellatione
1245 914 1440 992 contempta,
1450 913 1801 978 excommunicationis
1827 979 1830 986 ,

159 1007 409 1086 indulgendum,
427 1009 463 1070 ut
476 1008 704 1086 possessiones
719 1010 751 1070 et
764 1008 852 1069 bona
868 1024 954 1070 com·
1008 1009 1042 1070 in
1058 1024 1114 1072 eos
1127 1011 1323 1072 sententiam
1350 1012 1568 1088 protulerunt.
1593 1011 1684 1072 Unde
1713 1011 1801 1072 dicta

158 1107 271 1168 missae
283 1106 343 1169 tibi
357 1106 518 1178 eeclesiae,
535 1105 564 1166 si
588 1121 651 1182 qua
675 1105 791 1167 illicite
808 1104 954 1171 alienata
1008 1107 1176 1168 comitissa
1187 1110 1220 1170 et
1234 1107 1439 1170 abbasnobis
1450 1109 1620 1172 humiliter
1634 1107 1802 1186 supplica-

158 1203 238 1266 sunt
252 1203 304 1264 vel
320 1203 488 1276 distracta,
503 1202 564 1264 tibi
576 1201 676 1266 liceat
690 1201 835 1278 legitime
850 1217 952 1272 revo-
1007 1207 1084 1266 rrrnt
1100 1207 1145 1272 ut,
1160 1220 1234 1269 cum
1256 1205 1320 1284 ipsi
1342 1220 1472 1282 semper
1488 1206 1595 1282 parati
1616 1204 1749 1268 luerunt
1769 1204 1802 1268 et

158 1299 950 1378 eare:lioeatquoquetibiinecclesias.Andreae,
1008 1300 1162 1374 existant,
1180 1301 1285 1370 eidem
1311 1301 1456 1378 capitulo
1471 1301 1511 1363 de
1524 1301 1669 1378 praefatis
1689 1302 1800 1362 bomi-

158 1413 236 1458 oum
256 1397 348 1475 prior
372 1397 551 1468 vacaverit,
579 1411 653 1458 eum
672 1396 746 1458 sine
765 1397 954 1458 contradic-
1007 1398 1104 1460 nibus
1121 1395 1231 1476 super
1243 1402 1313 1476 jain
1336 1399 1422 1460 dicto
1444 1414 1578 1460 nemore
1595 1398 1681 1476 quod
1697 1401 1746 1460 est
1761 1399 1800 1458 de

157 1495 252 1558 tione
279 1493 425 1572 qualibet
449 1493 634 1562 instituere,
672 1492 757 1554 sicut
792 1493 952 1554 hactenus
1007 1493 1103 1556 leudo
1119 1496 1309 1561 eorumdem
1322 1495 1485 1576 justitiam
1503 1495 1672 1568 exhibere,
1690 1497 1800 1574 partes

157 1592 420 1670 praedecessores
439 1592 489 1653 tui
508 1592 542 1653 et
554 1591 600 1653 tu·
611 1591 681 1668 ipse
696 1591 832 1661 lecistis,
855 1589 887 1650 et
902 1590 953 1668 ip-
1007 1593 1047 1653 ad
1064 1609 1179 1654 eorum
1195 1593 1318 1656 remitti
1337 1609 1477 1656 examen
1492 1596 1525 1656 et
1548 1594 1699 1655 revocari
1714 1594 1800 1670 quod

156 1689 229 1750 sius
245 1705 414 1762 excessus,
440 1688 614 1766 siquando
637 1687 827 1759 excesserit,
854 1687 952 1762 digne
1007 1693 1121 1752 contra
1134 1693 1333 1752 memoratos
1358 1692 1508 1752 homines
1528 1691 1722 1754 attentatum
1741 1707 1802 1751 ex-

156 1787 337 1862 corrigere.
349 1787 563 1849 Decernimus
576 1801 665 1861 erge,
678 1785 714 1847 ut
726 1784 951 1846 nulliomnino
1006 1787 1073 1848 titii
1087 1787 1279 1848 laceremus,
1299 1788 1459 1860 Quocirca
1479 1787 1670 1850 discretioni
1681 1788 1801 1850 vestrae

156 1884 329 1946 bominum
342 1884 441 1948 liceat
452 1882 807 1962 praelatamecclesiam
822 1882 953 1958 pertur-
1007 1899 1065 1959 per
1079 1885 1268 1960 Apostolica
1283 1885 1404 1962 scripta
1416 1885 1611 1946 mandamus
1626 1886 1799 1962 quatenus,

155 1980 239 2042 bare
255 1995 365 2056 morae
388 1980 538 2056 fatigare,
562 1979 619 2040 sed
643 1978 771 2043 illibata
786 1978 895 2041 omnia
921 1977 953 2039 et
1007 1981 1306 2060 siestita,dicta1n
1329 1983 1704 2044 excommunicatIonem
1728 1983 1802 2059 post

155 2078 288 2152 integra
311 2077 558 2148 conserventur,
575 2059 701 2147 eninm,
724 2090 783 2152 pro
801 2089 951 2154 quorum,
1006 2077 1262 2154 appellationem
1312 2078 1502 2156 hujusmodi
1548 2079 1800 2156 promulgatam,

155 2171 952 2258 etc.‚usqueproiut1ua,salvasedisApostolicae
1006 2176 1131 2236 nullam
1146 2191 1219 2236 esse
1234 2175 1363 2254 penitus
1385 2176 1596 2252 nuntiantes;
1616 2176 1798 2255 injungatis

155 2271 365 2332 auctoritate.
380 2271 415 2332 si
433 2285 497 2348 qua
512 2270 614 2346 igitur
628 2270 663 2330 in
678 2268 824 2330 futurum
839 2267 950 2329 eccle·
1006 2273 1182 2336 comitisse
1197 2275 1229 2335 et
1243 2272 1354 2335 abbati
1369 2273 1536 2350 praedictis
1560 2273 1596 2335 ut
1620 2273 1661 2334 de
1686 2273 1797 2334 borni-

154 2369 293 2430 siastica
318 2368 531 2432 saeeularisue
561 2382 713 2445 persona,
742 2368 817 2438 etc„
845 2379 951 2438 usquc
1006 2370 1103 2432 nibus
1116 2371 1197 2448 ipsis
1226 2384 1326 2448 super
1346 2369 1481 2446 praeiato
1504 2386 1639 2432 nemore
1654 2370 1798 2448 capitulo

154 2464 317 2526 districtae
336 2463 455 2526 ultioni
477 2463 658 2541 subjaceat.
679 2462 813 2524 Cunctis
839 2463 951 2522 autem
1005 2467 1194 2546 supradicto
1209 2466 1388 2530 exhibeant
1409 2468 1555 2546 justiciae
1579 2468 1802 2546 complemen-

154 2561 264 2622 eidem
286 2560 446 2634 ecclesiae,
471 2560 546 2633 etc,
571 2573 679 2636 usgue
702 2558 835 2620 cctcrnae
859 2557 950 2634 pacis
1004 2566 1085 2626 tum.
1113 2565 1269 2641 Alioquin
1294 2567 1406 2642 partes
1430 2565 1471 2626 ad
1492 2565 1800 2643 priorumjudicurn

153 2659 340 2720 inveniant.
357 2661 471 2720 Arnen.
680 2673 695 2688 ‘
1004 2662 1180 2724 remittatis
1190 2677 1342 2724 examen.
1360 2663 1571 2740 appellantes
1586 2663 1621 2723 in
1644 2663 1800 2739 expensis

195 2756 315 2817 Datum
354 2754 510 2817 Laterani
549 2769 609 2830 per
645 2767 778 2814 manum
814 2751 950 2813 Ranccii
1005 2760 1161 2836 legitimis
1175 2759 1431 2822 condemnantes
1446 2760 1531 2836 quod
1548 2759 1578 2820 si
1600 2775 1667 2820 non
1687 2775 1800 2821 omnes

155 2853 281 2914 sanctae
298 2855 457 2914 Romanae
487 2851 642 2920 Ecclesiae
672 2848 948 2921 vicecancellarii,
1004 2857 1057 2918 his
1090 2856 1310 2933 exsequendis
1334 2858 1507 2934 potueritis
1537 2857 1709 2930 interesse,
1735 2857 1800 2918 duo

154 2947 406 3010 XIVKalendas
414 2949 574 3028 januarii,
588 2949 831 3019 indictioneVl,
842 2949 951 3007 Incar—
1004 2956 1169 3026 vestrum,
1209 2956 1283 3026 eto„
1312 2955 1528 3015 nihilominus
1562 2955 1797 3031 exsequantur.

155 3047 301 3108 nationis
313 3046 491 3108 Dominicae
504 3062 591 3107 anno
602 3045 802 3115 MccxvnI,
816 3043 951 3120 pontid·
1005 3053 1121 3115 Datum
1137 3051 1292 3128 Laterani
1306 3054 1383 3112 XIII
1411 3052 1477 3113 kal.
1491 3051 1639 3130 januarii
1663 3050 1799 3129 pontiti-

155 3145 250 3204 catus
269 3159 348 3205 vero
372 3143 497 3205 domini
521 3142 658 3204 Honorii
683 3157 777 3220 papae
798 3142 844 3201 III
862 3155 949 3201 anno
1004 3151 1097 3211 catus
1112 3149 1219 3210 nostri
1233 3147 1441 3210 annotentio.

154 3239 265 3301 ‘m'
486 3345 625 3433 LXXV
1322 3307 1480 3395 nxxvr

173 3482 226 3541 Ad
242 3479 397 3541 abbatem
407 3479 525 3540 Sami
536 3471 703 3540 Jomn‘ms
717 3481 753 3538 m
770 3478 883 3538 Vm
896 3476 931 3536 et
1083 3435 1135 3493 Ad
1155 3435 1400 3505 Hotmordurm
1423 3434 1716 3503 suessionensem,

302 3577 458 3649 morem
473 3575 801 3636 costrilbeodora'ei.
1018 3543 1020 3548 ’
1259 3530 1543 3604 episcopumeio.

150 3793 223 3857 [llas.
233 3790 265 3840 de
274 3791 300 3841 lu
312 3755 439 3842 Bibliotns
449 3685 652 3840 ³³33?ss
659 3787 735 3838 londa
749 3787 823 3844 latin,
835 3785 898 3836 ecca
906 3785 949 3848 ab]
1004 3747 1140 3812 [minei
1152 3747 1209 3798 ΗΜ·
1221 3745 1265 3797 des
1277 3746 1382 3890 Hist'e'pt:
1391 3749 1496 3890 {gip
1506 3745 1566 3806 ⁶7⁴³
1578 3746 1679 3812 Rem
1693 3745 1739 3796 lib·
1753 3746 1798 3807 ω’

151 3903 191 3960 Ui
205 3899 347 3957 mimmii
366 3897 422 3955 liii
437 3897 467 3954 5¹¹
484 3896 616 3954 immines
640 3895 794 3952 ⁰⁰¹⁰iii⁸⁸ae
808 3891 844 3949 ‘¹⁰
865 3893 947 3951 (Μ’
1003 3917 1073 3974 Cum
1085 3915 1182 3973 Simon
1197 3913 1233 3972 de
1244 3914 1375 3974 Jonrvilla
1400 3920 1429 3971 et
1454 3913 1551 3971 Simon
1580 3913 1796 3981 Castronillano,
1833 3943 1835 3946 ·

401 3986 486 4059 pania
510 3989 700 4042 ‘Wlfflin'-
1039 4003 1089 4076 qui
1112 4001 1219 4060 Erardo
1253 4001 1289 4058 de
1323 4001 1415 4059 Brena
1441 4001 1508 4058 olim
1541 4000 1732 4072 adheserant,
1762 3999 1798 4059 ad

194 4095 372 4166 Honorius,
384 4094 460 4165 etc,
477 4092 605 4154 dilectis
621 4091 698 4152 nIIIs
714 4088 824 4151 abbati
836 4087 949 4149 Sancti
1039 4089 1201 4160 Theobaldi‚
1230 4090 1393 4162 Campaniae
1418 4091 1546 4158 comitis,
1576 4088 1740 4147 fidelitatem
1769 4097 1798 4147 et

150 4192 315 4256 Iohannis
330 4192 362 4251 in
375 4191 489 4252 Vineis
506 4190 718 4256 suessionen,
732 4187 835 4264 priori
848 4184 949 4245 casiri
1037 4177 1207 4252 homagium
1222 4174 1383 4248 rediissent,
1398 4178 1513 4235 mandat
1529 4179 1679 4248 Honorius,
1694 4185 1726 4235 ut
1738 4177 1795 4236 lata

149 4288 351 4352 Theoderici
386 4287 597 4349 suessionen.
634 4284 797 4355 dioecesis,
824 4282 949 4343 decano
1038 4267 1068 4324 ic
1083 4267 1336 4325 ⁰⁰⁸c⁰0¹c⁸ii⁸iicc
1351 4267 1636 4325 ccccclclciclcicc

152 4387 381 4460 suessionem,
404 4384 543 4446 salutern
559 4383 591 4446 et
616 4381 831 4459 apostolicam
846 4378 950 4440 bene·
1043 4375 1209 4437 Honorius
1246 4375 1432 4452 episcopus,
1462 4389 1579 4435 servus
1624 4389 1796 4435 servorum
1834 4413 1836 4419 ι

150 4484 344 4546 dictionem.
422 4515 427 4526 ·
1004 4474 1073 4546 Dei,
1088 4472 1270 4535 venerabili
1285 4471 1380 4532 fratri
1395 4472 1548 4548 episcopo
1559 4468 1606 4549 (1)Ι
1621 4473 1654 4532 et
1667 4471 1796 4532 dilectis

192 4581 321 4642 Dilecta
339 4581 374 4642 in
396 4579 526 4640 Christo
547 4577 614 4637 fllia
630 4574 751 4637 nobilis
767 4572 888 4634 mulier
911 4575 946 4632 B.
1003 4569 1082 4629 dbis
1097 4568 1249 4630 abbatis.
1266 4569 1284 4630 J
1287 4568 1429 4629 ohannis
1446 4567 1482 4628 in
1492 4567 1607 4628 vineis
1624 4570 1657 4629 et
1672 4569 1797 4630 decano

150 4679 324 4740 comitissa
334 4676 521 4753 Campaniae
535 4681 566 4736 et
579 4673 680 4734 abbas
697 4671 808 4733 Sancti
820 4669 949 4731 Viionis
1005 4663 1310 4736 suessionensibus,
1328 4664 1481 4736 salutern,
1498 4666 1560 4727 etc.

150 4773 335 4836 virdunen.
379 4769 501 4832 nostris
543 4768 679 4830 auribus
713 4765 951 4827 intimaverunt
1044 4761 1283 4838 significarunt
1297 4760 1392 4822 nobis
1412 4761 1534 4822 nobilis
1557 4762 1677 4824 mulier
1696 4765 1731 4824 B.
1749 4762 1796 4842 (2)

150 4871 251 4948 quod,
263 4885 363 4946 quum
374 4866 700 4944 Remencapitulum
713 4862 949 4924 hominessuos
1004 4859 1184 4930 comitissa,
1212 4859 1246 4920 et
1272 4857 1394 4955 Theob.
1431 4860 1530 4920 natus
1566 4861 1649 4936 ejus,
1687 4876 1796 4924 comes

152 4968 193 5028 de
209 4965 321 5028 Calido
332 4967 435 5028 Fonte
447 4979 547 5041 super
561 4977 697 5023 nemore
712 4960 848 5022 deltoes
862 4957 949 5037 quod
1004 4957 1202 5033 Campaniae,
1233 4955 1329 5033 quod,
1354 4973 1428 5018 curn
1454 4955 1579 5039 dudum
1605 4957 1639 5017 in
1668 4957 1795 5018 nobiles

152 5064 194 5126 de
213 5061 311 5125 ieudo
339 5063 486 5141 ipsorum
514 5059 646 5132 existit,
684 5073 795 5119 coram
827 5053 945 5118 abbate
1003 5053 1093 5115 viros
1107 5053 1271 5114 Simonem
1285 5053 1325 5114 de
1339 5053 1506 5124 domville,
1522 5054 1554 5115 et
1569 5054 1740 5122 Simonem·
1756 5055 1796 5116 de

153 5160 270 5223 Sancti
280 5159 430 5236 Dyonisii
441 5159 474 5218 et
484 5173 594 5218 coram
602 5152 769 5233 judicibus
783 5154 852 5214 suis
869 5169 951 5213 auc·
1004 5149 1255 5222 Castronillano,
1273 5149 1524 5213 catalaunensis
1549 5151 1590 5212 et.
1605 5151 1796 5225 Lingonen-

151 5257 286 5320 toritate
300 5254 488 5332 Apostolica
502 5252 744 5323 convenissent,
753 5249 853 5311 iidem
866 5253 947 5310 seri-
1004 5249 1050 5308 sis
1078 5245 1287 5319 dioecesium,
1317 5245 1669 5314 excommunicationis
1697 5248 1730 5308 et
1763 5249 1797 5309 in

152 5355 273 5416 tientes
293 5365 392 5429 super
411 5365 450 5413 eo
474 5347 618 5412 indebite
639 5365 675 5410 se
701 5346 835 5424 gravari
863 5345 949 5424 quod
1003 5347 1110 5408 terras
1125 5358 1242 5412 eorum
1256 5343 1421 5409 interdicti
1445 5340 1797 5408 sententias'auctori-

152 5451 240 5512 diem
255 5449 296 5510 ad
309 5433 556 5510 deliberandum
570 5461 670 5524 super
679 5443 836 5523 petitione
852 5459 948 5520 quarn
1004 5443 1063 5506 tite
1077 5441 1265 5519 apostolica
1278 5441 1493 5519 protuleritis,
1508 5456 1579 5518 pro.
1597 5457 1646 5502 eo.
1661 5443 1747 5524 quod
1775 5459 1795 5505 a

188 5586 230 5661 (l)
248 5585 412 5646 linimerdo.
1042 5581 1081 5654 (2)
1092 5581 1227 5639 lilancba.

1251 3642 1286 3700 20
1314 3641 1442 3702 decemb.
1471 3641 1550 3700 lala.
