3952 6350
249 255 306 318 751
435 319 436 324 .
871 257 1046 317 HONORII
1068 256 1112 316 111
1134 255 1281 316 OPERA.
1827 254 1880 316 752

250 417 438 480 dioecesano
460 433 520 478 suo
537 417 689 479 intendat
706 417 739 479 et
757 416 956 493 respondeat
975 415 1043 476 hu·
1098 413 1157 476 tibi
1180 414 1365 477 liberaliter
1386 413 1526 476 contulit
1551 409 1773 490 praebendam,
1789 427 1880 490 quam

250 515 375 576 militer
394 530 433 575 66
452 512 579 575 devote.
604 514 694 584 Quod
714 513 743 574 si
764 511 848 575 forte
863 511 1044 574 ostenderit
1097 511 1184 572 idem
1206 513 1331 574 electus
1346 513 1382 572 in
1396 511 1628 588 andegavensi
1643 511 1783 571 ecelesia
1799 510 1880 572 obti-
1964 527 1965 556 ³

251 611 474 690 privilegium,
488 610 569 671 illud
584 610 626 670 ad
646 625 705 670 nos
721 612 836 672 nostro
847 611 1045 670 examinem·
1098 609 1212 684 nebat3
1227 625 1330 687 quare
1345 608 1440 670 nobis
1455 607 1627 669 humiliter
1639 607 1840 684 supplicasti,
1850 611 1881 669 ut

250 707 327 769 dum
345 707 473 784 judicio
492 707 737 779 transmittatis,
756 707 989 768 denuntiantes
1009 706 1042 767 id
1098 721 1197 783 super
1217 707 1281 767 boc
1295 707 1356 768 tibi
1377 707 1494 782 gratiae
1516 707 1637 767 nostrae
1653 705 1800 766 savorem
1819 705 1879 764 im-

250 805 405 882 episeopo
425 805 617 875 memorate,
639 804 675 865 ut
693 805 828 880 propter
846 803 910 864 hoc
930 803 1044 864 veniat
1098 804 1241 879 pendere
1252 803 1479 879 dignaremur.
1489 805 1559 863 Nos
1572 801 1676 878 igitur
1684 801 1810 862 meritis
1821 802 1879 863 tuae

250 902 303 962 vel
319 901 427 963 mittat
449 901 491 961 ad
512 901 659 962 nostram
682 900 905 977 praesentiam,
929 901 959 960 si
980 899 1043 960 sibi
1097 899 1271 977 probitatis
1296 900 1439 973 inducti,
1461 901 1652 978 praedictam
1678 898 1880 962 collationem

248 997 370 1059 viderit
388 997 556 1073 expedire.
583 996 674 1068 Quod
693 995 723 1057 61
741 1011 807 1058 non
829 1011 954 1069 omnes,
976 997 1039 1058 eto.
1097 998 1225 1071 gratam
1260 995 1437 1068 habentes,
1463 997 1496 1058 et
1526 997 1649 1069 ratam,
1679 995 1881 1073 praebendam

249 1093 366 1160 Datum
380 1094 546 1166 Laterani,
567 1095 643 1168 Xlll
657 1091 789 1158 kalend.
803 1093 931 1172 aprilis
951 1107 1040 1154 anno
1097 1095 1202 1172 ipsam
1219 1095 1416 1157 auctoritate
1426 1093 1488 1156 tibi
1502 1095 1692 1172 Apostolioa
1708 1094 1879 1155 confirma-

250 1191 377 1269 quinto.
1097 1209 1181 1264 mus,
1198 1195 1232 1254 et
1251 1191 1424 1268 praesentis
1448 1191 1563 1268 scripti
1587 1191 1773 1269 patrocinio
1797 1187 1881 1252 com-

582 1324 713 1413 00011

249 1468 302 1528 Ad
314 1469 521 1538 0661611616,
537 1467 820 1540 Rottsponeosem
832 1469 1040 1541 6116661661.

530 1587 568 1646 10
579 1594 662 1644 mart.
677 1589 756 1646 1111.

250 1700 332 1764 [died
344 1702 428 1754 Codex
438 1701 572 1766 diplomat.
582 1701 788 1766 Ratisponen.,t.
800 1701 820 1760 1,
831 1715 857 1766 1.
868 1699 924 1760 330,
936 1715 962 1752 n.
973 1699 1041 1766 ala]

248 1817 377 1876 Conrado
392 1817 591 1890 lialisponensi
612 1819 746 1890 episeopo
765 1816 902 1885 redditus,
923 1818 1040 1890 1116616

284 1905 413 1962 ecclesiis
434 1905 469 1962 de
491 1907 665 1964 1166616161
685 1904 719 1963 de
740 1906 898 1980 Pilatingen
922 1905 1040 1976 obtinet,

284 1993 442 2052 confirmat.
782 1989 786 1998 '

288 2113 468 2184 Honorius,
485 2113 547 2174 etc.

288 2208 393 2269 iustis
419 2210 599 2285 petentium
625 2209 802 2272 desideriis
832 2210 969 2286 dignum
992 2210 1043 2272 est

249 2319 310 2365 nos
323 2303 454 2365 facilem
466 2306 614 2381 praebere
627 2322 824 2368 consensum
837 2309 870 2368 61
881 2309 958 2368 vota
968 2322 1042 2385 quae

249 2415 270 2462 a
293 2401 432 2462 rationis
457 2403 590 2464 tramite
615 2419 682 2464 non
703 2404 905 2476 discordant,
922 2403 1042 2466 effectu

250 2499 469 2575 prosequente
489 2499 664 2575 complere.
688 2502 880 2577 Eapropter,
900 2516 1043 2562 venera-

250 2592 327 2653 bilis
347 2593 383 2653 in
405 2593 535 2656 Christo
558 2593 661 2656 irater
679 2597 845 2672 episcope,
863 2597 930 2658 tuis
940 2597 1041 2674 justis

250 2690 527 2766 postulationibus
539 2692 633 2767 grato
645 2693 880 2756 concurrentes
890 2709 1039 2766 assensu,

249 2785 408 2857 redditus,
424 2803 507 2864 quos
521 2789 556 2848 in
572 2788 723 2852 ecclesiis
735 2788 776 2850 de
790 2790 939 2852 Munster
954 2794 986 2852 et
1000 2790 1042 2852 de

250 2882 434 2958 Pilstingen
449 2885 597 2948 nosceris
610 2883 771 2959 obtinere,
787 2885 874 2949 sicut
886 2903 942 2948 eos
951 2889 1041 2964 Juste

249 2979 399 3056 possides
420 2980 454 3042 et
474 2982 595 3057 quiete,
616 2982 813 3045 auctoritate
826 2983 887 3046 tibi
901 2985 1041 3061 Aposto-

248 3075 314 3137 lica
339 3077 572 3139 confirmamus
595 3079 628 3141 et
650 3081 824 3156 1166666116
848 3081 962 3158 scripti
986 3097 1042 3159 pa·

249 3173 392 3235 trooinio
432 3176 682 3236 communimus.
721 3177 839 3238 Datum
871 3178 1039 3251 Laterani,

1097 1289 1273 1350 munimus.
1298 1289 1366 1366 Ipsi
1385 1289 1496 1352 tamen
1522 1289 1639 1362 electo,
1662 1288 1768 1350 donec
1791 1287 1882 1350 fuerit

1097 1387 1322 1460 consecratus,
1343 1387 1384 1448 de
1405 1385 1566 1448 tractibus
1588 1385 1684 1447 dictae
1704 1384 1882 1462 praebenda

1096 1484 1248 1547 volumus
1261 1499 1352 1546 more
1367 1483 1464 1547 solito
1476 1483 1682 1561 responderi,
1692 1483 1765 1544 nisi
1777 1481 1882 1544 forsan
1964 1477 1965 1528 ἶ

1095 1582 1223 1644 tantum
1238 1581 1387 1643 differret
1402 1597 1521 1642 munus
1533 1580 1798 1642 consecrationis
1815 1597 1883 1640 sus-

1096 1679 1218 1756 cipere,
1236 1679 1321 1756 quod
1335 1680 1470 1755 dignum
1482 1679 1571 1740 66661
1585 1693 1645 1738 nos
1658 1677 1760 1738 aliter
1772 1677 1879 1753 provi·
1964 1731 1965 1740 ,

1096 1775 1185 1836 dere.
1215 1775 1308 1837 Nulli
1335 1791 1415 1852 ergo
1437 1777 1571 1836 omnino
1595 1774 1768 1835 hominum
1792 1773 1883 1834 liceat

1096 1873 1182 1934 hanc
1193 1872 1348 1950 paginam
1359 1873 1481 1934 nostrae
1497 1871 1761 1933 confirmationis
1776 1871 1883 1932 inirin-

1096 2067 1283 2143 sumpserit,
1294 2065 1557 2142 indignationem
1568 2064 1807 2142 omnipotentis
1818 2065 1879 2136 liei,

1095 2179 1134 2225 ao
1157 2163 1328 2225 beatorum
1355 2163 1445 2225 Petri
1473 2165 1506 2224 61
1535 2163 1632 2223 Pauli
1662 2162 1881 2236 apostolerum

1096 2263 1179 2338 ejus
1196 2276 1231 2322 66
1249 2261 1378 2322 noverit
1402 2261 1624 2322 incursurum.
1645 2261 1767 2321 Datum
1786 2259 1880 2320 Late-

1096 2357 1182 2430 rani,
1197 2359 1259 2418 1111
1276 2355 1436 2418 kalendas
1452 2356 1580 2434 aprilis,
1597 2371 1686 2417 anno
1701 2355 1827 2434 quinto.

1419 2607 1566 2694 ccclv

1135 2757 1382 2833 abnepotem
1400 2757 1621 2818 Hostienscm
1638 2759 1845 2833 episcopum.

1377 2877 1411 2936 11
1426 2884 1509 2936 marl.
1525 2879 1603 2936 1111.

1133 2991 1261 3056 [Thamar.
1277 2991 1415 3056 06111111.
1429 2992 1537 3044 dominii
1551 2993 1726 3058 16161.,1,17,
1740 3007 1768 3044 n.
1782 2992 1847 3058 loe]

1003 2031 1006 2041 .
1096 1985 1185 2046 gere,
1202 1971 1264 2032 etc.
1281 1970 1316 2030 Si
1331 1968 1405 2047 quis
1420 1969 1528 2031 autem
1541 1970 1605 2030 hoo
1618 1968 1784 2030 attentare
1798 1984 1880 2045 116·
1964 1983 1965 1994 ²

1096 3109 1132 3166 Ut
1142 3107 1357 3166 constitutiones
1367 3105 1508 3166 Frederiei
1516 3107 1623 3180 ubique
1633 3107 1772 3180 publicari
1782 3121 1882 3180 6661116
1964 3101 1965 3140 1

1122 3196 1299 3268 amegistris
1309 3195 1536 3254 Bononiensibus
1544 3197 1573 3252 in
1585 3195 1693 3254 sobolis
1701 3197 1762 3269 legi
1772 3203 1856 3254 curet
1964 3199 1965 3272 1

247 3269 325 3330 11111
352 3268 512 3331 kalendas
538 3271 666 3347 aprilis,
695 3271 907 3347 pontificatus
934 3274 1041 3336 nostri

249 3379 337 3427 anno
352 3366 477 3446 quinte.
1079 3387 1086 3396 ·

1094 3515 1219 3577 stolicaa
1236 3513 1330 3576 Sedis
1343 3514 1463 3592 legato,
1476 3515 1617 3578 salutem
1626 3517 1659 3578 et
1668 3515 1878 3593 apostolicam

1093 3610 1368 3673 benedictionem.

1133 3709 1347 3770 Fraternitati
1367 3711 1435 3770 tuae
1456 3709 1669 3787 praesentium
1689 3708 1880 3772 auctoritate

1093 3806 1300 3878 mandamns,
1315 3807 1478 3884 quatenus
1493 3807 1746 3868 constitutiones
1757 3823 1777 3868 a
1787 3805 1879 3867 caris·

567 3519 720 3608 000111

321 3653 394 3732 11111
416 3653 583 3716 decanum
605 3655 946 3729 Justiaopolitonom.

530 3773 564 3832 11
579 3783 662 3832 mart.
678 3775 756 3834 1111.

372 3887 490 3952 [11116111.
505 3888 756 3948 italicianarum
769 3889 800 3951 ll,
810 3905 835 3954 1.
848 3889 916 3955 lid]

290 3995 404 4050 Decano
418 3994 656 4067 lustinopolitano
671 3992 853 4067 praebendam
868 3994 999 4054 collatam

566 4081 725 4139 confirmat.

1093 3999 1215 4061 illustri
1235 4001 1458 4062 Romanorum
1477 3999 1677 4078 imperatore
1692 4001 1724 4062 et
1737 4016 1816 4076 rege
1830 3999 1878 4059 Si-

1134 3321 1880 3399 Η66611666116661116,6611666611616616,

1094 3415 1276 3480 venerabili
1291 3417 1425 3480 tratri...
1441 3419 1610 3481 Hostiensi
1623 3419 1791 3497 episcopo,
1805 3422 1881 3496 Ape-
1964 3435 1965 3496 f

1094 3903 1177 3964 simo
1208 3902 1244 3964 in
1278 3902 1408 3965 Christo
1439 3903 1507 3965 tilio
1542 3903 1656 3965 nostro
1689 3903 1876 3972 Frederioo,
1964 3945 1965 3982 ,

1093 4096 1191 4168 ciliae,
1205 4097 1240 4157 in
1256 4096 1321 4169 die,
1338 4113 1403 4174 quo
1416 4097 1561 4174 suscepit
1574 4097 1707 4175 imperii
1719 4097 1874 4166 diadema,
1964 4097 1965 4188 1

290 4189 456 4250 Honorius
467 4189 652 4267 episcopus,
662 4205 778 4253 servus
787 4207 958 4254 serrorum
966 4193 1036 4264 Del,
1094 4192 1286 4254 solemniter
1295 4193 1412 4264 editas,
1426 4209 1508 4270 quas
1519 4191 1577 4254 tibi
1590 4192 1651 4253 sub
1665 4192 1758 4254 bulla
1771 4191 1876 4254 nostra
1964 4205 1965 4288 }

250 4286 882 4364 decanoetcapitulolustinopolitano‚
900 4287 1039 4350 salutem
1094 4289 1253 4351 mittimus
1287 4290 1498 4361 interclusas,
1535 4305 1683 4367 quasque
1720 4287 1877 4367 imperiali
1964 4295 1965 4368 5

249 4385 283 4446 et
297 4383 511 4460 apostolicam
525 4383 800 4446 benedictionem.

289 4480 415 4541 Dilecto
434 4479 503 4543 filio
519 4481 676 4556 magistro
692 4481 819 4542 Othone
832 4481 874 4543 ad
890 4482 1039 4558 regimen
1094 4482 1187 4543 Sedis
1205 4483 1360 4544 duximus
1376 4484 1579 4557 retinendas,
1596 4498 1656 4561 per
1673 4499 1786 4545 omnes
1800 4481 1877 4545 oiri·

1093 4401 1195 4448 aurea
1210 4387 1356 4448 munitas
1370 4385 1461 4448 bulla
1476 4388 1511 4447 in
1526 4385 1673 4448 archivis
1687 4385 1875 4463 Apostolioaa

250 4575 400 4638 ecclesiae
416 4576 585 4639 Urbinatis
604 4577 720 4650 electo,
737 4593 799 4640 nos
818 4593 902 4640 onus
917 4578 1040 4642 debito-
1092 4579 1178 4641 tates
1201 4579 1396 4642 constitutas
1418 4579 1506 4641 inira
1526 4579 1608 4642 lines
1629 4580 1804 4656 legationis
1821 4575 1874 4640 tibi
1964 4639 1965 4650 ,

162 4715 164 4732 .
249 4688 323 4734 rum
337 4672 484 4749 ejusdem
497 4674 646 4736 ecclesiae
659 4675 876 4747 attendentes
895 4675 1039 4737 inhiberi
1094 4677 1277 4738 commissae
1289 4675 1454 4754 publicari
1466 4675 1570 4738 facias
1581 4677 1762 4749 etservari,
1774 4677 1875 4752 inJun·
1964 4683 1965 4738 i

250 4769 480 4831 mandavimus
501 4772 717 4833 ecclesiarum
732 4773 889 4850 praelatis,
906 4774 940 4834 in
960 4773 1038 4851 qui-
1093 4789 1173 4848 gens
1192 4773 1360 4848 magistris
1382 4773 1415 4834 et
1434 4773 1641 4836 scholaribus
1661 4771 1874 4834 Bononiensi·
1964 4759 1965 4830 1

249 4867 311 4929 bus
323 4867 410 4928 idem
424 4866 548 4930 electus
559 4867 720 4930 benetlcia
736 4869 914 4941 obtinebat,
924 4885 966 4932 ne
981 4870 1040 4931 ali·
1093 4869 1154 4930 bus
1172 4869 1351 4942 universis,
1375 4871 1412 4932 ut
1430 4870 1465 4930 in
1483 4869 1651 4931 codicibus
1666 4871 1737 4931 suis
1756 4867 1873 4930 iaciant
1964 4935 1965 4938 1

250 4965 328 5043 quid
343 4966 383 5027 de
397 4964 566 5026 beneflciis
585 4965 667 5042 ipsis
684 4965 897 5043 disponerent
915 4965 1039 5044 absque
1093 4981 1149 5028 666
1173 4965 1285 5037 scribi,
1306 4969 1339 5029 ei
1358 4967 1392 5028 in
1416 4967 1540 5028 scholis
1564 4966 1630 5044 legi
1650 4965 1871 5028 solemnitera
1964 4977 1965 4980 ¹

250 5061 405 5124 mandato
424 5062 519 5122 Sedis
533 5062 732 5139 Apostolioae
747 5063 894 5138 speciali,
912 5062 969 5124 sed
989 5063 1039 5124 ei·
1092 5062 1270 5138 magistris,
1288 5059 1874 5141 61166166611166661116666661116-

250 5158 323 5219 dem
338 5158 442 5220 electo
457 5157 590 5220 interim
610 5158 749 5234 deipsis
770 5157 940 5220 beneficiis
961 5175 1038 5221 res·
1092 5161 1146 5232 rit,
1163 5175 1223 5236 per
1243 5175 1417 5221 censuram
1441 5160 1712 5231 eeclesiasticam,
1729 5155 1872 5235 appella·
1964 5141 1965 5166 ³

249 5254 441 5330 ponderent.
458 5255 572 5331 Nuper
592 5254 702 5315 autem
722 5255 756 5316 in
778 5257 892 5317 nostra
912 5269 1037 5332 propo·
1091 5257 1181 5318 tione
1194 5259 1332 5329 remota,
1347 5257 1560 5334 compellens.
1575 5259 1695 5317 Datum
1712 5252 1868 5322 Laterani,
1964 5305 1965 5310 ,

249 5350 346 5411 suisti
364 5353 539 5426 praesentia
557 5351 765 5424 constitutus,
787 5351 873 5428 quod
897 5367 1039 5414 venera·
1092 5354 1166 5413 VIII
1190 5351 1349 5414 kalendas
1377 5353 1510 5430 aprilis,
1537 5351 1746 5430 pontificatus
1771 5347 1869 5412 nostri
1964 5363 1965 5372 ¹

249 5443 326 5508 bilis
345 5445 448 5509 irater
466 5446 578 5509 noster
593 5447 842 5524 studegavensis
863 5447 1037 5526 episcopus
1092 5463 1179 5511 anno
1192 5449 1318 5528 quinto.
