3978 6292
179 285 195 426 ’ἢ
267 329 327 390 aaa
886 333 1060 392 nosonn
1083 333 1127 392 111
1150 335 1299 394 ornus.
1666 365 1673 372 ·
1848 339 1904 399 acc

261 489 438 566 praeposito
451 489 677 566 dellegenebe
688 491 835 566 mogunt.
848 483 1055 554 etwarmac.
1115 489 1236 553 dilecto
1258 491 1327 554 lllio
1346 489 1751 570 P-lllbanensiepiscopo,
1765 495 1901 570 Aposto-

264 587 374 658 dloec,
392 588 533 651 salutern
548 590 582 650 et
595 588 767 666 apostolic.
784 587 1057 650 benedictionem.
1116 587 1188 649 licae
1214 589 1309 650 Sedis
1334 589 1455 666 legato,
1478 590 1672 653 salutemet
1695 590 1904 667 apostolicam

304 688 352 746 lix
363 687 457 762 parte
468 688 649 748 conventus
659 686 771 747 Sancti
781 685 901 748 Albani
913 687 1058 760 llogunt.
1116 685 1391 748 benedictionem.

263 781 327 842 suit
353 783 557 860 propositum
579 798 690 844 coram
718 782 825 855 nobis,
853 781 939 859 quod
960 797 1059 860 quum
1155 783 1289 844 Litteris
1323 785 1411 855 tuis,
1445 785 1481 846 in
1516 784 1631 862 vigilia
1666 786 1906 862 Assumptlonis

267 879 474 942 Christianus
490 879 655 958 quondam
674 879 867 942 monasterii
880 879 933 940 sui
945 893 1062 942 mona·
1115 879 1219 941 beatas
1234 881 1360 952 Maria,
1383 882 1496 944 animo
1519 882 1728 947 desiderante
1753 883 1903 959 receptis,

264 976 357 1048 chus,
374 977 431 1054 qui
446 977 609 1040 violentas
634 993 751 1040 manus
775 977 807 1040 in
832 977 969 1038 Wclver
982 978 1061 1038 tnnc
1115 979 1148 1039 et
1165 978 1367 1040 continentia
1380 979 1582 1050 earumdem,
1594 991 1634 1042 ac
1650 979 1702 1052 ils,
1714 993 1787 1056 qnae
1801 993 1904 1040 vene·

262 1073 462 1137 abbatemet
479 1075 637 1152 quosdam
655 1073 776 1136 tratres
798 1090 912 1136 eorum
935 1073 1059 1150 injecit,
1116 1075 1231 1138 rabilis
1246 1074 1349 1138 trater
1360 1079 1473 1138 noster
1485 1075 1767 1139 Bethleemitanus
1780 1077 1907 1154 episco-

262 1172 297 1231 in
310 1170 461 1233 abbatem
481 1173 675 1236 monasterii
692 1171 805 1232 Sancti
819 1171 932 1234 nisset
946 1169 1063 1232 luisset
1116 1190 1177 1250 pus
1203 1173 1298 1234 nobis
1326 1175 1497 1250 proposuit
1519 1175 1596 1235 viva
1617 1189 1709 1245 voca,
1735 1189 1809 1234 curn
1830 1173 1906 1234 dili-

262 1271 469 1345 assumptus,
494 1269 567 1346 ipse
589 1269 750 1333 adversus
774 1267 949 1340 Gebenon,
973 1283 1061 1331 nunc
1116 1269 1226 1346 gentia
1242 1271 1430 1342 intellectis,
1442 1271 1609 1334 lamentor
1623 1270 1663 1332 ad
1678 1272 1817 1333 tuomet
1831 1273 1908 1330 ler-

261 1365 414 1428 abbatem
428 1382 543 1428 eorum
560 1383 635 1428 cum
645 1364 839 1443 quibusdam
855 1381 898 1426 ex
911 1364 1060 1442 praedicti
1116 1385 1162 1430 roe
1179 1371 1307 1430 Sanctae
1329 1368 1513 1430 subsidium
1528 1367 1726 1445 aspirantes,
1743 1365 1904 1444 quaedam,

262 1463 458 1524 monasterii
474 1465 587 1526 Sancti
601 1463 721 1528 Albani
738 1463 909 1524 monacbis
924 1463 1061 1538 conspi·
1116 1481 1189 1543 quae
1204 1480 1307 1542 penes
1329 1481 1390 1528 nos
1406 1467 1502 1527 erant
1516 1465 1556 1526 ds
1576 1465 1803 1543 redemptione
1815 1467 1908 1526 voto·

262 1561 351 1624 ravit
365 1561 406 1622 ad
420 1563 492 1638 ejus
510 1577 610 1637 agere
625 1561 875 1640 depositionem,
891 1560 946 1622 cui
961 1559 1060 1622 subs·
1117 1579 1201 1634 rum,
1218 1565 1250 1625 et
1265 1561 1521 1640 quinquemillia
1532 1563 1904 1624 marcarumdecamera

262 1659 340 1721 titni
364 1657 555 1731 affectabat,
586 1659 778 1732 intendens;
809 1655 865 1736 qui
893 1658 994 1722 etiam
1021 1657 1062 1720 de
1117 1663 1242 1729 nostra,
1258 1661 1415 1722 mutiano
1427 1659 1468 1720 ad
1484 1673 1567 1735 opus
1580 1659 1770 1736 hujusmodi
1793 1674 1908 1734 segre-

264 1757 410 1820 claustro
423 1757 538 1822 Talen-
554 1756 638 1818 duas
654 1756 816 1818 moniales
830 1756 974 1819 educens
987 1771 1063 1816 cor·
1116 1758 1277 1833 gavimus,
1290 1759 1323 1820 et
1333 1773 1390 1819 eas
1405 1757 1464 1820 tibi
1478 1771 1537 1834 per
1552 1757 1703 1818 eumdem
1719 1757 1908 1834 episcopum

264 1855 354 1944 rupit
382 1854 534 1926 alteram,
557 1855 687 1930 reliqua
718 1869 799 1914 naso
820 1854 854 1914 et
874 1851 972 1914 labiis
993 1867 1062 1914 mu·
1116 1855 1371 1926 destinavimus,
1402 1855 1436 1916 et
1462 1854 1600 1931 insuper
1628 1853 1722 1916 fratri
1751 1856 1906 1930 aymaro,

264 1951 371 2022 tilata,
388 1953 422 2013 et
440 1968 539 2027 quum
560 1951 600 2012 de
615 1951 764 2022 infamia,
781 1965 879 2027 quam
893 1950 934 2012 ad
950 1951 1063 2026 nujus·
1116 1953 1326 2014 thesaurario
1338 1952 1454 2016 domus
1465 1951 1592 2014 milities
1603 1951 1730 2028 Templi
1745 1951 1911 2012 Parisien·

266 2048 356 2109 modi
366 2049 492 2110 scelere
501 2049 630 2124 patrato
644 2049 941 2117 contraxeratnon
952 2049 1063 2123 posset
1117 2051 1174 2122 sis,
1187 2049 1416 2111 mandavimus
1427 2049 1500 2110 sine
1511 2064 1615 2120 mora,
1630 2051 1713 2110 ntea
1726 2063 1801 2126 quae
1815 2047 1912 2109 habet

220 2139 237 2150 ’
266 2149 450 2206 corruentus
477 2162 497 2206 a
527 2145 593 2206 loci
627 2145 796 2206 ordinario
830 2160 868 2208 se
899 2159 1060 2220 purgare,
1117 2145 1907 2228 devicesimaFranciae,qnae,sicutacoepimus,

265 2247 392 2319 sponte,
409 2241 574 2306 abbatiam
590 2243 753 2304 removeri
769 2241 811 2304 ab
825 2257 864 2304 eo
880 2241 1063 2304 sententia-
1117 2245 1206 2307 circa
1219 2260 1382 2308 summam
1393 2245 1560 2308 sexdecim
1570 2245 1712 2306 millium
1723 2258 1909 2304 marcarum

266 2341 345 2403 liter
364 2341 529 2412 metuens,
544 2339 738 2414 resignavit.
764 2341 844 2402 Cum
864 2338 973 2402 autam
992 2338 1063 2414 ipse
1117 2343 1316 2413 ascendunt,
1342 2341 1473 2405 studeat
1503 2342 1636 2406 divisim
1671 2357 1730 2418 per
1762 2340 1913 2402 diversos

265 2437 472 2515 postmodum
495 2437 604 2501 redire
628 2435 668 2496 ad
688 2451 802 2500 eorum
825 2435 1061 2499 monasterium
1117 2440 1250 2500 nuntios
1272 2438 1449 2516 prudentes
1463 2439 1497 2502 et
1511 2439 1635 2510 lldeles,
1657 2438 1718 2500 sub
1731 2440 1911 2516 episcopo-

266 2549 326 2612 per
340 2533 404 2595 loci
419 2533 706 2610 metropolitanum
729 2535 891 2608 blegent,
908 2532 1064 2594 videlicet
1116 2553 1189 2598 rum
1203 2538 1236 2598 et
1245 2537 1387 2598 aliorum
1402 2536 1591 2601 testimonio
1602 2536 1743 2612 signata,
1761 2536 1797 2598 in
1807 2536 1913 2614 ipsius

266 2631 564 2708 archiepiscopum,
579 2630 1062 2706 niteremr,ipsidicentesenm
1116 2637 1227 2698 Terre
1255 2633 1439 2699 subsidium
1465 2633 1619 2698 celeriter
1644 2634 1826 2704 destinare,
1854 2633 1910 2694 tibi

267 2729 302 2790 in
319 2729 457 2792 arctiori
471 2728 543 2790 loco
563 2729 762 2806 ponendum,
780 2727 837 2790 rubi
860 2727 979 2790 delicta
1002 2743 1061 2791 sua
1118 2733 1158 2794 ab
1173 2732 1256 2809 ipsis
1271 2732 1396 2806 nuptiis
1412 2732 1447 2794 in
1459 2730 1659 2795 venerabilis
1674 2731 1788 2793 fratris
1804 2731 1912 2792 nostri

266 2829 300 2888 in
316 2842 402 2904 pane
422 2827 548 2888 doloris
569 2826 602 2888 et
621 2825 830 2889 contritionis
854 2841 940 2902 aqua
960 2826 1064 2890 delle-
1118 2829 1365 2908 patriarcbaeao
1377 2827 1910 2905 illustrisregislerosolymitani,

264 2924 326 2996 ret,
343 2925 377 2987 et
390 2925 610 3000 proponentes
624 2922 708 2999 quod
722 2922 924 2986 monasterio
938 2938 1064 2987 renun-
1117 2943 1156 2990 ac
1180 2928 1413 3002 magistrorum
1434 2926 1624 3002 Hospitalis,
1653 2930 1686 2988 et
1705 2925 1853 3001 Templi,
1874 2940 1911 2984 ac

265 3022 383 3084 linsset
395 3022 653 3098 ipsorumexeo
665 3021 750 3100 quod
765 3020 902 3083 alterius
913 3021 1063 3097 regimen
1117 3027 1233 3088 domus
1252 3025 1518 3094 l'eutonicorum,
1539 3024 1572 3085 et
1595 3023 1755 3100 principis
1774 3021 1912 3086 exerci-

266 3121 299 3186 et
313 3119 587 3194 gubernationem
601 3120 847 3196 assumpsisset,
863 3135 991 3184 necnon
1006 3119 1062 3196 lp·
1117 3123 1170 3186 tus
1195 3124 1427 3190 Romanorum,
1448 3119 1624 3195 praesentia
1649 3117 1851 3190 exbibenda,
1881 3117 1913 3178 et

267 3217 338 3277 sius
363 3215 537 3288 malitiam,
561 3231 660 3293 quam
681 3217 810 3294 experti
830 3215 971 3288 fuerant,
993 3229 1064 3276 ms-
1117 3217 1333 3296 expendenda
1347 3232 1406 3294 per
1424 3217 1469 3288 te,
1482 3215 1912 3292 cumipsoremconsilioet

264 3314 410 3384 tuentes,
427 3329 468 3374 ne
488 3313 597 3390 ipsum
618 3311 775 3390 prefatus
792 3313 1063 3389 archiepiscopus
1118 3317 1259 3380 aliorum
1274 3331 1356 3394 quos
1371 3313 1495 3376 videris
1507 3312 1727 3386 advocandos,
1744 3312 1845 3390 prout
1859 3325 1913 3372 res

265 3410 300 3476 in
318 3410 440 3475 dictura
461 3412 697 3473 monasterium
713 3409 898 3478 reduceret,
917 3411 1063 3474 nostram
1119 3413 1283 3476 videbitur
1298 3412 1476 3488 postulare.

267 3507 472 3570 audientiam
491 3507 712 3584 appellarunt.
739 3510 862 3568 Verum
877 3507 956 3586 quia
977 3523 1066 3583 prae-
1159 3513 1247 3577 Sane
1261 3511 1298 3572 in
1310 3509 1521 3572 Provinciam
1536 3510 1594 3572 aut
1607 3508 1643 3570 in
1658 3508 1823 3570 Graeciam
1839 3506 1916 3568 nul-

266 3603 353 3684 latus
379 3605 560 3668 monachus
587 3605 731 3672 nondum
756 3603 797 3666 ab
823 3619 949 3677 eorum,
965 3620 1064 3682 super
1119 3609 1169 3673 los
1184 3607 1319 3670 omnino
1334 3621 1393 3683 pro
1409 3605 1557 3670 subsidio
1569 3607 1681 3666 Terrae
1696 3605 1830 3668 Sanctae
1845 3620 1918 3666 cru-

266 3701 1073 3780 boo,vexationequievit,delendisuperbocper
1118 3707 1307 3780 resignatos
1328 3703 1527 3778 direximus3
1555 3702 1633 3774 sed,
1658 3717 1734 3763 cum
1762 3701 1915 3764 baeretici

266 3801 384 3867 sedern
402 3801 623 3878 apostolicam
636 3800 818 3877 petierunt3=
833 3800 984 3862 nolentes
999 3798 1065 3875 igi·
1119 3801 1312 3877 albigenses
1340 3799 1502 3861 adversus
1527 3800 1705 3861 Ecclesiam
1729 3799 1914 3860 deteriores

265 3901 319 3962 tur
334 3899 380 3972 ut,
396 3899 426 3958 sl
439 3899 612 3976 praemissa
627 3898 767 3960 veritate
782 3897 944 3968 nituntur,
965 3911 1065 3972 super
1117 3900 1331 3974 insurgerent
1350 3897 1537 3969 Saracenis,
1557 3897 1589 3958 et
1613 3887 1679 3956 alia'
1695 3897 1788 3972 parte
1804 3899 1913 3957 cons

265 3996 454 4074 receptione
470 3996 575 4072 ipsius
586 3994 740 4057 monachi
756 3994 983 4071 supradictum
999 4009 1065 4058 mo·
1119 3994 1398 4072 tantinopolitano
1412 3994 1552 4070 imperio
1573 3993 1770 4058 amissionis
1789 3993 1919 4054 dicere-

265 4093 448 4156 nasterium
476 4093 687 4168 aggravetur,
717 4090 911 4152 discretioni
943 4092 1064 4155 vestrae
1118 4096 1173 4157 tur
1186 4091 1567 4170 periculumimminere,
1584 4090 1698 4155 fideles
1711 4105 1778 4154 non
1795 4106 1918 4152 cruce-

265 4208 325 4270 per
334 4189 524 4268 apostoliea
535 4188 659 4266 scripta
673 4186 880 4259 mandamus,
889 4189 1062 4264 qnatenus,
1119 4192 1268 4267 signatos
1306 4190 1348 4252 ad
1383 4189 1643 4254 succurrendum
1677 4202 1737 4264 per
1781 4190 1916 4249 nostras

265 4291 295 4349 si
316 4291 368 4352 est
388 4289 446 4360 ita,
472 4287 634 4349 monacho
651 4286 713 4362 ipsi
736 4300 838 4360 super
858 4285 922 4348 boc
941 4299 1063 4361 perpe-
1119 4289 1246 4351 litteras
1283 4287 1510 4358 incitavimus,
1540 4301 1699 4364 expresso
1728 4285 1763 4348 in
1790 4285 1917 4348 litteris

264 4387 358 4450 tuum
371 4383 541 4448 silentium
552 4383 750 4462 imponatis,
765 4382 850 4460 quod
871 4381 900 4442 si
913 4397 978 4443 non
992 4396 1066 4444 om·
1118 4386 1216 4462 ipsis,
1248 4387 1284 4450 ut
1317 4383 1433 4447 nullus
1458 4384 1708 4459 crucesignatus
1735 4383 1778 4444 ad
1802 4386 1916 4444 Terrae

265 4499 324 4558 nes
339 4483 384 4544 iis
396 4481 617 4560 exsequendis
627 4482 791 4544 interesse
802 4479 987 4556 potueritis
998 4477 1063 4548 duo
1121 4483 1250 4544 Sanctae
1275 4481 1460 4544 subsidium
1474 4480 1541 4542 alio
1562 4479 1775 4542 convertatur
1788 4477 1837 4560 (1)
1853 4481 1918 4542 iter

264 4582 318 4643 vel
337 4583 423 4642 alter
441 4583 590 4644 vestrum
607 4595 648 4642 ea
662 4579 879 4641 nihilominus
894 4591 1063 4652 exsequa—
1120 4596 1228 4644 snnm.
1255 4579 1358 4650 Unde,
1384 4577 1463 4642 licet
1488 4577 1583 4640 multi
1606 4577 1646 4638 de
1670 4591 1761 4642 novo,
1781 4591 1916 4642 crucem

264 4680 458 4741 turbatum
476 4679 653 4749 Reate,VlI
666 4676 740 4740 idus
751 4673 963 4759 septembris
972 4673 1061 4750 pont.
1119 4675 1793 4754 contraipsosnltigensesassumpserint,
1804 4675 1917 4739 nullos

266 4775 372 4840 nostri
385 4791 474 4839 anno
488 4775 620 4853 quarto.
1117 4775 1229 4836 tamen
1246 4773 1495 4848 crucesignatos
1517 4788 1577 4848 pro
1595 4772 1782 4849 saepedictos
1802 4775 1916 4834 Terrae

1120 4873 1250 4934 Sanctae
1261 4882 1421 4934 succursu
1436 4872 1552 4932 contra
1565 4870 1642 4932 illos
1656 4869 1824 4933 credimus
1837 4885 1919 4946 prn-

618 4935 709 5025 XlX
1119 4969 1270 5031 cessisse.
1291 4971 1396 5030 Porro
1409 4981 1510 5043 super
1524 4965 1614 5030 nem
1630 4967 1798 5030 vicesima
1820 4965 1916 5030 nobis

305 5067 359 5128 Ad
378 5065 572 5138 Pelagium,
589 5061 815 5122 Albancmem
829 5059 1028 5130 elli-leovum
1118 5067 1218 5128 aliter
1227 5064 1400 5136 scriberes,
1413 5065 1442 5125 si
1455 5079 1506 5132 aa,
1517 5081 1590 5142 quas
1602 5063 1644 5124 de
1657 5064 1758 5126 tuost
1771 5064 1918 5126 aliorum

436 5163 473 5221 lo
494 5161 609 5232 surra,
626 5161 666 5218 A·
683 5159 717 5218 S·
732 5155 892 5230 ceparum.
1120 5163 1258 5226 fratrum
1285 5165 1474 5225 nemorum
1502 5161 1644 5224 commo
1666 5161 1707 5222 no
1735 5161 1793 5222 lua
1822 5160 1918 5222 ruere

551 5259 675 5320 lecton.
692 5259 771 5318 lale.
1094 5317 1095 5322 ,
1117 5261 1288 5338 disposita,
1316 5259 1435 5321 melius
1458 5260 1492 5322 in
1507 5259 1700 5320 memoriam
1722 5273 1912 5320 resecares.

373 5363 509 5427 [1³⁰³va
519 5361 578 5412 nec.
588 5359 634 5408 ἅθ’
645 5351 952 5417 ffl⁸1·›t¹1X·n·⁶⁰0·l
1118 5361 1210 5421 Sicut
1230 5357 1320 5422 anim
1342 5359 1434 5434 potas
1456 5356 1614 5427 recolere,
1636 5355 1679 5417 ab
1697 5355 1771 5431 ipso
1788 5359 1914 5418 nostre

265 5455 307 5514 Dc
323 5453 442 5526 pecunia
451 5455 480 5508 in
491 5448 755 5521 crucesignatorum
767 5443 902 5504 auxilium
912 5439 1060 5502 mittenda.
1117 5455 1332 5534 promotionis
1358 5455 1510 5525 exordp),
1535 5453 1575 5514 aq
1598 5453 1825 5528 ,aspidum
1842 5451 1911 5513 top.

305 5559 472 5626 Honorins
484 5557 658 5634 episcopus
674 5567 974 5643 servusaervorum
989 5550 1059 5618 Dei,
1116 5555 1259 5624 landam,
1270 5552 1331 5614 luit
1346 5551 1386 5613 de
1400 5551 1541 5614 consilto
1550 5551 1717 5614 communi
1728 5551 1914 5627 provisum,

302 5674 342 5748 (l)
363 5673 465 5734 licitur
478 5679 666 5728 converteret.
