4088 6306
279 322 337 381 aar
504 385 505 394 Ν
894 323 1069 384 11616111
1091 323 1305 387 1110Peaa.
1861 328 1927 389 aas

278 481 340 552 tes,
354 495 416 542 nec
431 479 583 543 verentes
604 479 749 543 studium
764 479 966 554 Parisiense,
983 481 1068 560 quod
1124 481 1189 559 ipsi
1212 483 1363 546 doctores
1387 497 1455 546 nun
1478 484 1586 548 solum
1609 485 1728 560 verbo,
1751 485 1808 550 sed
1835 485 1925 550 tacto

279 577 439 641 doctrinae
463 594 532 640 suae
547 578 670 639 fluenta
691 593 927 656 usquequaque
946 577 1071 640 diffun-
1124 595 1275 658 quoqne,
1298 583 1446 644 nostram
1470 583 1674 646 audientiam
1701 584 1924 662 appellarant,
2025 587 2026 650 1

277 674 369 747 dens,
388 675 586 737 universalis
601 675 751 736 ecclesiae
765 675 889 738 terram
907 675 1025 752 irrigat
1037 679 1071 738 et
1124 693 1220 738 suum
1236 678 1276 739 ad
1292 694 1363 750 nos,
1379 680 1415 740 ut
1433 679 1633 750 dictumest,
1651 682 1809 744 nuncium
1824 682 1926 744 desti·
2025 658 2026 746 1

277 771 639 844 ioecundat,inmontes
654 772 993 850 Gelboe,superquos
1008 789 1069 834 nec
1124 774 1245 847 nando,
1260 776 1367 851 prima
1387 776 1554 838 dominica
1573 778 1838 855 quadragesimae
1854 781 1925 841 tam

278 885 334 929 ros
349 869 447 936 cadit,
464 885 525 930 nec
544 869 669 947 pluvia,
687 869 890 932 commutare
910 871 1069 946 impetum
1124 873 1302 948 magistros
1315 889 1414 951 quam
1428 873 1611 946 scholares,
1628 877 1683 952 qui
1696 875 1925 938 iecerautcol·

276 965 423 1027 fluminis
461 967 516 1044 qui
547 967 715 1030 civitatem
744 967 875 1029 Domini
903 967 1067 1040 laetificat,
1123 969 1242 1031 lectam
1264 970 1317 1032 vel
1338 971 1508 1034 solverant
1529 973 1570 1034 ad
1587 974 1851 1052 prosequendam
1868 991 1927 1051 ap-

276 1063 880 1166 cursumdoctrinaevidelicetsistere,
891 1081 1070 1144 praesump-
1124 1067 1337 1143 pellationem
1377 1069 1581 1147 predictam,
1618 1071 1927 1133 excommunicatos
2025 1093 2026 1160 v

275 1161 400 1223 serunt.
1124 1162 1274 1226 iecerunt
1287 1165 1417 1240 publice
1431 1165 1596 1238 nunciari,
1614 1166 1773 1228 undenae
1786 1167 1828 1228 ad
1842 1183 1930 1229 con-

317 1257 512 1320 sicutenim
533 1259 647 1334 gravis
663 1258 759 1321 nobis
779 1259 1069 1322 eorumdemdoc-
1124 1258 1567 1323 fessionisremediumsunt
1588 1262 1737 1324 admissi.
1755 1264 1926 1341 Saneipsi
2025 1263 2026 1332 1

274 1355 384 1418 torum
404 1355 613 1432 querimonia
629 1355 793 1434 patefecit,
815 1373 890 1418 cum
906 1372 1069 1433 procura·
1124 1355 1286 1429 doctores,
1301 1373 1402 1435 super
1416 1359 1468 1420 sni
1493 1359 1591 1420 ruina
1613 1359 1714 1421 studii
1733 1360 1925 1434 anxiantes,
2025 1365 2026 1384 ³

273 1453 364 1514 tores
388 1453 538 1531 praedicti
562 1455 611 1516 eis
642 1455 746 1532 ipsius
768 1455 915 1532 episcopi
940 1455 1069 1517 litteras
1123 1452 1187 1530 ipsi
1200 1453 1403 1517 cancellario
1416 1457 1449 1518 et
1464 1456 1565 1518 sociis
1580 1459 1664 1534 ejus,
1681 1472 1770 1519 nunc
1785 1457 1928 1520 univer·

273 1549 485 1623 obtulissent,
500 1552 708 1613 continentes
724 1551 811 1629 quod
832 1551 918 1612 idem
939 1552 1071 1629 episco-
1124 1549 1181 1622 sis,
1195 1567 1284 1612 nunc
1299 1551 1452 1629 singulis,
1466 1552 1697 1631 supplicarunt
1709 1554 1883 1616 humiliter
1892 1556 1929 1616 et

274 1665 347 1726 pus,
375 1648 540 1710 innovans
567 1648 600 1709 id
622 1649 708 1727 quod
734 1665 755 1710 a
779 1648 875 1711 honae
901 1649 1068 1711 memoriae
1123 1647 1298 1721 instanter,
1316 1650 1352 1710 ut
1366 1649 1511 1726 rigorem
1533 1650 1726 1728 hujusmodi
1747 1651 1924 1729 tempera-

267 1745 456 1807 ·Octaviano
481 1745 652 1808 Hostiensi
677 1747 843 1830 episcopo,
871 1747 1068 1824 apostolicae
1122 1744 1214 1820 rent,
1240 1745 1297 1808 sed
1317 1761 1380 1808 nec
1403 1747 1484 1820 suis
1506 1762 1568 1810 nec
1587 1747 1790 1810 venerabilis
1805 1747 1923 1810 fratris

268 1843 371 1904 ‘Sedis
384 1843 505 1920 legate,
523 1844 557 1905 et
573 1844 818 1920 praedecessore
834 1844 986 1922 jamdicti
1003 1847 1071 1908 Pa·
1123 1842 1229 1904 nostri
1241 1843 1500 1906 Silvanectensis
1509 1845 1668 1923 episcopi,
1680 1847 1714 1908 et
1723 1845 1922 1908 dilectorum

265 1941 424 2002 -risiensis
440 1941 585 2018 episcopi
598 1941 724 2020 (Odone
741 1942 781 2003 da
803 1941 975 2021 sulliaco),
993 1941 1067 2004 tac·
1123 1939 1267 2002 tiliorum
1283 1941 1400 2004 decani
1423 1942 1457 2004 61
1474 1943 1611 2020 capituli
1626 1943 1841 2012 Parisiensis,
1861 1943 1923 2021 qui

271 2039 342 2099 tum
358 2039 440 2110 erat,
457 2039 766 2101 excommunicabat
788 2055 903 2101 omnes
920 2039 996 2102 illos
1011 2041 1068 2117 qui
1123 2051 1182 2113 pro
1196 2038 1245 2099 eis
1266 2039 1506 2101 intercessores
1526 2039 1668 2102 humiles
1692 2042 1921 2113 accesserunt,

272 2134 448 2197 decaetero
463 2136 535 2197 sine
555 2152 719 2198 consensu
739 2138 772 2198 et
793 2137 991 2200 auctoritate
1015 2139 1069 2214 ip·
1122 2135 1300 2212 potuerunt
1317 2136 1471 2212 precibus
1481 2135 1641 2209 obtinere,
1654 2137 1690 2200 ut
1700 2137 1831 2215 praelati
1847 2154 1925 2198 ma-

272 2232 353 2304 sius,
370 2231 421 2292 vel
437 2232 639 2293 parisiensis
652 2233 815 2306 ecclesia,
838 2233 928 2295 circa
946 2235 1068 2295 statum
1121 2229 1219 2308 gistri
1233 2234 1266 2294 61
1279 2232 1449 2295 scholares
1465 2233 1588 2296 artium
1600 2235 1787 2312 reciperent
1799 2235 1841 2296 ad
1848 2251 1925 2311 poe-

272 2329 462 2390 scholarum
468 2329 520 2392 vel
526 2329 760 2406 magistrorum
766 2329 914 2394 tacerent
921 2331 1067 2410 aliquam
1121 2329 1307 2403 nitentium,
1321 2345 1388 2391 non
1402 2329 1555 2394 obstante
1567 2331 1817 2394 denuntiatione
1829 2347 1924 2411 prae-
2025 2383 2026 2410 ,

274 2426 627 2503 conspirationem-,seu
639 2427 908 2488 constitutionem
918 2427 977 2489 aut
988 2426 1068 2490 obli·
1121 2424 1219 2498 dicta,
1230 2442 1305 2488 cum
1316 2441 1356 2488 ea
1373 2427 1553 2506 appellatio
1570 2429 1718 2505 legitima
1733 2429 1923 2507 processis-

271 2523 437 2598 gationem
451 2523 642 2600 quamlibet,
649 2524 838 2601 jnramento
850 2525 904 2586 vel
924 2525 1067 2597 iide,seu
1122 2523 1182 2584 set.
1198 2523 1292 2584 Unde
1306 2539 1375 2600 prae
1404 2524 1599 2587 contusione
1618 2525 1718 2588 faciei
1740 2525 1773 2588 61
1795 2527 1920 2588 mentis

272 2619 340 2680 alia
355 2636 561 2698 quacumque
576 2636 684 2697 poena,
698 2621 873 2696 vallatam3
896 2621 960 2699 ipsi
982 2621 1066 2684 doc·
1121 2619 1275 2695 angustia
1289 2619 1410 2683 deiecit
1422 2621 1457 2682 in
1472 2621 1555 2698 ipsis
1571 2622 1764 2684 doctoribus
1781 2623 1923 2700 spiritus

273 2717 379 2788 tores,
408 2717 613 2780 attendentes
641 2717 727 2794 quod
749 2717 897 2796 ejusdem
918 2717 1066 2796 episcopi
1121 2717 1162 2778 ad
1177 2716 1362 2794 legendum,
1380 2720 1422 2792 et,
1438 2718 1524 2796 quod
1541 2720 1638 2781 valde
1652 2720 1801 2782 dolentes
1821 2721 1924 2782 audi-

273 2813 397 2876 factum
425 2813 629 2876 innitebatur
654 2814 741 2876 iacto
766 2815 949 2893 supradicti
971 2815 1066 2892 epis·
1121 2815 1240 2888 vimus,
1257 2815 1292 2876 in
1307 2816 1397 2878 omni
1418 2815 1574 2879 facultate
1594 2817 1670 2879 silet
1684 2818 1838 2880 Parisios
1853 2834 1924 2880 vox

275 2912 350 2988 copi
363 2911 560 2983 Hostiensis,
578 2914 650 2989 eJus
667 2928 767 2990 super
781 2912 844 2974 hoc
858 2913 986 2976 litteras
1002 2913 1067 2975 sibi
1117 2909 1290 2986 doctrinae,
1318 2915 1360 2986 et,
1385 2916 1505 2990 negata
1525 2914 1790 2977 desiderantibus
1813 2916 1922 2991 poeni·

272 3008 1067 3086 exhiberipetierunthumiliteretinstanter,nec
1120 3007 1235 3077 tentia,
1254 3009 1420 3086 perceptio
1437 3010 1601 3072 Dominici
1623 3011 1772 3088 corporis
1789 3010 1923 3074 eisdem

269 3106 450 3183 potuerunt
459 3106 626 3168 ullatenus
634 3107 783 3168 obtinere
791 3104 1066 3187 (l).Deindecum
1121 3103 1155 3166 in
1170 3107 1243 3181 ipso
1254 3107 1433 3170 Dominicae
1447 3108 1703 3170 resurrectionis
1720 3109 1774 3170 die
1784 3108 1920 3186 luitper

269 3203 385 3264 eadem
395 3203 580 3265 constantia
600 3203 803 3281 quesierunt
822 3204 1067 3282 interpretatio·
1121 3217 1328 3280 consequens
1336 3205 1509 3281 denegata.
1522 3206 1683 3268 Caeterum
1694 3206 1921 3268 cancellarius

269 3315 346 3361 nem
362 3298 495 3361 illorum
510 3297 698 3372 verborum,
717 3300 987 3364 constitutionem
1008 3302 1067 3365 aut
1120 3299 1204 3376 ipse,
1220 3315 1319 3377 super
1333 3301 1481 3364 dolorem
1501 3318 1615 3364 eorum
1630 3302 1753 3365 addere
1767 3319 1834 3366 non
1859 3304 1923 3366 de-

270 3395 1065 3474 6111310161](16311111611111111111161166111-
1121 3396 1252 3469 sistens,
1277 3400 1474 3476 contemptis
1496 3400 1628 3462 statutis
1644 3417 1717 3478 quae
1746 3416 1847 3478 super
1861 3400 1919 3462 his

269 3492 459 3570 telligerent
468 3493 671 3570 generaliter
689 3495 757 3556 tam
772 3495 813 3557 16
830 3495 1065 3560 constitutione
1120 3492 1207 3555 facta
1223 3493 1356 3557 luerunt
1371 3511 1430 3572 per
1439 3496 1605 3572 judicesa
1626 3497 1711 3559 Sede
1725 3497 1922 3574 apostolica

269 3591 372 3662 licita,
386 3591 461 3653 utili
481 3592 513 3653 et
530 3590 682 3664 honesta,
698 3607 797 3668 quam
811 3592 852 3653 da
866 3591 996 3666 illicita,
1011 3609 1067 3655 en-
1121 3590 1301 3668 dolegatos
1316 3593 1492 3668 magistros
1507 3593 1547 3654 ab
1561 3594 1669 3656 officio
1691 3611 1752 3658 suo
1773 3611 1923 3673 suspen-

269 3703 374 3752 ronea
403 3689 437 3748 et
462 3687 599 3765 injusta.
627 3687 752 3762 Quibus
777 3688 1063 3766 respondentibus,
1121 3688 1199 3750 dere
1218 3691 1253 3754 et
1280 3689 1448 3752 scholares
1479 3692 1671 3770 mancipare
1697 3693 1826 3754 carceri
1850 3708 1922 3756 non

270 3785 357 3863 quod
372 3782 1065 3862 intelligebantgeneraliterdeomnilicita
1120 3787 1266 3848 veretur

268 3883 323 3944 vel
343 3882 474 3956 illicita,
494 3881 581 3944 hona
600 3883 654 3944 vel
676 3883 776 3956 mala,
800 3883 864 3962 ipsi
885 3899 1066 3960 gravamen
1160 3883 1319 3946 Nolentes
1334 3884 1437 3960 igitur
1448 3885 1577 3948 tantum
1589 3886 1761 3949 doctorum
1776 3887 1810 3949 et
1824 3886 1922 3949 scho-

269 3995 337 4042 non
351 3979 487 4041 dublum
498 3979 715 4050 31161161163
728 3980 815 4042 seed
832 3981 1065 4059 appellationis
1122 3978 1242 4042 larium
1274 3981 1528 4059 saepedictorum
1555 3999 1754 4061 gravamen,
1788 3985 1921 4047 tantam

268 4076 435 4153 retugium
450 4076 696 4139 converterunt.
1120 4090 1200 4138 vero
1216 4077 1322 4153 ipsius
1338 4077 1532 4140 cancellarii
1542 4080 1576 4140 et
1585 4079 1799 4156 praefatorum
1814 4081 1923 4142 socio-

306 4177 424 4246 Porro,
432 4189 506 4236 cum
512 4173 553 4235 ad
559 4173 825 4252 prosecutionem
832 4175 1066 4254 appellationis
1121 4188 1196 4235 rum
1210 4176 1282 4251 ejus
1297 4174 1521 4249 insolentiam,
1536 4176 1677 4238 irlterius
1688 4176 1749 4238 sub
1759 4176 1922 4238 dissimu-

267 4271 438 4350 praedictae
453 4271 538 4334 toret
549 4271 691 4333 nuncius
709 4271 750 4334 ad
766 4273 884 4333 sedem
898 4274 1068 4352 Apostoli·
1120 4269 1245 4333 latione
1253 4272 1409 4344 transire,
1422 4289 1482 4351 per
1489 4274 1679 4351 apostolica
1686 4273 1781 4336 vobis
1793 4275 1921 4352 scripta

269 4385 342 4432 carn
357 4368 585 4443 destinandus,
597 4369 631 4431 61
643 4370 719 4430 sine
733 4367 872 4433 collecta
893 4371 1065 4434 universi·
1121 4368 1326 4442 mandamus,
1339 4371 1501 4447 quatenus
1511 4372 1688 4448 magistros
1699 4372 1732 4434 61
1744 4372 1921 4435 scholares

269 4467 402 4530 13111611
420 4465 559 4528 haberet
573 4481 749 4543 expensas,
764 4466 918 4544 magistri
941 4467 1068 4531 libera·
1122 4465 1223 4542 ipsos,
1237 4466 1367 4530 sublato
1382 4469 1615 4546 appellationis
1636 4468 1819 4540 obstaculo,
1835 4486 1922 4534 auc-

271 4563 354 4624 lium
368 4563 841 4641 artium,fidainterposita,se
854 4579 894 4626 ac
909 4565 1068 4628 suosdis-
1120 4562 1254 4626 16111313
1280 4565 1395 4626 nostra
1415 4566 1547 4642 publice
1575 4567 1773 4629 nunciantes
1799 4567 1921 4645 hujus-

272 4659 403 4738 eipulos
428 4659 657 4722 ashinxerunt
686 4655 728 4722 ad
756 4660 956 4724 servandum
981 4663 1067 4741 quod
1122 4661 1210 4722 modi
1231 4660 1396 4725 sententia
1420 4678 1486 4726 non
1512 4663 1649 4740 ligatos,
1665 4679 1705 4726 ac
1729 4665 1920 4728 inhibentes

272 4772 373 4836 super
387 4756 481 4818 hoca
494 4757 564 4818 suis
577 4757 848 4834 procuratoribus
860 4760 1068 4838 contingeret
1122 4756 1283 4831 districte,
1306 4773 1348 4819 ne
1375 4759 1448 4837 quia
1474 4759 1516 4822 de
1537 4763 1658 4824 cetero
1684 4763 1756 4823 sine
1779 4763 1920 4839 speciali

273 4853 433 4916 ordinari.
471 4855 616 4931 Cumque
644 4854 724 4917 dicti
752 4856 985 4934 procuratores
1013 4858 1069 4918 in·
1121 4856 1319 4933 apostolicae
1335 4857 1431 4918 Sedis
1452 4858 1608 4921 mandato
1623 4859 1658 4920 in
1672 4859 1823 4936 ipsorum
1836 4861 1918 4922 uni-

268 4951 462 5030 junxissent
486 4951 623 5024 eisdem,
644 4952 681 5014 ut
701 4952 742 5014 ad
763 4967 928 5030 expensas
953 4955 1068 5016 nuncii
1121 4952 1314 5016 versitatem
1326 4953 1411 5016 tales
1423 4953 1569 5017 audeant
1582 4956 1920 5035 sententiaspremul·

273 5048 461 5110 destinandi
476 5049 721 5124 contingentem
744 5049 929 5112 tribuerent
942 5051 1069 5128 portio-
1121 5065 1213 5128 gare,
1240 5051 1424 5129 injungatis
1450 5053 1638 5130 saepedictis
1662 5055 1864 5118 cancellario
1886 5056 1920 5117 et

271 5146 410 5218 namet,
421 5145 514 5222 ipsis,
527 5145 612 5222 quod
629 5145 813 5222 injunctum
829 5145 1068 5219 1161311111]-
1122 5147 1222 5210 sociis
1232 5151 1315 5224 ejus,
1325 5151 1361 5210 11
1370 5148 1441 5225 ipse
1450 5148 1671 5212 cancellarius
1683 5152 1916 5228 personaliter,

221 5263 226 5269 ·
271 5241 449 5321 plentibus,
465 5243 606 5304 nuncius
621 5243 693 5320 ipse
706 5243 769 5304 iter
781 5241 822 5303 ad
836 5259 897 5304 nos
911 5245 1067 5307 veniendi
1122 5245 1298 5322 complices
1319 5259 1401 5308 vero
1421 5249 1494 5324 ejus
1513 5253 1573 5324 per
1589 5251 1821 5326 procuratores
1837 5249 1916 5312 ido-

268 5339 465 5418 jamdudum
475 5341 563 5401 esset
577 5355 765 5416 aggressus,
776 5340 925 5417 praedicti
940 5342 1069 5404 cancel·
1122 5357 1213 5414 neos,
1226 5343 1262 5403 in
1272 5343 1398 5404 octavis
1412 5343 1449 5404 B.
1462 5344 1635 5407 Michaelis
1648 5346 1822 5422 proximis,
1834 5363 1917 5425 quas

271 5436 379 5498 larius
401 5437 434 5499 et
456 5437 635 5514 complices
656 5439 744 5514 ejus,
770 5439 958 5516 contempte
981 5439 1067 5516 quod
1121 5439 1171 5501 eis
1186 5439 1441 5517 peremptorium
1454 5441 1867 5522 assignamusapostolico
1881 5459 1917 5505 se

308 5637 347 5710 (1)
362 5637 572 5697 Recurrendum
586 5638 620 5696 31
632 5639 702 5696 alias
713 5639 829 5698 Honorii
840 5640 948 5700 litteras
961 5639 998 5698 ad
1009 5637 1179 5712 archiepisc.
1190 5641 1411 5715 uotbomegen,
1421 5657 1467 5717 ep.
1478 5643 1531 5702 170
1545 5644 1629 5718 hujus
1640 5645 1878 5718 lib.lll,eolll7.
