3946 6304
59 289 102 348 50J
507 293 510 300 '
652 276 880 342 EPISTOLAE.
906 277 982 338 LIB·
1007 279 1044 338 V.
1600 289 1659 356 510

350 461 475 548 XXVI
511 469 517 478 κ
864 436 1233 517 siismotispestipeuru
1244 441 1440 515 Concilium,
1458 445 1656 510 auctoritate

220 608 225 620 Ι
712 605 750 618 Η
863 535 1304 612 Apostolicaccntlrmamus,
1317 540 1656 621 etpraeseutisscripti

102 611 144 670 ‘¹⁶²
173 619 319 682 mrem
348 603 381 665 θ(
415 603 546 716 ΜΨ
581 605 749 676 mmmm
864 633 1048 710 patrocinio
1069 636 1322 704 communimus.
1347 641 1450 703 Porro
1470 640 1584 704 clerici
1598 657 1657 704 ec·

321 704 509 776 sepum·
864 731 1042 795 elesiarum
1057 733 1241 797 vestrarum
1255 733 1410 808 chrisma,
1427 737 1537 800 oleum
1552 755 1655 802 sanc-

282 823 315 882 le
334 823 448 896 augusti
465 821 543 882 luae.
863 828 944 900 tum,
974 829 1201 896 ordinationes
1235 831 1443 905 clericorum,
1474 849 1656 898 cousecra-

56 931 168 998 [luiuski
196 928 343 988 maclovio.
368 928 422 979 sive
439 925 647 992 promptuarium
666 925 808 992 antiquita-
863 924 971 988 tiones
992 927 1171 1000 altarium,
1197 927 1238 991 ab
1271 929 1435 1008 episcopis
1459 931 1657 996 dioecesanis

98 1019 142 1062 ²⁰⁰1
152 1009 288 1060 ffl⁰¹¹²⁸¹⁸¹fi
302 1006 502 1066 ²³⁸⁰h⁰li⁸¹¹⁸i⁸=
513 1006 649 1066 ⁰¹³⁰0⁷i⁸³¹
664 1005 747 1072 ¹⁶³²]
864 1024 1039 1102 accipiant,
1052 1026 1081 1086 si
1098 1025 1208 1091 umen
1222 1026 1380 1089 catholici
1393 1027 1517 1100 tuerint
1531 1032 1564 1090 et
1575 1045 1659 1104 gra-

56 1118 97 1177 Sub
117 1116 183 1174 boeti
201 1115 272 1174 Petri
295 1121 324 1172 et
346 1129 397 1172 suo
422 1113 597 1188 protectione
621 1113 759 1170 eeclesias
781 1118 810 1170 et
863 1121 945 1182 tjam
958 1121 1057 1199 atqup
1072 1123 1337 1189 communionem
1347 1125 1545 1202 Apostoljssae
1561 1127 1658 1190 sedis

91 1207 267 1279 l⁰⁵³0⁸⁸i⁰l¹0⁸
286 1202 427 1262 bcmluicl
446 1200 593 1276 Sel⁰l0hf²
607 1201 736 1274 suscipit.
864 1218 1052 1292 habuerint,
1069 1235 1173 1298 eaque
1188 1220 1270 1296 ipsis
1286 1223 1390 1297 gratis
1406 1223 1438 1286 et
1452 1223 1525 1286 sine
1544 1225 1659 1299 gravi-

81 1322 225 1384 Honorius
236 1320 728 1398 episcopus,servusscrvorum
736 1317 808 1391 Dei,
863 1318 931 1378 tate
945 1316 1112 1379 voluerint
1133 1318 1292 1384 exhibere
1307 1340 1314 1380 :
1332 1319 1482 1397 alioquin
1495 1321 1596 1384 liceat
1608 1322 1656 1384 eis

52 1419 153 1480 dilectis
177 1417 250 1483 tiliis
275 1417 380 1494 priori
407 1417 440 1481 et
462 1415 620 1480 iratribus
644 1415 810 1480 Dominiei
865 1429 946 1492 quos
974 1415 1153 1477 maluerint
1178 1415 1270 1483 adire
1293 1417 1475 1480 catholicos
1491 1418 1657 1481 antistites

53 1515 207 1592 Sepulchri,
228 1515 367 1580 salutem
379 1517 413 1577 et
426 1513 642 1590 apostolicam
654 1512 811 1576 henedic-
864 1513 1054 1589 qui,nostra
1068 1512 1142 1575 fulti
1154 1514 1361 1586 auctoritate,
1371 1515 1456 1592 quod
1472 1515 1658 1592 postulatur

49 1629 117 1674 uem.
864 1609 1069 1686 indulgeant.
1083 1611 1175 1673 Nulli
1191 1614 1353 1688 praterea
1370 1611 1510 1676 fratrum
1524 1615 1657 1678 vestro-

79 1709 317 1787 nuectumjusta
328 1708 571 1787 postulantibus
586 1706 760 1785 indulgere
778 1707 811 1770 et
865 1723 938 1769 rum
954 1707 1063 1780 liceat,
1087 1709 1161 1784 post
1185 1707 1307 1772 lacem
1328 1710 1362 1772 in
1384 1710 1527 1772 ecclesia
1546 1712 1658 1772 restra

48 1807 122 1882 rigor
130 1807 286 1884 sonneiis
296 1808 329 1870 et
342 1807 424 1870 ordo
438 1807 543 1882 exigit
555 1805 706 1878 rationis,
718 1821 809 1882 prae·
864 1804 1114 1882 professionem,
1140 1806 1212 1870 sine
1232 1807 1431 1883 patriarchae
1455 1809 1513 1870 aut
1536 1808 1658 1886 prioris

50 1903 139 1964 sertim
152 1904 276 1982 quando
292 1904 473 1980 petentium
485 1903 688 1968 voluntatem
699 1905 732 1966 et
744 1903 812 1980 pie·
865 1903 916 1964 sui
935 1902 1070 1964 licentia
1084 1903 1126 1967 ab
1140 1903 1213 1981 ipsa
1228 1904 1416 1980 discedere;
1433 1904 1658 1966 discedentem

48 2003 86 2061 tas
99 2001 229 2077 adJ'urat,
248 2003 285 2064 et
303 2002 428 2066 senes
447 2017 514 2064 non
528 2001 699 2079 relinquit.
720 2003 811 2074 Qua·
864 2016 955 2074 vero,
971 2002 1043 2064 sine
1058 2001 1282 2064 communium
1293 2003 1447 2070 cautione
1459 2001 1656 2074 litterarum,

49 2099 166 2173 propter,
177 2099 287 2162 dilecti
297 2099 332 2163 in
344 2099 483 2162 homino
493 2099 566 2171 tllii,
577 2099 699 2160 vestris
709 2098 810 2176 justis
865 2099 976 2164 nullus
998 2099 1118 2162 audeat
1135 2099 1292 2163 retinere.
1313 2099 1361 2161 Ad
1377 2099 1460 2172 haec,
1477 2099 1519 2164 ed
1539 2114 1657 2162 exem-

47 2195 296 2268 pcstuletiouibus
331 2198 462 2271 matum
494 2195 722 2273 impertientes
754 2211 812 2258 as·
865 2197 1057 2276 plarlelicis
1072 2196 1239 2259 memoriae
1254 2197 1393 2258 Adriani
1409 2213 1503 2274 papae
1529 2195 1660 2274 praede-
1738 2191 1743 2196 ’

44 2305 165 2365 sensum,
178 2292 353 2354 ecclesiam
368 2293 506 2369 gloriosi
519 2293 683 2362 Dominici
697 2293 811 2369 sepul·
865 2295 1008 2358 cessoris
1023 2294 1139 2367 nostri,
1152 2293 1329 2358 statuimus
1340 2293 1658 2360 utecclesiaeuestrae

42 2385 102 2446 chri
120 2387 173 2450 sub
191 2388 280 2452 beati
303 2389 395 2452 Petri
412 2390 445 2452 et
469 2390 583 2452 nostra
608 2389 812 2466 protectione
865 2393 901 2454 in
929 2392 1048 2470 quibus
1069 2391 1171 2454 tuerit
1195 2391 1408 2468 congregatio
1428 2391 1579 2464 fratrum,
1600 2406 1661 2468 pro

47 2483 232 2562 suscipimus,
262 2488 298 2552 et
325 2501 549 2565 quacumque
571 2487 809 2564 possessiones,
867 2491 1033 2555 communi
1056 2491 1223 2570 parochie
1238 2488 1415 2553 interdicto
1436 2505 1503 2552 nou
1518 2488 1660 2563 vacent,

44 2595 230 2660 x(priscumque
254 2582 343 2649 bone
365 2583 481 2644 eadem
506 2583 648 2648 ecclesia
674 2583 813 2646 ubilibet
867 2587 923 2650 sed
950 2587 1050 2653 liceat
1068 2602 1198 2666 semper
1224 2585 1383 2660 iratribus
1403 2584 1523 2648 vestris
1544 2585 1579 2648 in
1593 2585 1663 2648 eis·

47 2675 169 2742 locorum
199 2680 236 2744 in
276 2681 532 2758 presentiarum
567 2680 813 2746 rationabiliter
867 2685 940 2756 dom
963 2684 1116 2748 ecclesiis
1140 2683 1440 2755 commorantibus,
1473 2694 1540 2744 non
1563 2682 1662 2747 tactis

44 2775 175 2850 possidet,
187 2779 244 2842 aut
258 2777 293 2838 in
304 2776 451 2840 futurum
458 2777 558 2854 justis
573 2777 692 2850 medis,
706 2793 831 2856 praees
866 2781 1110 2854 tintinuabulis,
1136 2780 1321 2844 interdictis
1341 2781 1373 2844 et
1388 2769 1662 2844 excommunica-

48 2873 120 2932 tante
132 2875 277 2950 Domino,
289 2875 412 2952 poterit
425 2875 583 2952 adipisci;
600 2891 639 2939 ao
654 2875 813 2952 speciali·
867 2879 910 2941 tis
931 2879 1058 2957 ejectis,
1075 2878 1197 2944 clausis
1210 2877 1339 2955 januis,
1356 2879 1389 2938 et
1401 2875 1566 2939 submissa
1580 2891 1663 2938 voce

48 2969 87 3028 ter
106 2970 273 3034 ecclesiam
288 2988 388 3050 quam
408 2971 537 3035 habetis
549 2972 636 3049 apud
656 2975 765 3034 Accon
781 2973 814 3034 et
869 2977 982 3046 divina
996 2974 1106 3041 otdcia
1119 2975 1301 3042 celebrare.
1317 2974 1409 3042 Nulli
1425 2989 1504 3048 ergo
1524 2973 1662 3037 omnino

46 3064 198 3132 ecclesiam
234 3084 337 3161 ouem
379 3067 509 3132 hahetis
552 3068 640 3144 apud
673 3069 812 3145 Tyrum,
869 3073 1040 3135 hominum
1055 3073 1155 3139 liceat
1169 3073 1256 3134 hano
1277 3071 1433 3150 paginam
1447 3071 1570 3132 nostrae
1586 3085 1664 3146 pro-

42 3163 193 3228 ecclssiam
217 3182 318 3244 quam
340 3165 470 3230 hahetis
488 3163 686 3237 Antiochiae,
707 3163 816 3228 eccle-
870 3171 1034 3244 tecticnis,
1066 3167 1328 3238 confirmationis
1361 3169 1394 3232 et
1416 3165 1664 3230 constitutionis

42 3257 109 3320 atam
126 3277 219 3339 cuam
233 3264 365 3330 habetis
380 3263 466 3340 apud
483 3262 813 3345 Gonsmmincpollm,
870 3267 1064 3352 intringere,
1078 3267 1132 3334 uel
1147 3267 1179 3338 ei
1191 3283 1276 3331 ausu
1289 3265 1469 3333 temerario
1484 3263 1663 3329 contraire.

44 3357 193 3424 ecclesiam
212 3377 314 3438 quarn
337 3359 466 3424 hahetis
490 3359 577 3438 apud
600 3359 817 3422 Thessaloni·
872 3365 908 3426 Si
922 3365 996 3454 quis
1010 3367 1121 3434 autem
1135 3364 1198 3428 boc
1218 3365 1382 3434 attentare
1402 3360 1664 3440 praesumpserit,

43 3465 99 3514 ean
118 3457 148 3518 et
168 3458 345 3522 eeclesiam
366 3473 466 3535 quam
480 3456 746 3526 habetisBaroli,
761 3473 818 3519 ec-
871 3462 1136 3540 indignationem
1170 3459 1406 3538 omnipotentis
1429 3459 1491 3526 Dei
1517 3459 1550 3522 et
1577 3457 1667 3521 beati

44 3547 156 3614 alesiam
181 3571 283 3632 ¹quem
317 3554 447 3618 hahetis
478 3557 604 3631 Trcjae,
641 3553 817 3619 ecclesiam
872 3561 963 3624 Petri
976 3562 1010 3631 et
1024 3560 1121 3624 Pauli
1135 3559 1359 3638 apostolorum
1374 3559 1459 3636 ejus,
1483 3572 1519 3618 se
1534 3556 1666 3618 nouerit

43 3660 121 3721 cmm
151 3650 279 3716 habetis
313 3651 514 3723 Brundusii,
541 3651 701 3720 ecclesias
735 3665 817 3728 oues
871 3659 1097 3723 incursurum.
1127 3657 1246 3728 Datum
1265 3655 1352 3733 apud
1363 3653 1484 3722 Urbem
1499 3655 1665 3724 Veterem,

44 3739 151 3809 hahetis
176 3747 212 3810 in
241 3747 371 3822 Sicilia,
394 3747 554 3815 eeclesias
579 3762 662 3825 quas
686 3747 817 3811 habetis
872 3757 947 3820 xlv
968 3753 1120 3820 kalendis
1134 3751 1342 3835 septembris,
1357 3750 1566 3828 pontificatus
1588 3764 1668 3811 nos-

42 3834 70 3900 ²¹¹
102 3843 278 3922 Hispania,
312 3845 472 3916 ecclesias
504 3859 589 3922 (1²³⁸
623 3843 753 3908 habetis
783 3844 819 3906 in
872 3853 916 3915 tri
942 3867 1030 3913 anno
1058 3851 1184 3928 qmntc,
1211 3849 1267 3926 qni
1289 3848 1398 3911 luite
1430 3847 1562 3912 Christo
1588 3845 1668 3908 nato

43 3935 171 4014 Polonie,
186 3942 349 4010 ecclesias
362 3957 446 4020 pnes
460 3940 588 4007 habetis
598 3941 635 4003 ic
646 3941 816 4014 bohemia,
873 3949 1027 4010 Mocxx.

43 4035 182 4100 ecclesias
210 4055 297 4118 quas
327 4038 456 4102 hahetis
481 4039 517 4103 iu
544 4039 727 4115 Hungaria,
760 4053 819 4100 ec·
1038 4049 1042 4058 ·
1197 4061 1344 4148 XXVII

42 4129 820 4311 {fflashgssgtsishffieffioffiaffilff‘ffigsssgglffl
876 4197 927 4257 Ao
939 4196 1094 4258 abbatem
1104 4196 1139 4257 ct
1147 4195 1353 4256 convectam
1365 4192 1484 4256 Sancti
1494 4193 1671 4253 Michaelis

42 4320 152 4390 habetis
166 4331 201 4392 in
214 4330 361 4397 Francia
374 4333 409 4396 et
421 4331 581 4397 ecclesias
596 4347 678 4408 qrras
691 4329 821 4394 habetis
1070 4293 1476 4424 Virdmwnmfioeoefls’

41 4418 269 4490 inhombardia
286 4428 364 4502 etin
378 4428 510 4501 Tuscia,
526 4427 725 4493 eteoclesias
738 4443 822 4505 quas
1140 4412 1176 4472 ²⁰
1191 4419 1305 4486 ³⁰8⁰ssss
1321 4410 1400 4470 ¹²²⁰·

41 4514 151 4586 habetis
166 4525 200 4585 in
212 4525 348 4602 Anglia,
366 4541 441 4586 cum
456 4525 609 4590 omnibus
631 4525 821 4593 tenimentis
929 4529 1048 4593 lueres,
1061 4527 1106 4580 lh.
1118 4527 1230 4591 vopisc
1241 4526 1281 4577 aa.
1294 4527 1398 4580 uene
1409 4525 1484 4576 rorte
1494 4523 1619 4576 eumen.

40 4617 66 4675 0¹
78 4621 500 4697 perduentiisearumdem3
516 4622 733 4686 tenimentum
745 4639 823 4700 quo·
1115 4611 1140 4658 ⁰²
1151 4606 1291 4671 ²¹⁸⁰¹i²¹¹⁰²
1306 4607 1349 4664 lv,
1361 4605 1429 4670 ²¹⁰¹]

41 4725 92 4786 que
114 4719 197 4794 quod
228 4719 363 4782 habetis
393 4719 481 4795 apud
509 4718 683 4792 Subeloth,
711 4718 823 4781 casale
877 4713 991 4782 lohibet
1013 4727 1050 4772 ne
1069 4711 1227 4773 monachos
1250 4711 1454 4772 cistercienses
1478 4711 1508 4770 iu
1527 4719 1671 4785 posterum

40 4813 112 4883 quoe
135 4815 264 4879 umetis
286 4816 373 4893 apuu
392 4817 546 4893 cyprum,
563 4819 596 4880 et
616 4817 823 4896 repressum
1012 4803 1043 4860 in
1057 4802 1184 4875 ipsorum
1199 4799 1544 4861 marconeicurtem.
1605 4843 1608 4850 ·

41 4909 113 4982 quod
128 4911 258 4976 hahetis
278 4914 366 4990 apud
388 4913 559 4990 Tripolim,
570 4915 605 4976 et
620 4913 823 4982 teuinentum
918 4911 1098 4981 Honorius,
1109 4911 1185 4981 etc.,
1198 4909 1328 4976 dilectis
1343 4908 1422 4972 liliis
1434 4908 1546 4972 abbati
1554 4910 1587 4971 et
1598 4923 1673 4970 con-

40 5007 112 5077 cuod
134 5009 265 5074 habetis
295 5011 330 5074 in
355 5011 525 5082 moravia,
552 5026 627 5076 cum
659 5009 823 5077 universis
877 5009 993 5078 ventui
1018 5006 1213 5076 monasterii
1228 5005 1342 5072 Sancti
1354 5006 1538 5079 Michaelis,
1552 5006 1674 5068 Virdu-

38 5097 156 5166 illorum
172 5107 398 5185 pertinentiis,
408 5107 495 5170 sicut
507 5108 669 5180 eaomnia
681 5108 770 5185 juste
784 5123 825 5170 ac
879 5123 956 5168 nen.
973 5105 1140 5171 dioecesis.

39 5202 161 5272 pacifice
174 5205 375 5280 possidetis;
400 5205 665 5282 omnesiusuper
686 5205 826 5268 liberta-
919 5206 1000 5264 Cum
1024 5202 1189 5280 regularis
1213 5199 1432 5288 observantiae
1462 5200 1581 5262 statum
1605 5214 1674 5260 non

39 5297 89 5370 10⁸,
104 5300 330 5369 immunitates
343 5304 376 5364 et
384 5305 462 5382 jura
477 5318 550 5378 quae
565 5317 624 5365 vos
644 5317 704 5364 seu
715 5303 825 5364 ecole-
880 5301 1007 5373 deceat,
1024 5301 1060 5368 ut
1073 5299 1120 5372 bi,
1137 5300 1194 5376 qui
1207 5299 1362 5375 religioni
1377 5297 1479 5360 alicui
1496 5295 1674 5372 professio·

39 5393 89 5455 siae
126 5401 246 5462 restrae
285 5399 473 5472 obtinuistis
509 5415 569 5476 per
605 5399 825 5476 quadraginta
881 5399 932 5465 nis
943 5397 1077 5463 viuculo
1090 5411 1126 5464 se
1138 5397 1338 5473 astringunt,
1353 5395 1395 5462 ad
1416 5394 1565 5471 regulam
1580 5395 1677 5456 tran-

38 5504 143 5567 auuos,
172 5497 252 5559 ante
283 5497 465 5568 Concilium
493 5496 652 5573 generale
673 5496 766 5564 vobis
794 5499 827 5562 et
881 5492 1676 5569 soantlenioremvobisauctoritatepraesentium

39 5589 177 5652 ecclesiis
193 5593 292 5670 ipsis,
309 5609 376 5655 non
391 5591 613 5670 obstantibus;
631 5593 826 5654 coutrover-
857 5659 859 5666 ,
882 5593 1080 5664 inhibemus,
1110 5607 1151 5652 ne
1177 5592 1219 5654 de
1244 5591 1364 5666 caetero
1384 5590 1459 5650 illos
1480 5589 1537 5667 qui
1550 5591 1675 5652 Cister-
