3952 6350
881 261 1057 324 HONORII
1080 263 1124 324 111
1145 265 1295 328 orent.
1772 295 1776 311 ¹
1844 273 1899 332 648

434 443 436 448 v
548 446 773 534 CLXXXIX
1114 438 1176 499 que
1186 422 1432 494 beneficiorum,
1441 437 1514 502 quea
1522 424 1557 486 in
1569 425 1898 491 sanctadomoeorum

1114 520 1206 592 fiunt,
1223 521 1402 598 participes
1418 523 1581 586 existatis.
1602 525 1767 586 Praeterea
1782 524 1899 586 liberas

609 693 615 704 Ι
1031 674 1035 692 ,
1113 620 1146 679 et
1158 617 1327 679 absolutas
1342 635 1513 694 personas,
1525 637 1598 696 quae
1614 636 1649 681 se
1665 620 1776 682 domui
1791 637 1898 682 eorum

561 693 665 766 ¹⁶lflss·
683 694 762 750 ¹²2¹·
1114 715 1147 774 in
1168 716 1311 777 sanitate
1330 718 1383 777 vel
1404 717 1595 779 infirmitate
1617 717 1841 789 reddiderunt,
1857 719 1898 778 li-

440 798 575 863 [Stratike.
589 799 607 848 ¹·
619 814 651 858 ⁰·›
664 798 758 864 11³⁸&
774 814 799 848 ¹¹·
814 797 882 863 ³¹⁵]
1113 812 1191 873 bere
1206 829 1245 874 ac
1260 814 1332 874 sine
1353 815 1505 876 molestia
1526 815 1631 890 recipi
1653 816 1851 890 permittatis
1863 817 1899 876 ab

290 905 415 963 Proelatis
430 905 558 962 ordinem
574 905 780 963 Theutontuum
799 905 982 963 commendat
996 903 1033 962 ob
1114 911 1175 982 eis,
1197 925 1257 972 nee
1276 911 1366 987 ipsos
1386 927 1487 988 super
1505 912 1567 973 hoc
1589 912 1720 974 tentetis
1743 913 1899 988 aliquate-

389 995 635 1067 flleefflffltssifflffi
655 995 862 1061 ⁰⁰l¹00¹i⁰⁰³ffl1
880 1001 934 1052 01⁰·
1115 1023 1178 1068 nus
1195 1009 1367 1084 impedire.
1390 1009 1474 1069 lllnd
1490 1011 1600 1071 autem
1615 1024 1681 1070 non
1696 1009 1901 1070 mediocriter

306 1110 472 1172 Honorius
484 1111 670 1188 episcopus,
680 1125 976 1172 servusservorum
987 1110 1057 1182 Dei,
1116 1106 1293 1166 movetnos
1309 1121 1369 1166 nec
1384 1107 1548 1167 modicum
1564 1106 1802 1167 ecclesiasticae
1812 1107 1901 1167 dero-

336 583 388 642 Ad
408 584 693 656 archiepiscopos,
718 581 983 656 episcopocum.

265 1208 512 1269 venerabilibus
548 1207 705 1270 fratribus
741 1207 1000 1285 archiepiscopis
1026 1209 1061 1268 et
1114 1203 1171 1278 gat
1189 1201 1366 1274 honestati,
1381 1203 1466 1281 quod
1482 1204 1615 1280 quidam
1631 1207 1779 1266 vestrum
1794 1207 1900 1264 contra
1969 1241 1970 1244 =

267 1306 432 1382 episcopis
449 1309 483 1367 et
496 1305 625 1367 dilectis
641 1305 720 1366 tiliis
732 1304 917 1377 abbatibus,
934 1304 1058 1381 priori·
1114 1299 1357 1362 institutionem
1381 1303 1570 1362 sanctornm
1593 1303 1726 1377 patrum
1746 1301 1782 1360 ln
1798 1303 1900 1362 Turo-

267 1401 339 1474 bus,
359 1401 616 1473 archidiaconis,
640 1402 775 1463 decanis
797 1405 830 1464 et
853 1403 929 1462 aliis
954 1402 1062 1462 eccle-
1115 1399 1212 1458 nansi
1225 1397 1367 1458 concilio
1380 1399 1501 1460 editam
1516 1395 1653 1459 fratrum
1667 1399 1817 1474 ipsorum
1833 1413 1900 1458 cor·

267 1499 392 1560 sianum
415 1500 573 1576 praelatis,
591 1499 631 1560 ad
647 1515 729 1576 quos
745 1500 866 1560 litterae
890 1499 963 1560 istae
984 1511 1062 1575 per·
1116 1510 1208 1572 pora,
1225 1511 1300 1557 cum
1321 1495 1494 1568 decedunt,
1508 1497 1627 1557 nolunt
1645 1495 1719 1556 sine
1734 1497 1841 1572 pretio
1855 1511 1903 1556 se·

267 1596 431 1670 venerint,
455 1595 594 1658 salutem
614 1598 648 1656 et
668 1596 884 1672 apostolicam
901 1595 1061 1656 benedic·
1116 1593 1240 1670 petire,
1271 1593 1374 1666 unde,
1401 1594 1479 1671 quia
1502 1595 1570 1654 tarn
1594 1607 1697 1669 prava
1724 1593 1854 1654 exactio
1875 1595 1904 1654 et

267 1693 404 1756 tionem.
1116 1689 1229 1766 iniqua
1257 1707 1323 1751 non
1347 1691 1397 1752 est
1420 1690 1631 1766 aliquatenus
1657 1689 1850 1760 toleranda,
1873 1690 1903 1750 in

308 1793 389 1851 Cum
417 1790 547 1854 dilectis
577 1791 667 1862 tiliis,
698 1789 855 1852 fratribus
880 1789 1061 1867 Hospitalis
1116 1786 1313 1848 obedientiae
1341 1786 1435 1848 vobis
1462 1787 1586 1848 virtute
1612 1786 1845 1864 praecipimus,
1874 1787 1904 1846 ut
1969 1839 1970 1842 ,

268 1889 398 1950 Sanctae
425 1889 541 1950 Mariae
565 1889 843 1950 Theutonicorum
868 1887 1062 1964 Hierosoly·
1116 1884 1207 1947 nullo
1231 1884 1327 1946 modo
1351 1901 1371 1945 a
1395 1883 1553 1946 fratribus
1575 1885 1656 1961 ipsis
1676 1884 1731 1946 vel
1754 1883 1832 1944 aliis
1851 1899 1903 1959 pro
1969 1917 1970 1960 3

268 1985 395 2054 mitani,
421 1984 614 2046 duxerimus
637 1985 886 2060 indulgendum,
903 1987 938 2046 ut
960 1985 1060 2046 semel
1117 1982 1286 2058 sepultura
1308 1982 1488 2059 quidquam
1509 1983 1646 2057 exigere
1668 1980 1722 2042 vel
1747 1982 1902 2056 accipere,

267 2081 303 2143 in
320 2097 408 2142 anno
423 2082 629 2158 recipiantur
644 2083 679 2142 in
696 2082 847 2144 ecclesiis
861 2082 901 2143 ad
917 2082 1063 2143 eleemo-
1116 2080 1181 2140 nisi
1197 2079 1283 2155 quod
1305 2081 1486 2156 spontanea
1505 2079 1737 2140 decedentium
1759 2077 1902 2139 liberali·

268 2195 368 2255 synas
390 2178 605 2255 colligendas,
623 2179 756 2256 quidam
775 2180 922 2240 uestrum
945 2179 1061 2240 avari·
1115 2177 1167 2238 tas
1182 2176 1234 2236 vel
1254 2180 1429 2252 parentum
1449 2176 1580 2238 devotio
1602 2175 1696 2236 vobis
1721 2175 1902 2244 contulerit,
1969 2225 1970 2232 ,

266 2276 323 2338 tiae
344 2276 463 2336 ardore
482 2277 636 2338 succensi
657 2275 856 2337 confratrias
879 2292 957 2336 suas
976 2291 1061 2337 con·
1116 2274 1295 2344 attentetis,
1313 2273 1371 2333 sed
1389 2273 1514 2351 absque
1529 2273 1597 2334 ullo
1617 2273 1727 2349 pretio
1742 2271 1903 2348 sepeliatis
1969 2283 1970 2288 ¹

267 2371 395 2433 fratriis
418 2372 551 2434 illorum
577 2373 693 2434 eadem
712 2372 766 2434 die
783 2373 816 2434 in
837 2375 984 2449 ipsorum
999 2372 1061 2433 ad·
1116 2385 1256 2447 corpora
1271 2373 1488 2442 mortuorum,
1503 2373 1546 2442 et,
1562 2369 1676 2446 siquis
1691 2369 1758 2431 hoc
1773 2369 1904 2430 ulterius
1969 2411 1970 2420 ,

267 2471 369 2530 ventu
384 2471 590 2546 praeponunt,
608 2471 640 2531 et
655 2469 705 2530 sic
719 2469 839 2531 fratres
853 2471 916 2546 ipsi
932 2469 1061 2530 confusi
1116 2469 1338 2540 attentaverit,
1355 2469 1468 2530 taliter
1485 2467 1762 2529 animadvertatis
1774 2468 1810 2528 in
1823 2483 1901 2536 eum,
1969 2469 1970 2562 j

267 2567 327 2626 aut
348 2565 434 2626 nihil
453 2566 646 2627 exindeaut
663 2567 828 2628 modicum
848 2582 1060 2644 consequun-
1116 2566 1202 2643 qnod
1226 2567 1369 2642 amplius
1398 2565 1520 2626 similia
1545 2581 1611 2626 non
1647 2568 1840 2641 praesumat.
1861 2563 1903 2624 nd
1969 2569 1970 2624 t

267 2665 333 2724 tur.
351 2664 434 2736 Quia
449 2663 552 2738 igitur
567 2663 630 2724 hoc
644 2664 801 2725 indecens
814 2666 864 2725 est
878 2665 911 2725 et
926 2665 961 2724 in
976 2679 1061 2724 con·
1116 2664 1188 2724 haec
1211 2663 1424 2740 praesentium
1451 2661 1544 2724 vobis
1569 2662 1770 2724 auctoritate
1794 2662 1904 2738 praeci-
1969 2639 1970 2716 ἶ

266 2761 426 2837 temptum
438 2761 498 2821 Dei
508 2761 541 2822 et
551 2760 706 2822 Ecclesiae
717 2763 874 2822 Romanae
888 2761 1059 2830 redundat,
1117 2761 1235 2837 pimus,
1258 2775 1298 2822 ne
1323 2760 1363 2821 ab
1388 2761 1437 2822 eis
1458 2761 1572 2822 contra
1596 2775 1647 2831 ea,
1662 2775 1738 2836 quae
1753 2758 1903 2820 fratribus

268 2857 481 2920 universitati
504 2859 624 2920 restrae
646 2873 704 2934 per
726 2858 914 2934 apostoliea
938 2859 1061 2935 scripta
1116 2858 1199 2935 ipsis
1226 2858 1436 2930 indulsimus,
1460 2858 1500 2920 de
1533 2857 1750 2919 nutrimentis
1779 2857 1903 2918 anima·
1969 2855 1970 2886 ¹

267 2955 492 3032 praecipiendo
523 2955 729 3027 mandemus,
757 2957 932 3033 quatenus,
961 2973 1061 3032 quum
1116 2955 1197 3016 lium
1220 2971 1367 3026 suorum,
1383 2955 1454 3016 sive
1476 2955 1516 3016 de
1534 2955 1616 3032 ipsis
1637 2955 1841 3016 animalibus
1858 2954 1902 3014 de

267 3051 388 3113 fratres
405 3052 470 3128 ipsi
485 3052 527 3112 ad
547 3052 620 3114 loca
638 3054 748 3114 vestra
763 3068 822 3128 pro
842 3053 1061 3129 eleemosynis
1116 3051 1220 3115 cimas
1234 3054 1370 3128 exigere
1385 3053 1606 3130 praesumatis.

267 3149 470 3210 accesserint
484 3149 691 3224 colligendis,
704 3149 847 3226 benigne
862 3151 1060 3227 recipientes
1156 3152 1359 3212 (tumentem
1381 3151 1527 3212 oratoria
1547 3150 1600 3211 vel
1622 3151 1826 3222 coemeteria,
1851 3165 1901 3210 se·

267 3246 400 3308 eosdem
412 3246 445 3308 et
454 3245 591 3308 honeste
605 3248 796 3319 tractantes,
809 3247 899 3324 ipsos
912 3247 947 3308 in
960 3247 1062 3310 eccle·
1116 3248 1259 3309 cundum
1268 3248 1353 3325 quod
1365 3249 1413 3309 eis
1423 3248 1657 3320 concessimus,
1666 3247 1828 3310 duxerint
1837 3263 1903 3309 con·
1969 3227 1970 3278 ³

267 3343 327 3404 siis
352 3344 471 3406 vestris
491 3344 668 3406 admonere
688 3345 843 3421 populum
863 3345 895 3408 et
917 3344 1062 3407 eleemo-
1117 3345 1284 3418 struenda,
1300 3361 1371 3417 vos,
1385 3344 1764 3422 fratresarcbiepiscopi
1777 3346 1902 3421 etepis·

267 3456 368 3517 synas
377 3439 481 3502 libere
490 3457 640 3517 quaerere
648 3441 1061 3517 permittatis‚confratrias
1116 3441 1901 3522 copi,eisproseacfamiliasuatantumoraturia

266 3537 408 3609 vestras,
425 3553 507 3614 quas
523 3537 633 3598 facere
648 3539 783 3614 potestis
799 3538 955 3615 quotidie,
971 3539 1063 3615 ipso·
1116 3541 1270 3604 dedicare
1283 3541 1523 3602 accoemeteria
1537 3539 1736 3601 benedicere
1748 3555 1901 3618 procure-
1969 3613 1970 3622 ἵ

266 3647 342 3696 rum
367 3633 568 3705 confratriis,
586 3649 659 3710 quae
681 3634 783 3696 semel
805 3634 841 3695 in
863 3650 950 3696 annu
966 3635 1058 3708 flunt,
1116 3639 1170 3711 tis,
1181 3638 1524 3716 necaliquisvestrum
1534 3641 1648 3698 contra
1659 3639 1901 3700 concessionem
1969 3625 1970 3714 ξ

267 3731 458 3792 nullatenus
480 3732 720 3808 praeponentes,
737 3747 779 3792 ne
792 3733 967 3794 occasione
981 3733 1061 3794 illa·
1117 3737 1263 3797 nostram
1276 3735 1309 3796 id
1324 3735 1484 3811 impedire
1499 3734 1619 3796 audeat
1633 3735 1845 3813 aliquatenus
1856 3733 1901 3795 vel

266 3844 341 3890 rum
365 3829 585 3907 eleemosyna
606 3829 729 3891 Christi
752 3845 934 3906 pauperum
956 3830 1061 3907 depe·
1116 3832 1262 3895 turbare.

266 3927 363 3988 reant
374 3928 407 3988 et
421 3926 645 4003 impediantur
659 3939 759 4003 opera
775 3927 918 4005 pietatis.
933 3929 1061 3990 Statui-
1156 3934 1203 3992 De
1223 3932 1342 3992 caetero
1358 3929 1478 3992 fratres
1493 3930 1668 4006 hospitalis
1684 3931 1818 3994 Sanctae
1833 3931 1900 3991 hla-
1969 3889 1970 3896 ἵ

267 4039 341 4084 mus
356 4023 468 4096 etiam,
485 4025 521 4084 ut
543 4039 638 4085 uerno
660 4025 924 4086 excommunicet
942 4024 1062 4086 fratres
1116 4028 1176 4090 riae
1200 4029 1478 4090 Theutonicornm
1500 4028 1535 4088 in
1561 4029 1681 4089 vestris
1706 4029 1899 4106 episcopati·

267 4121 358 4198 ipsos
383 4121 436 4200 vel
470 4135 585 4181 eorum
615 4121 762 4181 oratoria
788 4121 966 4184 interdicat
990 4123 1062 4184 sine
1116 4126 1178 4187 bus
1197 4126 1404 4197 constitutos,
1422 4124 1478 4202 qul
1494 4139 1626 4186 crucem
1648 4127 1680 4188 et
1694 4143 1793 4188 suurn
1815 4124 1901 4186 habi-

267 4217 422 4279 mandato
448 4216 542 4278 Sedis
568 4218 765 4294 apostolicae
794 4219 942 4295 speciali,
971 4235 1061 4297 pree·
1116 4224 1185 4284 turn
1214 4221 1416 4299 deponentes
1442 4237 1501 4299 per
1525 4221 1702 4284 illecebras
1736 4223 1848 4284 saeculi
1873 4223 1900 4282 et

267 4315 411 4376 sentium
435 4313 529 4377 vobis
560 4315 759 4376 auctoritate
796 4315 1000 4388 mandantes,
1027 4319 1064 4378 ut
1117 4321 1272 4381 vitiorum
1295 4319 1623 4396 abruptavagantur,
1651 4321 1778 4382 etillos
1799 4321 1898 4384 etiam,
1969 4321 1970 4378 l

266 4413 356 4489 ipsos
376 4412 665 4474 excommunicare
687 4414 744 4474 aut
763 4425 878 4473 eorum
904 4413 1062 4474 ecclesias
1118 4417 1173 4495 qui
1196 4417 1364 4494 prioribus
1383 4417 1453 4477 suis
1476 4418 1687 4479 contumaces
1712 4423 1747 4480 et
1771 4415 1899 4480 rebelles

267 4509 466 4570 interdicere
486 4509 677 4570 nullatenus
696 4510 926 4586 praesumatis;
947 4509 988 4570 de
1002 4525 1064 4587 pa·
1117 4514 1275 4582 existunt,
1289 4515 1322 4574 et
1335 4513 1463 4576 balivas
1478 4513 1626 4576 detinent
1636 4515 1754 4576 contra
1764 4515 1899 4577 volunta·
1969 4503 1970 4570 l

266 4605 438 4668 rochianis
452 4608 563 4668 autem
577 4605 710 4677 vestris,
728 4605 785 4682 qui
798 4606 912 4668 domos
927 4606 1062 4668 illorum
1116 4612 1167 4673 tes
1182 4612 1340 4688 ipsorum,
1358 4611 1520 4672 moneatis
1535 4610 1699 4673 instanter
1714 4613 1748 4674 et
1763 4627 1821 4690 pro
1834 4625 1899 4671 ves·

266 4703 430 4764 invadunt
443 4717 503 4779 per
515 4701 710 4764 violentiam
725 4702 781 4765 vel
794 4703 990 4778 infringunt,
1006 4705 1063 4766 aut
1117 4709 1159 4770 tri
1189 4709 1290 4770 oflicii
1318 4708 1427 4771 debito
1453 4708 1670 4786 compellatis,
1699 4713 1736 4772 ut
1762 4709 1897 4771 habitum

264 4798 422 4862 indebitis
440 4798 598 4861 molestiis
618 4798 811 4876 opprimunt
823 4799 944 4864 fratres
960 4801 1060 4878 ipsos,
1117 4804 1301 4880 depositum
1316 4805 1520 4867 resumentes
1535 4806 1570 4866 in
1582 4804 1773 4868 obedientia
1785 4805 1896 4883 praela·
1969 4843 1970 4876 ,

266 4900 299 4960 et
314 4899 380 4959 tam
398 4896 547 4973 deposita
563 4911 662 4973 quam
679 4911 733 4956 res
749 4897 911 4974 diripiunt
925 4911 1062 4960 eorum·
1117 4903 1225 4962 torum
1241 4916 1376 4962 suorum
1392 4901 1508 4964 devote
1523 4917 1562 4963 ac
1577 4901 1751 4965 humiliter
1760 4915 1898 4980 persero·
1969 4885 1970 4952 l

266 4995 351 5065 dem,
366 5009 440 5056 curn
455 4992 577 5054 exinde
591 4992 833 5070 querimoniam
849 4993 1063 5071 deposuerint
1117 4997 1642 5060 rentethalivassivealiaofflcia
1651 4999 1896 5076 perviolentiam
1969 4999 1970 5032 ³

266 5105 379 5154 coram
404 5090 510 5163 vobis,
540 5092 608 5152 tam
635 5089 819 5152 districtam
845 5091 896 5152 eis
932 5092 1063 5154 faciatis
1118 5093 1364 5156 detinerenullo
1375 5095 1471 5156 modo
1482 5098 1696 5172 praesumant.
1707 5098 1896 5170 Quicumque

261 5189 428 5268 justitiam
456 5189 490 5250 et
510 5188 557 5250 ita
583 5190 660 5265 jura
688 5201 803 5249 eorum
829 5187 1005 5251 defendere
1031 5192 1064 5251 et
1118 5192 1228 5254 autem
1260 5191 1492 5254 mandatorum
1522 5195 1711 5254 nostrorum
1741 5189 1897 5254 extiterint

265 5287 483 5352 manutenere
507 5285 642 5356 curetis,
664 5283 751 5362 quod
776 5283 840 5361 ipsi
859 5286 901 5347 ad
923 5301 983 5347 uos
1003 5303 1063 5363 pru
1118 5290 1370 5368 contemptores,
1387 5289 1739 5352 excommunicationis
1753 5303 1810 5351 eos
1826 5303 1894 5348 sen·
1969 5295 1970 5330 ³

266 5382 397 5444 defectu
411 5382 552 5459 justitiae
566 5395 655 5456 saepe
674 5395 849 5442 recurrere
864 5396 930 5444 non
945 5399 1063 5459 cogan·
1117 5385 1222 5447 tentia
1241 5386 1442 5463 percellatis,
1467 5403 1565 5464 quam
1585 5386 1716 5448 faciatis
1739 5401 1840 5463 usque
1861 5381 1894 5442 ad
1969 5427 1970 5448 2

255 5483 332 5556 tur,
349 5479 407 5539 sed
430 5494 491 5539 nos
509 5477 766 5540 sollicitudinem
790 5482 824 5541 et
842 5479 1062 5542 obedientiam
1118 5482 1377 5545 satisfactionem
1394 5484 1590 5583 condignam
1607 5479 1896 5546 inviolabilitcrob-
1969 5491 1970 5512 ¹

266 5579 413 5639 vestram
424 5575 602 5636 debeamus
613 5576 730 5636 merito
742 5575 1062 5648 commendararros·
1118 5580 1255 5642 servari.
