4066 6290
1850 297 1907 358 840

268 311 328 370 839
399 343 402 350 ·
889 307 1064 368 HONORIl
1087 305 1131 365 ill
1152 303 1300 368 OPERA.

308 471 356 530 Da
371 467 544 546 prudentia
564 469 597 530 et
610 465 748 528 caritate
763 467 819 527 tua
839 465 1057 526 indubitatam
1114 464 1254 524 turicen.
1270 459 1545 537 archiepiscopis„
1555 457 1674 536 quibus
1685 458 1720 518 in
1736 459 1902 519 senonen.

269 565 423 636 fiduciam
437 566 622 628 obtinentes
640 565 674 625 in
692 561 853 634 omnibus,
871 579 944 640 quae
960 577 1059 638 spao—
1114 560 1146 621 et
1163 563 1328 620 Turonen.
1357 555 1538 633 provinciis
1567 555 1745 616 Bituricae.
1771 551 1904 613 dioecesi

268 665 342 726 tant
356 664 395 724 ad
413 664 582 738 negotium
603 662 690 732 iidei,
706 661 790 738 quod
816 661 850 721 in
874 657 1060 720 Provinciae
1114 655 1222 716 simila
1237 651 1394 727 cilicium,
1412 655 1488 725 etc,
1505 667 1611 726 regare
1626 655 1663 712 in
1677 653 1793 724 linem.

269 760 419 837 partibus
434 761 571 835 geritur,
588 759 763 835 legationis
778 758 934 828 osticium,
950 755 1010 817 tibi
1026 756 1061 815 in

268 858 326 920 tua
338 858 508 934 provincia
522 857 677 917 duximus
690 855 969 920 committendum,
980 867 1062 913 con-

269 969 363 1014 cessa
377 953 438 1015 tibi
448 954 598 1029 plenaria
614 955 776 1028 potestate
789 951 931 1012 faciendi
946 950 1060 1011 tamin

268 1050 496 1126 indulgentiis,
514 1067 611 1126 quam
631 1051 665 1110 in
686 1051 773 1117 aliis,
791 1049 912 1119 omnia,
930 1063 1003 1124 quac
1020 1044 1060 1108 ad

268 1148 507 1210 relevationem
532 1147 636 1223 ipsius
660 1147 782 1222 negotii
806 1147 931 1205 videris
960 1159 1062 1220 expe-

1413 884 1608 973 cccclx

1198 1030 1250 1090 Ad
1263 1029 1500 1092 arelatensem
1514 1027 1818 1100 archiepiscopum.

1415 1149 1431 1206 o
1443 1149 1516 1222 janu
1536 1149 1614 1206 llil.
1645 1207 1648 1210 .

269 1245 357 1318 dire;
370 1245 416 1305 ita
432 1245 542 1305 tamen
558 1243 643 1320 quod
655 1246 729 1305 vota
741 1259 866 1314 eorum,
880 1237 935 1319 qui
951 1257 1063 1302 cruce-

269 1341 392 1416 signati
412 1342 488 1402 sunt
510 1340 551 1401 ad
578 1341 760 1401 subsidium
783 1343 893 1400 Tarrae
919 1339 1059 1408 Sanotae‚

268 1439 422 1499 nolumus
448 1437 659 1516 aliquatenus
681 1438 889 1498 commutari.
920 1436 1062 1511 Ideoque

268 1535 509 1596 maternitatem
524 1537 614 1595 tuam
627 1550 783 1609 rogamus
799 1536 831 1594 et
844 1534 1016 1593 hortamur
1027 1532 1061 1591 in

1147 1263 1267 1327 [Rogat.
1276 1263 1320 1317 lib.
1332 1265 1364 1322 v,
1377 1263 1450 1326 epist.
1462 1263 1516 1312 llo.
1534 1263 1591 1314 llss.
1603 1263 1638 1312 La
1649 1263 1724 1312 Porta
1739 1261 1772 1312 dn
1784 1259 1878 1325 Theb]

1115 1369 1327 1428 ordinationem
1350 1370 1379 1426 in
1402 1370 1575 1426 monasterio
1602 1369 1698 1426 Sancti
1720 1367 1852 1425 Gervasii
1876 1367 1909 1426 de

1151 1459 1248 1524 Fossa,
1261 1472 1275 1512 a
1289 1455 1417 1514 Conrado
1427 1457 1574 1512 Portuensi
1588 1456 1724 1527 episcopo
1738 1455 1908 1526 apostolica

1151 1545 1231 1604 Sedis
1241 1546 1337 1616 legato
1347 1542 1462 1612 iactam,
1478 1543 1646 1601 auctoritate
1660 1545 1823 1614 apostolica
1840 1557 1906 1600 cou-

269 1633 420 1703 Domino
431 1632 684 1720 perApostolica
696 1631 753 1692 tibi
766 1631 889 1706 scripta
906 1629 1062 1689 mandan-
1152 1633 1244 1690 hrmat
1260 1633 1346 1705 (lh...
1363 1634 1500 1690 lineariter
1515 1633 1575 1704 ipsa
1593 1631 1743 1689 ordinatio.

268 1729 330 1799 ἲθῧ,
352 1729 515 1804 quatenuS
531 1729 741 1789 carissimum
755 1728 790 1787 1¹¹
811 1727 941 1786 Christo
958 1725 1060 1784 fllium
1154 1750 1332 1820 Honorius.
1345 1749 1419 1820 etc,
1431 1748 1724 1810 venerabiliiratri
1738 1748 1907 1808 Arelaten.

269 1827 419 1887 nostrum
444 1827 503 1886 Ph.
520 1841 631 1900 regom
660 1825 862 1885 Francorum
886 1822 1059 1892 illustrem,
1116 1846 1377 1923 archiepiscopo·

271 1925 365 1999 cujus
390 1923 580 1998 specialiter
602 1923 751 1992 interest,
769 1923 805 1981 ut
825 1920 932 1996 ipsum
955 1935 1062 1994 nego·
1155 1947 1201 2004 Ea
1216 1960 1289 2020 quae
1305 1959 1364 2019 pffl.
1379 1943 1505 2018 legatos
1517 1943 1612 2003 gedig
1623 1942 1823 2018 Apospoppcae
1841 1955 1911 2016 pro.

269 2020 353 2080 lium
368 2020 545 2091 relevetur,
563 2035 628 2079 una
649 2033 723 2079 cum
739 2015 984 2078 venerabilibus
1001 2016 1063 2076 ira·
1116 2039 1190 2100 vide
1212 2040 1418 2108 ordinantur,
1439 2041 1550 2100 nostro
1574 2039 1708 2114 expedit
1726 2038 1911 2098 munimine

269 2115 376 2177 tribus
393 2117 516 2177 nostris
529 2115 683 2176 Remensi
701 2114 941 2176 ethiturlcensi
958 2113 1063 2172 archi·
1116 2137 1278 2206 roborari,
1290 2150 1334 2196 ne
1349 2136 1409 2196 „pp
1427 2135 1620 2212 subjaceant
1632 2135 1819 2212 quaesponp
1838 2149 1911 2194 cum

271 2213 434 2289 episcopis
460 2213 578 2289 quibus
596 2213 630 2272 in
646 2212 814 2282 Remensi,
830 2210 1015 2272 Turonensi
1031 2210 1063 2270 et
1117 2232 1278 2294 immobili
1303 2232 1510 2293 firmamenp,
1534 2231 1657 2292 suerint
1684 2230 1846 2292 stabilita,
1869 2233 1911 2290 ga
2013 2243 2014 2272 ;

271 2309 530 2383 Rothomagensi
550 2309 729 2384 provinciis
745 2309 777 2368 et
792 2307 925 2366 diaecesi
940 2305 1064 2366 Bituri-
1116 2332 1260 2407 propper,
1278 2329 1480 2390 venerabilis
1505 2330 1540 2388 in
1560 2329 1691 2390 Christ„
1714 2328 1829 2399 frater,
1847 2327 1911 2388 tuis

272 2405 364 2467 censi
383 2405 491 2465 simila
504 2405 812 2466 oificiumdisiincte
826 2403 1060 2474 commisimus
1112 2427 1212 2504 jusps
1233 2426 1532 2502 supplicat-,onibus
1556 2428 1652 2502 gpapo
1672 2426 1911 2484 concurrentes

235 2535 238 2550 ·
270 2502 313 2564 ad
328 2503 432 2577 ipsius
448 2502 684 2562 relevationem
709 2501 831 2575 negotii
851 2501 983 2561 studeas
1008 2499 1063 2559 in·
1117 2539 1266 2594 assensu,
1293 2522 1549 2593 ordinationem,
1575 2521 1628 2584 ,ep
1658 2520 1912 2592 transpaponem

271 2599 392 2660 ducere
403 2598 589 2674 diligemel'r
607 2601 640 2659 θῑ
654 2601 719 2658 tam
736 2598 855 2673 ipsum,
869 2611 966 2673 ‘luam
977 2596 1062 2656 ³5⁰³
1117 2619 1225 2696 potius
1236 2635 1335 2696 quam
1347 2617 1548 2679 venerabilis
1560 2618 1663 2680 irater
1673 2619 1824 2678 noster...
1836 2620 1912 2678 Por·
2013 2675 2014 2684 ,

269 2696 310 2758 ad
322 2696 353 2757 id
366 2695 697 2771 satagensanimare;
713 2695 922 2755 commissam
934 2693 1063 2754 tibisol-
1116 2717 1243 2777 mensis
1274 2715 1791 2792 episeopus,pposp0150aesedis
1820 2715 1913 2790 lega,

269 2793 477 2854 licitudinem
494 2792 689 2870 exsequaris
705 2792 750 2853 ita
768 2790 921 2861 sollicite,
938 2805 977 2851 ac
989 2805 1064 2866 pru·

269 2889 395 2961 denter,
411 2889 496 2968 quod
509 2905 568 2966 per
583 2888 645 2950 hoc
659 2903 812 2949 crescens
827 2887 960 2949 nomine
975 2885 1062 2962 apud

269 2985 422 3049 homines
437 2987 470 3048 et
488 2987 607 3048 merito
631 2985 717 3063 apud
740 2989 854 3056 Deum,
880 2987 912 3046 et
934 2983 1064 3060 specia-

269 3085 346 3146 liter
364 3100 424 3146 nos
440 3084 472 3145 et
487 3082 606 3144 iratres
620 3083 725 3144 nostri
741 3083 797 3160 qui
818 3083 857 3142 de
873 3081 1060 3158 prudentia,

268 3181 430 3242 modestia
450 3183 482 3242 at
497 3181 792 3256 circumspectione
808 3180 864 3240 tua
884 3193 974 3256 spem
997 3193 1062 3238 non

269 3279 433 3340 modicam
460 3279 623 3354 gerimus
646 3293 720 3337 eam
749 3291 791 3337 ex
816 3276 882 3338 iuis
908 3275 1063 3352 operibus

270 3375 524 3452 comprobantes
548 3375 666 3435 merito
681 3375 714 3434 in
735 3375 792 3435 tua
812 3373 950 3434 caritate
972 3387 1064 3432 cres·

269 3488 395 3534 eamus.
417 3472 534 3533 Datum
565 3471 737 3542 Laterani,
762 3473 807 3530 ΙΙΙ
830 3483 935 3530 nonas
961 3469 1061 3547 junii,

268 3569 481 3648 pontiiicatus
495 3567 600 3628 nostri
616 3583 703 3628 anno
723 3567 850 3644 quinte.

308 3689 351 3748 ln
371 3688 528 3746 cumdem
540 3685 679 3745 modum
694 3681 929 3773 scriptumest
943 3680 1064 3742 Bituri-

270 3781 361 3844 censi
378 3781 642 3858 archiepiscopo,
663 3783 710 3841 lte
727 3779 901 3857 prudentia
924 3781 956 3839 et
976 3778 1065 3838 cari-

268 3883 337 3942 tate
352 3882 409 3942 tua
422 3878 640 3943 indubitatam
657 3879 810 3938 fiduciam
827 3876 1014 3937 obtinentes
1028 3877 1063 3935 in

270 3977 424 4038 omnibus
447 3991 520 4052 quae
549 3975 699 4052 spectant
721 3973 761 4034 ad
784 3975 952 4048 negotium
974 3971 1062 4043 iidei,

272 4073 358 4152 quod
380 4075 416 4134 in
436 4072 621 4133 Provinciae
640 4071 787 4148 partibus
807 4071 944 4146 geritur,
967 4069 1063 4144 lega-

270 4171 372 4232 tionis
388 4170 534 4231 oiiicium
552 4169 614 4229 tibi
630 4169 664 4228 in
679 4168 863 4228 Turoneusi
881 4167 1063 4244 provincia,

271 4269 305 4329 ei
314 4270 371 4329 tua
382 4267 518 4328 dioecesi
531 4265 686 4326 duximus
699 4263 1063 4334 committendumetc„

272 4367 420 4441 utsupra
436 4379 543 4436 aesque
557 4361 802 4423 venerabilibus
818 4360 976 4422 iratribus
988 4375 1067 4420 nos-

270 4461 332 4523 tris
348 4461 535 4522 Senonensi
559 4461 591 4522 et
615 4459 769 4521 hamensi
791 4457 1063 4534 archiepiscopis,

238 4547 239 4550 '
272 4558 392 4638 quibus
405 4559 439 4619 in
456 4557 650 4628 senonensi,
667 4555 821 4617 Remensi
838 4557 870 4616 et
885 4543 1067 4616 Rothoma-

272 4657 367 4733 gensi
397 4654 577 4733 provinciis
604 4653 713 4714 simile
741 4653 899 4725 cilicium,
925 4652 1000 4724 etc,
1030 4651 1067 4712 ui

274 4769 376 4832 supra
389 4766 496 4826 usqae
517 4755 554 4812 to
572 4753 687 4822 duam.

313 4863 357 4922 ln
372 4861 528 4920 eumdem
544 4859 683 4918 niodum
703 4856 872 4929 scriplum
890 4856 978 4918 ast...
996 4858 1066 4916 Re-

274 4955 380 5020 mensi
397 4954 658 5031 archiepiscopo.
675 4955 721 5014 De
737 4953 912 5030 prudentia
927 4953 959 5013 et
973 4952 1066 5013 cari-

273 5056 341 5118 tate
354 5057 421 5125 tua,
439 5053 513 5124 etc,
529 5065 635 5124 osque
655 5050 832 5126 legationis
847 5050 992 5110 osticium
1007 5048 1067 5110 tibi

274 5153 310 5215 in
346 5151 501 5214 hamensi
532 5150 565 5211 et
593 5147 852 5223 Rothomagensi
887 5146 1068 5224 provinciis

275 5250 431 5311 duximus
446 5246 726 5316 committendum,
749 5246 823 5314 etc,
845 5259 951 5317 topace
967 5258 1069 5304 vene-

276 5344 436 5408 rabilibu‘s
452 5343 609 5404 iratribus
624 5343 747 5404 nostris
771 5343 948 5412 senonen,
965 5341 999 5401 et
1012 5341 1070 5402 Bi-

263 5458 272 5476 ⁸
312 5483 353 5558 (l)
369 5485 448 5544 Cette
461 5483 542 5540 lettre
557 5490 599 5540 est
609 5479 625 5539 ir
636 5495 785 5556 comparer
797 5495 868 5540 avec
880 5479 995 5539 l’artiole
1005 5495 1070 5536 con·

276 5563 395 5614 cernunt
409 5555 435 5610 le
452 5550 613 5610 monestere
627 5553 663 5610 de
678 5551 893 5610 saint-Gerrais
907 5558 934 5608 et
950 5552 1067 5618 Proteis,

276 5628 350 5684 daris
362 5627 389 5682 la
407 5625 481 5680 dull.
499 5623 609 5691 christ,
625 5630 645 5680 t.
662 5625 684 5691 l,
702 5623 755 5680 col.
771 5621 833 5680 602.
854 5623 891 5680 Ge
907 5623 954 5693 qui
973 5629 1016 5678 cst
1030 5619 1071 5678 dit

1117 2815 1180 2884 tus,
1193 2813 1228 2873 in
1244 2812 1445 2873 monastario
1458 2811 1571 2884 Sancti
1587 2811 1739 2874 Gervasii
1751 2811 1792 2872 de
1807 2812 1912 2871 Fossa
2013 2811 2014 2866 ὲ

1118 2909 1206 2979 iecit,
1229 2911 1327 2986 prout
1350 2909 1385 2968 in
1410 2909 1516 2986 ipsius
1536 2907 1657 2970 litteris
1682 2907 1911 2984 perspeximus

1117 3005 1299 3072 continere,
1321 3005 1407 3067 sicut
1427 3004 1564 3082 provide
1583 3003 1670 3064 sacta
1690 3005 1741 3064 est
1764 3003 1913 3064 auctori·
2013 3021 2014 3060 r

1117 3104 1184 3164 tate
1205 3102 1396 3179 apostolica
1416 3101 1660 3172 confirmamus,
1686 3101 1719 3162 et
1737 3101 1912 3178 praesentis

1118 3201 1232 3276 scripti
1253 3200 1440 3276 patrocinio
1459 3199 1711 3260 communimus.
1732 3197 1782 3259 Ad
1802 3201 1912 3275 majo·
2013 3269 2014 3284 χ

1117 3313 1186 3360 rem
1201 3298 1311 3358 autem
1327 3297 1377 3358 rei
1389 3296 1602 3362 evidentiam,
1614 3301 1763 3372 tenorem
1777 3296 1911 3356 littera-

1117 3409 1190 3455 rum
1206 3395 1352 3470 ipsarum
1369 3393 1410 3454 de
1429 3392 1531 3454 verbo
1550 3393 1591 3452 ad
1612 3393 1748 3454 verbum
1764 3407 1913 3469 praesen·
2013 3469 2014 3480 ἶ

1116 3491 1204 3553 libus
1218 3491 1372 3552 duximus
1387 3489 1611 3558 inserendum,
1629 3490 1685 3568 qui
1700 3492 1751 3551 est
1765 3489 1866 3550 talis:
2013 3493 2014 3510 ¹

1157 3587 1328 3649 Conradus
1344 3586 1561 3647 miseratione
1581 3587 1695 3648 divina
1717 3585 1911 3647 Portuensis
2013 3577 2014 3590 *

1118 3687 1151 3746 et
1175 3675 1307 3746 'Sanctae
1342 3683 1470 3746 Rudnae
1501 3685 1686 3760 episcopus,
1714 3683 1912 3760 apostolicas

1119 3783 1213 3842 Sedis
1227 3780 1367 3857 legatus.
1386 3781 1559 3842 Universis
1575 3784 1698 3842 sanctae
1712 3781 1831 3841 matris
1846 3781 1910 3840 Ec-

1119 3879 1228 3940 clesiae
1245 3879 1322 3939 fillis
1337 3880 1404 3940 tam
1424 3877 1656 3955 praesentibus,
1678 3876 1911 3955 quamiuturis
2013 3909 2014 3932 t

1120 3976 1308 4037 salutemin
1333 3976 1463 4036 Christo
1481 3978 1574 4038 lesu.
1598 3978 1722 4036 lterum
1743 3977 1910 4050 gestarum

1121 4073 1227 4134 series
1251 4073 1376 4134 idcirco
1398 4072 1596 4148 scriptorum
1615 4074 1731 4133 tenore
1750 4072 1909 4142 munitur,
2013 4111 2014 4116 η

1121 4186 1162 4231 ne
1176 4171 1272 4245 lapsu
1291 4169 1443 4230 notitiam
1461 4169 1669 4248 posteritatis
1685 4168 1795 4238 evitet,
1812 4167 1912 4228 dans-

1120 4283 1184 4344 que
1208 4267 1317 4328 locum
1348 4267 1627 4336 cavillationibus,
1654 4266 1688 4327 et
1712 4265 1747 4325 in
1770 4265 1910 4342 posteris
2013 4255 2014 4258 ’

1119 4362 1320 4435 liberiorem,
1335 4379 1374 4424 ea
1386 4379 1458 4440 quae
1470 4363 1649 4424 salubriter
1656 4362 1806 4439 tempora
1820 4377 1909 4437 praa-
2013 4363 2014 4388 l

1119 4462 1270 4522 cedentia
1285 4461 1529 4537 disposuerunt,
1548 4459 1750 4520 machinatio
1767 4455 1909 4518 iraudu-

1119 4557 1192 4619 10sa
1216 4556 1464 4619 succedentium
1489 4557 1643 4634 nequiter
1666 4555 1800 4618 irritare
1832 4569 1912 4616 con·
2013 4551 2014 4614 J

1118 4656 1241 4718 tendat.
1254 4655 1338 4716 ilinc
1349 4657 1399 4715 est
1411 4655 1497 4731 quod
1509 4653 1658 4715 volentes
1671 4652 1766 4714 caute
1779 4652 1910 4714 casibus
2013 4653 2014 4664 ²

1120 4767 1294 4814 occurrere
1305 4751 1425 4812 suturis
1439 4751 1480 4812 ad
1491 4749 1642 4811 notitiam
1653 4750 1797 4811 vestram
1813 4747 1911 4809 duri·

1120 4865 1193 4910 mus
1208 4849 1477 4927 perveniendum.
1494 4849 1563 4908 Nos
1579 4863 1678 4924 quum
1694 4847 1910 4922 adhuclega-
2013 4865 2014 4932 j

1120 4947 1221 5010 tionis
1250 4947 1357 5008 oiiicio
1385 4931 1608 5021 fungeremur,
1638 4944 1725 5006 inira
1755 4944 1909 5021 scriptam

1121 5044 1315 5122 potestatem
1357 5059 1376 5104 a
1417 5041 1627 5104 sanctissimo
1669 5043 1762 5119 patre
1797 5041 1909 5102 nostro

1121 5157 1249 5204 summo
1264 5141 1418 5219 pontifice
1438 5140 1584 5202 Honorio
1600 5139 1764 5215 recepisse
1782 5139 1816 5199 in
1838 5137 1908 5198 haec

1121 5238 1223 5301 verba
1240 5259 1247 5299 ε

1163 5353 1181 5398 «
1205 5335 1371 5397 Honorius
1394 5335 1579 5411 episcopus,
1605 5346 1722 5394 servus
1742 5343 1906 5394 servorum

1123 5477 1158 5538 da
1172 5479 1199 5534 la
1213 5476 1405 5534 conshuclion
1424 5473 1460 5532 da
1478 5482 1551 5532 cette
1566 5472 1675 5546 abbaye
1689 5472 1762 5530 n’esl
1779 5487 1829 5546 pas
1843 5485 1904 5544 par-
2013 5461 2014 5470 ’

1124 5547 1271 5606 tellement
1285 5540 1430 5603 conicrme
1444 5543 1497 5602 ila
1511 5543 1611 5620 tenear
1622 5543 1657 5600 de
1670 5550 1745 5600 cette
1759 5543 1845 5599 lettre.
