3952 6294
96 408 143 466 533
703 401 931 462 EPISTOLAE.
955 401 1032 460 LIB.
1056 401 1094 460 V.
1659 401 1717 466 53i

96 581 127 626 ac
135 563 386 626 contradictione
395 561 553 640 qualibet,
563 561 684 624 dictam
694 561 870 624 ecclesiam
923 555 997 619 bern
1017 559 1185 630 Veterem,
1220 557 1348 621 decimo
1381 559 1520 638 septimo
1555 557 1719 622 kalendas

94 661 278 733 reconciliet,
303 662 336 721 et
358 658 504 736 praelatis
528 659 704 721 abbatisse
731 674 770 720 ac
798 673 870 718 mo-
923 653 1078 730 octobris,
1093 655 1302 732 pontificatus
1313 657 1420 718 nostri
1442 672 1533 719 anno
1544 657 1671 735 quinto.

94 757 220 819 nialibus
232 759 266 820 et
279 757 428 834 ipsarum
438 757 569 818 clericis
584 757 750 818 ministret
762 755 870 818 eccle-

92 855 209 916 siastica
238 855 457 916 sacramenta.
488 853 631 930 Ideoque
666 851 868 915 fraternitati
1266 807 1375 895 LVII

92 955 144 1014 tuae
157 967 215 1029 per
225 953 414 1028 apostolica
429 951 552 1029 scripta
571 947 766 1013 mandamus
786 966 869 1028 qua·
1027 940 1081 1002 M
1100 942 1320 1002 Wdet'wum
1338 955 1457 1018 retem
1479 944 1615 1014 Swilwv,

92 1053 172 1110 tenus
184 1049 214 1109 si
228 1049 428 1111 memoratus
442 1049 615 1126 episcopus
628 1047 714 1126 quod
729 1047 869 1109 manda·
961 1038 999 1097 tn
1014 1038 1260 1112 imperatorem
1274 1041 1510 1100 ROWZMWM
1521 1041 1675 1102 electum·

91 1148 183 1208 rimus
205 1162 274 1208 non
299 1147 467 1209 curaverit
487 1147 680 1224 adimplere,
705 1147 741 1208 tu
765 1145 800 1206 in
815 1144 867 1206 bis
1170 1149 1206 1208 20
1224 1150 1364 1224 septemb.
1382 1151 1461 1209 itio.

91 1244 257 1320 quastione
269 1243 432 1320 pendente
442 1243 643 1322 pontificalis
656 1241 757 1305 cincii
768 1241 870 1303 mini·
969 1253 1099 1318 fluctuor,
1113 1253 1175 1304 cod.
1192 1253 1255 1319 dipl.
1274 1254 1382 1306 dominii
1407 1261 1496 1321 temp..
1513 1255 1554 1314 aa,
1574 1271 1599 1306 n.
1616 1257 1669 1322 aa]

91 1341 223 1411 sterium,
237 1340 643 1417 auctoritateapostonea,
660 1339 866 1420 exsequaris·
923 1352 1055 1408 Hortatur
1069 1365 1167 1424 regem
1181 1357 1212 1409 ut
1234 1352 1308 1410 siout
1323 1353 1500 1426 promiserat,
1516 1359 1621 1411 terram
1630 1354 1717 1412 comt·

91 1441 193 1500 Datum
206 1439 294 1516 apud
317 1438 438 1501 Urbem
458 1439 622 1511 Veterem,
645 1437 773 1502 decimo
787 1453 866 1514 sep·
957 1439 1035 1496 tissa
1049 1439 1194 1498 bathildis
1208 1441 1309 1498 nuntio
1327 1441 1491 1514 apostolico
1507 1441 1646 1515 resignari
1667 1441 1713 1514 ju·

89 1537 155 1598 iinn
166 1535 328 1598 liniendas
343 1534 498 1610 octobris,
515 1550 603 1598 nnnn
618 1535 743 1614 quinio,
956 1525 1032 1597 beat,
1048 1534 1078 1585 et
1091 1527 1241 1586 haereticos
1255 1528 1284 1586 in
1296 1528 1465 1587 lombardia
1480 1529 1626 1604 reprimet.

961 1635 1129 1698 Honorius
1169 1635 1354 1715 episcopus,
1394 1653 1510 1700 seruus
1544 1653 1714 1701 servorum

427 1732 515 1820 LVI
922 1731 992 1805 Dei,
1001 1733 1174 1795 carissimo
1186 1733 1221 1795 iu
1236 1733 1366 1796 Christo
1379 1733 1447 1796 illio
1460 1735 1716 1797 nostro...illus-

88 1867 332 1940 ldepbeopcm
350 1867 630 1927 Portrtensemet
651 1867 865 1930 crcdtdtcoo-

301 1978 386 2024 num
396 1965 638 2026 senonensem.
922 2021 1056 2084 tionem·

329 2085 362 2142 ¹⁵
376 2084 515 2160 oepwmb·
533 2085 611 2146 ¹²²⁰·
962 2121 992 2181 N
995 2135 1037 2182 on
1060 2122 1190 2199 oportet
1201 2137 1262 2182 nos
1275 2121 1387 2184 verbis
1402 2123 1600 2200 exprimere,
1613 2138 1711 2201 quam

110 2199 539 2265 inget.,1ib.v,epist.ilaus.
558 2202 679 2252 ¹¹⁸P⁰¹¹⁸
695 2200 834 2264 duffii]
921 2234 1020 2300 pure,
1043 2234 1140 2295 quam
1160 2218 1302 2281 sollicite
1325 2219 1368 2280 ad
1389 2220 1625 2282 exaltationem
1645 2221 1712 2282 tuae

87 2307 201 2380 rmctpn
220 2314 252 2366 ut
263 2306 301 2364 de
309 2305 445 2364 abusibus
459 2307 569 2366 abbatis
580 2307 677 2366 &noti
688 2306 867 2366 Germanide
922 2315 1129 2376 celsitudinis
1153 2315 1393 2378 intenderimus
1408 2319 1441 2378 nt
1454 2317 1619 2380 constanti
1634 2333 1713 2394 prn-

114 2396 199 2452 Pfiflss
228 2395 382 2496 ,verbim
402 2394 555 2472 inquirant,
584 2402 669 2469 uque
695 2394 731 2454 td
764 2394 866 2454 Stdssffl
922 2413 1029 2489 posito
1043 2412 1265 2486 intendamus,
1286 2415 1371 2490 quod
1396 2413 1469 2492 ipsa
1493 2414 1602 2492 operis
1615 2412 1714 2475 exbi-

114 2482 449 2556 AP⁰⁸¹⁰¹¹⁰⁸¹¹¹fesef⁸¹¹¹·
921 2509 1013 2582 bino,
1039 2509 1073 2571 id
1101 2509 1309 2573 abundanter
1328 2511 1485 2589 exprimit
1504 2514 1537 2574 et
1557 2512 1714 2573 demons-

115 2601 292 2673 Honorius,
304 2603 381 2674 etc,
397 2602 581 2665 venerabili
600 2603 696 2667 tratri
711 2603 867 2682 episcopo
921 2608 1007 2669 trat:
1025 2607 1112 2668 unde
1123 2621 1192 2668 non
1205 2607 1371 2670 immerito
1396 2608 1611 2677 admiramur,
1625 2607 1711 2687 quod

85 2699 251 2770 Parietes„
267 2701 335 2762 et...
354 2700 591 2764 archidiacono
607 2703 772 2764 senonen.
921 2720 971 2776 ea,
989 2719 1062 2781 quae
1078 2721 1097 2764 a
1116 2705 1149 2766 te
1168 2705 1258 2781 juste
1281 2705 1493 2782 requirimus,
1514 2721 1589 2767 cum
1611 2705 1712 2766 tantae

116 2797 161 2856 lte
172 2796 319 2858 aliorum
330 2797 444 2874 culpas
457 2800 590 2860 nostras
605 2799 738 2862 efficere
752 2798 868 2862 videa·
921 2800 1125 2862 difficultatis
1133 2801 1288 2877 angustia
1300 2801 1496 2864 obtinemus.
1507 2805 1612 2874 Quum
1624 2803 1712 2863 enim

84 2907 156 2966 mur,
172 2894 202 2955 si
216 2909 289 2967 eas,
306 2910 381 2956 oum
395 2895 571 2973 possimus,
584 2896 784 2974 negligimus
798 2912 868 2960 cas·
919 2897 1103 2961 venerabili
1119 2897 1214 2960 tratri
1227 2900 1378 2961 nostro...
1396 2899 1537 2963 Metensi
1554 2897 1710 2976 episcopo

83 2991 329 3070 onerabatque
355 2993 467 3056 anima
481 2996 596 3056 nostra
616 3009 677 3071 pro
691 2993 866 3056 animabus
920 2995 1104 3072 imperialis
1118 2994 1205 3056 aulae
1232 2995 1433 3058 cancellario
1463 2995 1650 3057 dederimus
1676 2996 1711 3057 in

83 3087 215 3165 illorum,
230 3091 329 3168 quasi
343 3091 514 3168 proprium
524 3092 755 3170 prosequimur
774 3093 865 3154 iute-
921 3091 1096 3166 mandatis,
1113 3093 1149 3153 ut
1160 3092 1284 3154 terram
1299 3091 1399 3154 clarae
1414 3092 1582 3154 memoriae
1604 3093 1712 3154 comi-

922 1925 1038 1998 electe,
1063 1925 1215 2000 salutem,
1239 1929 1274 1989 et
1300 1928 1524 2004 apostolicam
1551 1929 1712 1992 benedic-

83 3200 172 3258 resse,
201 3203 306 3266 quum
328 3188 442 3250 audita
469 3189 695 3252 insinuatione
721 3189 867 3251 clamosa
921 3189 1010 3252 tissae
1025 3187 1431 3252 MathildisadRomanam
1448 3189 1629 3251 Ecclesiam
1640 3205 1714 3267 per·
1811 3191 1813 3194 ’

83 3282 280 3346 subditorum
292 3286 481 3348 nostrorum
495 3301 655 3348 excessus
670 3287 866 3348 mandamus
920 3287 1079 3348 timentem
1094 3285 1213 3348 dilecto
1227 3285 1295 3347 illio
1314 3286 1476 3358 alanino,
1506 3285 1709 3348 subdiacono

82 3377 205 3456 inquiri,
246 3382 282 3443 ut
315 3382 456 3445 veritate
497 3382 649 3448 discussa
683 3381 866 3460 culpabiles
920 3384 953 3445 et
965 3383 1137 3461 capellano
1154 3384 1277 3456 nostro,
1300 3383 1423 3446 laceret
1443 3385 1556 3445 nostro
1580 3383 1713 3445 nomine

82 3479 295 3554 corrigantur,
312 3482 346 3541 et
367 3480 514 3542 insontes
529 3496 565 3542 se
579 3480 747 3557 gaudeant
758 3496 865 3542 excu-
920 3481 1101 3556 resignari3
1114 3496 1240 3558 nosque
1255 3479 1435 3554 intellect0,
1452 3480 1538 3558 quod
1554 3479 1661 3542 dictus
1671 3484 1710 3553 A,

82 3575 170 3636 satos.
179 3575 318 3638 Sanead
330 3576 533 3640 audientiam
544 3579 692 3642 noscam
703 3577 866 3638 relatione
921 3593 995 3640 cum
1022 3577 1224 3638 cancellario
1247 3577 1305 3640 tuo
1331 3576 1496 3649 ueniebat,
1522 3576 1638 3639 eodem
1663 3577 1716 3638 di-

82 3672 252 3735 multorum
278 3674 437 3737 noveritis
460 3675 664 3752 pervenisse,
683 3675 769 3752 quod
794 3689 867 3740 mo-
920 3675 1041 3737 lectum
1060 3674 1165 3735 illium
1185 3674 1394 3751 Raynaldum
1420 3673 1659 3737 subdiaconum
1683 3675 1716 3737 et

82 3771 256 3832 casterium
273 3772 385 3834 Sancti
401 3771 556 3838 Germani
578 3772 618 3834 de
637 3772 758 3844 Pratis,
780 3772 864 3849 quod
921 3770 1128 3848 capellanum
1142 3772 1290 3832 nostrum
1310 3771 1445 3848 propter
1463 3771 1526 3833 hoc
1548 3771 1713 3849 adipsum

81 3867 115 3926 ad
129 3870 314 3930 Romanam
329 3869 512 3931 Ecclesiam
524 3869 617 3932 nullo
632 3869 740 3932 medio
755 3869 867 3932 nosci-
921 3868 1157 3930 cancellarium
1179 3867 1408 3930 curaverimus
1436 3868 1625 3941 destinare;
1641 3868 1712 3945 ipse

81 3963 127 4024 tur
135 3966 315 4042 pertinere,
329 3982 388 4044 per
397 3966 633 4043 negligentiam
644 3967 697 4029 vel
705 3967 866 4030 malitiam
921 3965 1077 4028 illumdiu
1085 3966 1180 4026 vanis
1191 3963 1468 4041 promissionibus
1479 3962 1642 4038 detinens,
1650 3965 1715 4026 ter·

81 4063 218 4138 potius...
234 4062 372 4137 abbatis,
387 4063 444 4141 qui
461 4065 581 4142 praeest
595 4065 628 4126 et
642 4063 735 4126 obest
747 4063 865 4136 eidem,
921 4078 992 4126 ram
1008 4063 1112 4140 ipsam
1124 4061 1188 4124 sibi
1204 4077 1270 4123 uon
1284 4059 1374 4133 iecit,
1385 4077 1600 4140 quaecumque
1612 4077 1714 4124 causa

81 4161 182 4236 utpote
203 4161 395 4234 illiteratus,
423 4163 457 4223 et
480 4161 564 4230 alias
582 4162 691 4222 minus
714 4162 863 4234 idoneus,
921 4157 1100 4231 suffecerit,
1128 4159 1306 4235 resignari.
1333 4159 1474 4239 Ideoque
1500 4158 1713 4221 serenitatem

80 4271 132 4320 nec
142 4275 208 4321 non
222 4259 364 4321 aliorum
387 4258 508 4321 ibidem
526 4258 747 4321 habitantium
762 4274 866 4336 usque
920 4257 1011 4318 tuam
1026 4256 1207 4332 rogandam
1223 4255 1379 4319 duximus
1395 4256 1428 4318 et
1442 4256 1637 4318 hortandam
1657 4257 1712 4317 at-

81 4356 153 4418 adeo
172 4359 208 4418 iu
228 4356 458 4434 spiritualibus
479 4357 529 4418 est
552 4356 747 4434 collapsum,
775 4359 808 4418 et
831 4356 866 4417 in
920 4353 1044 4416 tentius
1058 4354 1274 4431 requirentes,
1290 4355 1452 4432 quatenus
1477 4353 1509 4414 id
1523 4353 1608 4431 quod
1621 4353 1714 4429 regio

81 4453 309 4530 temporalibus
324 4453 532 4526 diminutum,
553 4455 717 4531 quodnisi
732 4454 763 4515 ei
778 4453 868 4516 cele-
921 4450 1097 4528 priuilegio
1128 4451 1283 4513 roborato
1314 4449 1590 4528 suscriptionibus
1621 4450 1715 4528 prin-

82 4550 153 4610 riter
194 4552 423 4624 succurratur,
462 4551 611 4616 incurret
648 4551 866 4629 irreparabile
921 4549 1042 4627 cipum,
1064 4549 1096 4611 et
1114 4548 1199 4610 alias
1213 4549 1280 4610 tuis
1294 4548 1414 4611 litteris
1436 4547 1628 4626 promisisti,
1652 4563 1714 4610 cu-

80 4644 314 4712 detrimentum.
344 4651 425 4710 Cum
446 4649 549 4726 igitur
568 4649 729 4710 instantia
751 4651 865 4710 nostra
921 4662 999 4708 rans
1014 4647 1146 4709 effectui
1162 4647 1364 4724 mancipare,
1382 4647 1574 4724 praedictam
1590 4647 1714 4709 terram

82 4745 265 4818 quotidiana
287 4745 561 4808 sitecclesiarum
576 4747 724 4810 omnium
739 4746 867 4808 sollici·
921 4745 1102 4822 capellanis
1127 4743 1294 4820 praedictis
1319 4744 1373 4805 vel
1400 4759 1515 4806 eorum
1543 4743 1652 4817 alteri,
1685 4744 1714 4806 si

81 4842 150 4902 tudo
188 4843 370 4915 continua,
414 4843 607 4907 discretioni
646 4845 768 4906 vestrae
807 4860 867 4922 per
921 4841 1005 4904 forte
1031 4857 1097 4904 non
1114 4839 1211 4904 ambo
1233 4841 1413 4919 praesentes
1432 4857 1506 4904 esse
1534 4842 1712 4920 potuerint,

81 4939 261 5013 apostolica
276 4941 400 5018 scripta
414 4942 621 5014 mandamus,
638 4943 802 5019 quatenus
823 4941 865 5004 ad
921 4939 1024 5003 iacias
1035 4939 1169 5002 nomine
1179 4941 1294 5001 nostro
1305 4939 1408 5001 libere
1421 4940 1596 5017 resignari,
1612 4940 1715 5002 atten-

82 5033 180 5098 locum
195 5039 417 5114 personaliter
440 5039 645 5110 accedentes,
658 5041 691 5101 et
705 5038 867 5103 habentes
921 5038 1013 5110 dens,
1043 5035 1129 5116 quod
1162 5037 1191 5098 si
1216 5036 1470 5116 promissionem
1493 5040 1584 5100 tuam
1612 5037 1645 5098 in
1675 5053 1713 5100 re

83 5147 143 5206 prae
152 5134 256 5198 oculis
271 5137 377 5197 solum
388 5139 502 5208 Deum,
514 5135 701 5214 inquiratis,
716 5136 868 5215 appella·
919 5138 987 5199 tam
1003 5135 1132 5197 modica
1147 5134 1304 5207 violares,
1321 5135 1494 5198 dedeceret
1509 5135 1635 5210 regiam
1651 5135 1715 5198 cel·

83 5227 163 5292 tione
193 5237 332 5304 remota,
365 5249 467 5312 super
496 5233 677 5311 praemissis
710 5234 865 5296 omnibus
921 5233 1110 5306 situdinem,
1136 5233 1169 5294 et
1187 5233 1288 5295 etiam
1308 5233 1463 5310 praesumi
1485 5233 1606 5310 posset,
1627 5233 1713 5311 quod

83 5325 264 5404 diligentius
294 5331 478 5405 veritam,
496 5333 529 5395 et
554 5347 628 5410 quae
655 5331 863 5406 inveneritis,
921 5332 1096 5410 promissio
1109 5331 1301 5394 tuaviolata
1316 5329 1350 5390 in
1362 5329 1519 5402 minimis,
1537 5346 1602 5392 non
1622 5346 1714 5394 esses

83 5425 373 5505 nobisperuestras
387 5429 513 5492 litteras
536 5428 678 5491 fideliter
692 5430 863 5503 intimetis,
920 5430 954 5491 in
977 5430 1132 5492 urraximis
1154 5428 1304 5490 ecclesia
1333 5428 1525 5489 servaturus
1547 5450 1555 5488 ι
1579 5431 1714 5507 propter

83 5528 114 5584 ut
124 5539 165 5588 ex
176 5531 288 5589 vestra
304 5526 465 5590 relatione
481 5527 684 5591 suldcienter
696 5529 862 5601 instructi,
920 5528 1005 5606 quod
1019 5527 1138 5589 iterata
1163 5541 1260 5602 prece
1274 5524 1492 5602 deposcimus,
1516 5526 1552 5587 ut
1569 5527 1615 5589 ita
1629 5543 1710 5604 pro-

85 5624 289 5694 procedamus
304 5624 435 5697 exinde,
452 5627 549 5702 prout
568 5626 749 5687 secundum
761 5629 864 5689 Deum
919 5625 1044 5698 videas,
1058 5624 1142 5703 quod
1156 5624 1196 5686 ad
1214 5622 1482 5685 sublimationem
1495 5626 1597 5696 tuam,
1615 5641 1713 5702 quarn

85 5717 252 5783 uiderimus
273 5722 526 5799 procedendum.
545 5725 663 5786 Datum
687 5725 773 5802 apud
801 5727 866 5787 Ur·
920 5740 984 5786 non
1001 5724 1106 5784 solnm
1122 5722 1285 5794 volumus,
1307 5719 1363 5781 sed
1379 5720 1479 5784 etiam
1503 5723 1709 5796 affectamus,

922 1829 965 1890 tri
974 1829 1045 1905 regi
1061 1829 1478 1908 Siciliae,iuimperatorem
1488 1833 1713 1896 Romanorum
1778 1875 1779 1880 κ

1948 5325 1949 5378 t

1945 5415 1948 5492 t
