3978 6292
75 391 128 452 289

529 480 533 520 1

76 552 213 612 locorum
232 551 469 628 possessiones,
487 549 729 614 3333331333
750 549 856 626 33311-

79 649 192 710 3331113
204 648 406 720 3331131133,
424 665 498 710 333
522 648 637 725 333113,
654 647 773 719 313313,
790 649 858 708 ter-

77 747 129 815 ris,
145 745 344 816 nemoribus,
362 745 506 806 usuariis
518 744 693 822 313333313
705 745 741 804 in
758 743 857 804 33333

79 844 227 919 3131333,
246 844 280 903 13
295 844 390 919 aquis
411 845 444 904 et
464 842 673 913 molendinis,
691 841 802 902 133113
826 843 859 902 31

75 940 205 1012 3331113,
224 941 257 1002 31
273 939 425 1001 3331333
440 939 733 1001 31113113331311333
749 941 781 1000 31
800 939 859 1000 im·

76 1037 286 1098 munitatibus
302 1038 382 1097 suis.

110 1137 192 1196 Sane
220 1135 370 1195 laborum
398 1135 594 1207 vestrorum,
618 1150 690 1211 quae
716 1131 858 1211 propriis

75 1231 218 1292 manibus
247 1233 305 1293 aut
329 1231 511 1309 sumptibus
531 1231 650 1302 colitis,
667 1231 707 1292 de
722 1245 857 1308 posses·

75 1329 216 1389 sionibus
232 1329 354 1390 habitis
379 1331 456 1390 ante
477 1329 660 1390 Concilium
683 1326 856 1403 generale;

75 1429 138 1487 3133
150 1426 297 1488 33311331
308 1426 470 1502 uirgultis,
484 1425 856 1503 3133333313333331313,

74 1525 103 1586 31
112 1524 362 1585 denutrimentis
386 1524 580 1585 animalium
593 1524 789 1594 vestrorum,
802 1523 860 1583 aut

75 1622 167 1682 31133
189 1621 229 1682 113
248 1621 435 1692 novalibus,
449 1621 560 1681 nullus
575 1635 595 1680 a
608 1619 700 1681 33313
715 1619 859 1680 decimas

75 1719 201 1794 exigere
226 1718 279 1779 vel
305 1721 502 1795 extorquere
531 1718 718 1793 praesumat.
746 1717 860 1778 Liceat

76 1832 196 1893 quoque
211 1815 304 1878 33313
319 1815 457 1876 31331333
481 1815 534 1876 331
558 1815 672 1886 131333,
690 1813 811 1875 1133333
827 1817 860 1874 31

75 1912 244 1985 333313133,
260 1929 279 1974 3
295 1912 417 1974 saeculo
432 1912 595 1988 fugientes
609 1912 650 1972 ad
664 1912 858 1974 conversio-

75 2026 142 2070 nem
155 2011 313 2087 recipere,
330 2013 362 2070 et
377 2025 434 2070 eos
455 2008 579 2086 absque
601 2007 860 2071 contradictione

75 2105 179 2184 aliqua
208 2107 363 2168 retinere.
395 2107 612 2167 prohibemus
645 2107 795 2183 insuper,
824 2108 860 2167 ut

76 2203 150 2264 nulli
166 2204 305 2265 fratrum
317 2204 502 2265 uestrorum
518 2205 592 2280 3331
605 2203 773 2266 13313313
789 2221 861 2265 33-

76 2303 347 2362 33313313333133
375 2300 615 2378 professionem
639 2301 752 2364 133311
787 2303 859 2363 3133

76 2397 200 2460 licentia
211 2398 340 2461 abbatis
355 2400 406 2459 sui
418 2398 457 2460 de
468 2400 584 2461 eodem
594 2397 666 2461 loco
675 2399 857 2472 discedere,

74 2495 288 2558 discedentem
302 2512 381 2558 3333
396 2495 519 2574 absque
535 2497 757 2559 communium
766 2497 859 2560 11113-

77 2609 181 2653 33333
205 2594 392 2654 vestrarum
416 2595 570 2655 cautione
603 2593 713 2656 nullus
741 2595 861 2658 audeat

76 2691 222 2752 retinere.
239 2691 331 2762 Quod
353 2691 381 2752 si
402 2691 477 2769 quis
500 2691 584 2754 forte
608 2693 753 2754 retinere
774 2707 861 2769 3333-

79 2789 254 2864 sumpserit,
283 2788 549 2852 1133313331313
570 2789 658 2867 13333
680 2790 860 2851 33333333

79 2885 126 2945 331
153 2901 327 2947 333333333
351 2887 538 2962 regularem
567 2887 764 2949 sententiam
782 2902 861 2965 prc-

79 2983 228 3058 mulgare.
256 2983 340 3044 lllud
367 2984 549 3047 districtius
581 2984 788 3057 inhibentes,
818 3001 860 3046 ue

78 3081 185 3150 131333,
204 3097 262 3142 seu
283 3080 452 3157 quodlibet
476 3081 683 3154 3333113133,
710 3082 859 3144 ecclesiae

78 3177 185 3237 333133
210 3177 377 3250 33113133,
403 3178 502 3241 113331
517 3180 620 3240 311331
642 3180 860 3256 personaliter

79 3271 152 3346 dari,
168 3275 237 3335 sive
253 3276 319 3336 3113
340 3276 437 3338 modo
460 3276 612 3349 alienari,
630 3277 753 3354 absque
775 3293 858 3338 con-

78 3384 167 3430 sensu
179 3372 278 3434 totius
290 3372 437 3449 capituli,
454 3374 507 3434 vel
521 3375 657 3451 majoris
672 3375 730 3436 331
742 3375 858 3436 sanio-

77 3467 120 3526 ris
147 3470 246 3544 partis
273 3471 389 3548 ipsius.
416 3471 451 3532 Si
477 3487 550 3549 quae
569 3487 648 3533 3333
665 3472 859 3535 donationes

79 3565 176 3637 311133,
193 3583 290 3643 quam
308 3567 430 3630 dictum
448 3571 508 3640 331,
534 3569 629 3630 factae
644 3569 778 3642 fuerint,
802 3586 859 3632 333

79 3661 181 3723 irritas
201 3679 275 3725 esse
299 3679 483 3726 censemus.
510 3665 558 3727 Ad
574 3666 645 3728 3333
664 3667 764 3728 31133
777 3684 858 3745 333-

79 3755 231 3836 3133333,
254 3777 296 3822 33
316 3763 437 3839 aliquis
463 3762 657 3837 33333333,
687 3765 758 3826 3133
779 3781 860 3828 con-

78 3871 183 3918 33333
210 3858 270 3919 333
283 3859 488 3935 professione
515 3863 634 3922 3331333
649 3861 764 3923 domus
780 3863 858 3922 ads-

80 3953 198 4027 tn'ctus,
214 3956 286 4016 sine
308 3960 520 4019 3333333331
537 3957 672 4020 licentia
686 3958 815 4020 abbatis
828 3961 861 4022 et

80 4053 204 4127 majoris
232 4054 336 4130 333113
367 4055 504 4131 33311311
535 4056 720 4132 333131333
747 4058 859 4134 aliquo

81 4145 255 4225 fidejubeat,
272 4152 325 4211 vel
346 4149 388 4212 ab
409 4151 521 4229 aliquo
546 4153 720 4229 pecuniam
746 4157 859 4216 mutuo

80 4246 208 4323 accipiat
230 4248 318 4310 ultra
344 4249 486 4325 pretium
510 4250 648 4326 capituli
667 4253 769 4314 vestri
782 4269 861 4329 prc-

79 4341 211 4407 uidentia
226 4347 452 4417 constitutum,
470 4348 537 4408 nisi
552 4349 687 4425 propter
700 4350 861 4412 manifes-

80 4439 136 4501 133
146 4442 260 4503 domus
273 4444 391 4505 vestrae
404 4445 591 4506 utilitatem.
605 4447 697 4519 Quod
708 4450 737 4507 31
750 4446 860 4510 133333

81 4533 153 4600 13113
165 4543 423 4617 presumpserit,
436 4559 502 4602 333
511 4544 665 4605 teneatur
678 4548 860 4610 conventus

80 4635 206 4706 probis
235 4638 444 4714 aliquatenus
471 4641 682 4716 respondere.
718 4644 860 4706 Licitum

80 4734 225 4802 praeterea
250 4736 294 4796 sit
315 4736 408 4797 33313
426 4737 461 4798 13
482 4738 592 4798 333313
614 4741 769 4816 33333113,
787 4757 859 4818 quae

81 4827 139 4890 slve
165 4832 308 4904 civilem,
331 4834 402 4894 3133
424 4835 643 4908 criminalem,
670 4838 862 4900 contineant

81 4929 292 5001 questionem,
308 4931 448 4992 fratrum
460 4933 646 4994 vestrorum
660 4935 860 4998 testimoniis

80 5025 129 5094 311,
145 5041 184 5087 33
199 5043 258 5104 333
270 5028 399 5090 defectu
412 5029 557 5102 testium,
565 5033 622 5108 jus
637 5033 781 5093 3331333
795 5050 859 5095 33-

80 5117 181 5183 133113
200 5126 313 5200 aliquo
325 5125 487 5202 deperire.
512 5129 650 5205 Insuper
663 5131 860 5193 auctoritate

80 5221 859 5304 3333131133133133333,3331133331333333331

80 5317 220 5387 quaelibet
233 5320 299 5380 3113
325 5337 477 5397 3333333,
493 5322 534 5382 ad
556 5323 699 5399 synodos
711 5326 764 5386 331
779 5341 861 5387 333-

80 5415 185 5474 uentus
200 5417 347 5478 forenses
359 5419 488 5490 333133,
500 5419 551 5478 331
563 5420 690 5496 Judicio
706 5422 859 5484 saeculari

82 5505 116 5566 do
124 5517 227 5574 333133
238 5515 373 5590 3333313
389 5515 587 5589 3333133113,
602 5519 655 5578 331
671 5522 858 5595 333333313-

56 5607 58 5610 ’
82 5603 166 5668 31333
176 5611 295 5673 restris
321 5613 495 5689 subjacere
521 5616 707 5692 compellat.
733 5618 859 5678 Necad

83 5699 182 5766 domos
204 5709 332 5770 3331333
370 5725 470 5771 33333
499 5711 632 5773 ordines
657 5713 856 5787 celebrandi,

209 5862 321 5906 333333.
342 5863 416 5906 rous
437 5852 486 5909 111.

684 389 910 452 EPISTOLAE.
935 391 1011 450 LIB.
1035 389 1088 450 IV.

1647 391 1708 452 290

912 563 1031 608 333333
1052 548 1226 621 tractandi,
1240 548 1292 610 vel
1308 549 1436 626 aliquos
1451 552 1707 627 33333313333-

910 645 1017 706 blicos
1033 647 1248 718 convocandi,
1271 648 1386 708 333133
1415 650 1626 723 3333333313
1645 663 1708 710 333

913 744 1100 818 regularem
1113 743 1242 806 abbatis
1257 745 1359 806 vestri
1384 744 1578 806 3133113333
1603 746 1710 822 impe-

915 840 993 912 diat,
1014 844 1072 902 aut
1086 841 1127 902 de
1150 842 1353 903 instituendo
1367 843 1421 904 331
1445 843 1707 914 removendoeo,

915 938 972 1014 qui
989 953 1048 1015 333
1063 939 1212 1016 1333333
1230 940 1342 1011 fuerit,
1364 942 1479 1001 contra
1495 941 1617 1003 statuta
1633 942 1708 1002 Cis-

914 1035 1103 1097 terciensis·
1116 1035 1245 1098 ordinis
1260 1053 1296 1098 33
1311 1037 1520 1113 aliquatenus
1542 1039 1711 1102 13133311-

955 1230 991 1290 Si
1012 1245 1093 1291 3333
1114 1233 1299 1309 331333333,
1319 1233 1354 1292 13
1369 1234 1463 1309 33133
1478 1233 1637 1309 33333313
1651 1233 1712 1294 do-

915 1341 988 1388 mus
1003 1328 1115 1389 vestra
1135 1328 1270 1390 fundata
1292 1331 1354 1400 est,
1379 1345 1454 1390 cum
1469 1329 1657 1392 3331111313
1678 1334 1711 1392 31

913 1424 1100 1496 devotione,
1112 1441 1177 1502 qua
1189 1427 1353 1494 33333311,
1365 1428 1544 1505 requisitus
1554 1428 1711 1490 substitu-

912 1522 982 1583 tum
998 1521 1149 1585 abbatem
1165 1523 1370 1594 benedicere,
1382 1525 1486 1585 atalia
1497 1541 1570 1601 quae
1585 1524 1626 1586 ad
1642 1525 1711 1586 offi-

914 1619 1001 1679 cium
1028 1620 1217 1696 episcopale
1242 1622 1419 1697 pertinent,
1444 1621 1537 1683 33313
1558 1623 1710 1684 conferre

913 1717 1073 1787 renuerit,
1091 1717 1219 1779 licitum
1235 1719 1277 1780 sit
1292 1717 1398 1779 eidem
1414 1718 1540 1790 abbati,
1558 1720 1586 1780 si
1600 1721 1711 1782 tamen

914 1813 1069 1876 sacerdos
1081 1815 1191 1886 fuerit,
1202 1817 1353 1892 proprios
1362 1816 1709 1889 nuntiosbenedicere,

914 1911 1039 1972 313113
1074 1929 1147 1989 quae
1176 1913 1217 1973 ad
1237 1913 1383 1974 officium
1412 1931 1508 1974 suum
1532 1916 1709 1991 pertinent,

914 2023 1082 2077 exercere,
1112 2011 1145 2072 et
1169 2009 1263 2072 vobis
1292 2010 1711 2089 3331333311333133333

914 2106 1106 2182 percipere,
1134 2124 1206 2185 quae
1236 2124 1259 2169 a
1282 2111 1392 2170 333133
1418 2107 1712 2172 1333131131133113

915 2203 1088 2279 denegata.
1104 2205 1408 2281 111311311113133133,
1424 2208 1460 2267 31
1469 2207 1503 2266 13
1511 2207 1711 2284 recipiendis

915 2301 1190 2376 possessionibus,
1208 2317 1281 2378 quae
1302 2319 1322 2364 a
1339 2303 1533 2375 benedictis,
1550 2303 1712 2366 3313333-

915 2396 1525 2472 111333111333331133331131333133,33
1540 2401 1607 2463 3131
1622 2403 1712 2479 3313-

915 2495 989 2573 copi
1005 2496 1110 2557 forma
1125 2497 1283 2570 33313311,
1299 2513 1374 2574 quae
1385 2497 1426 2558 ab
1442 2497 1572 2575 origine
1584 2499 1711 2562 ordinis

915 2593 1064 2656 noscitur
1088 2594 1262 2667 instituta;
1290 2597 1326 2656 31
1355 2595 1483 2657 33111331
1497 2595 1632 2658 3333133
1648 2597 1711 2676 1331
1796 2627 1811 2675 .

915 2690 1007 2752 33133
1019 2692 1135 2753 ordine
1150 2707 1210 2753 suo
1223 2691 1371 2770 profiteri
1383 2693 1534 2765 debeant,
1549 2695 1582 2756 et
1596 2699 1711 2758 contra

915 2789 1037 2852 statuta
1061 2790 1189 2850 ordinis
1223 2791 1276 2850 331
1313 2791 1440 2851 331133
1470 2791 1710 2866 professionem

915 2885 1024 2948 facere
1038 2887 1288 2964 compellantur.
1311 2890 1375 2948 Pro
1404 2889 1711 2952 consecrationibus

915 2999 994 3047 3333
1023 2985 1189 3056 31133133,
1211 2984 1263 3046 331
1291 2985 1521 3057 33313313333,
1550 2987 1621 3048 3133
1650 3002 1711 3064 333

914 3082 988 3144 3133
1009 3084 1134 3154 333313,
1160 3082 1291 3160 331333
1314 3083 1462 3160 quolibet
1486 3083 1712 3147 ecclesiastico

915 3181 1133 3250 sacramento,
1170 3180 1328 3242 nullusa
1358 3180 1453 3242 vobis
1481 3181 1541 3242 sub
1577 3181 1712 3246 obtentu

914 3277 1163 3339 consuetudinis
1181 3276 1312 3340 3313113
1331 3279 1428 3339 modo
1449 3279 1628 3358 quidquam
1646 3297 1710 3342 33-

914 3374 991 3436 deat
1003 3375 1211 3453 extorquere,
1227 3375 1284 3436 sed
1298 3375 1490 3438 haecomnia
1503 3377 1608 3453 gratis
1619 3377 1712 3440 vobis

915 3473 1088 3550 episcopus
1117 3473 1325 3534 dioecesanus
1351 3473 1545 3550 impendat:
1562 3475 1710 3552 alioquin

914 3571 1014 3632 liceat
1027 3570 1122 3631 33313
1138 3587 1377 3649 quemeumque
1396 3573 1582 3636 malueritis
1597 3573 1713 3636 catho-

914 3666 1015 3728 licum
1031 3668 1214 3730 antistitem
1226 3667 1330 3741 adire,
1347 3669 1489 3745 gratiam
1502 3672 1536 3732 31
1559 3685 1711 3732 33333-

914 3766 1048 3828 313333
1076 3765 1274 3841 Apostolioae
1304 3767 1398 3828 Sedis
1428 3765 1627 3840 33333133,
1656 3768 1712 3844 qui

914 3866 1027 3924 333133
1040 3862 1144 3924 133133
1163 3863 1372 3934 33313311313,
1395 3863 1501 3936 33313,
1527 3865 1613 3942 quod
1633 3880 1711 3943 333-

913 3961 1050 4033 1313133,
1067 3959 1246 4036 13333131.
1263 3961 1355 4032 Quod
1371 3960 1399 4021 si
1417 3961 1513 4023 sedes
1528 3963 1711 4024 dioecesani

914 4057 1060 4136 episcopi
1089 4057 1174 4119 forte
1199 4059 1390 4127 vacaverit,
1432 4059 1567 4121 interim
1599 4062 1711 4122 omnia

915 4155 1141 4217 ecclesiastica
1154 4157 1363 4218 3333333313
1376 4171 1396 4218 3
1410 4156 1531 4218 3131313
1548 4159 1714 4236 331333313

915 4254 1067 4330 33313333
1097 4251 1202 4315 libone
1235 4253 1268 4316 et
1292 4253 1418 4331 absque
1446 4256 1712 4318 contradictione

915 4351 1139 4429 possiti13sic
1163 4352 1284 4423 13333,
1309 4354 1345 4413 31
1372 4352 1407 4412 13
1434 4355 1604 4428 33313333
1632 4369 1713 4430 pro-

915 4449 997 4526 priis
1021 4449 1186 4527 episeopis
1213 4448 1341 4510 nullum
1365 4450 1595 4527 praejudicium
1610 4467 1714 4528 gene·

915 4549 1019 4608 retur.
1060 4548 1144 4621 Quia
1175 4562 1255 4608 3333
1292 4546 1459 4608 interdum
1502 4551 1711 4628 propriorum

915 4646 1145 4722 episcopcrum
1165 4643 1295 4720 copiam
1318 4659 1384 4706 non
1405 4645 1545 4718 3333113,
1565 4648 1595 4708 31
1615 4664 1712 4725 quem

915 4743 1108 4818 episcopum
1123 4745 1281 4803 Romanae
1294 4742 1400 4815 Sedis,
1418 4746 1454 4807 ut
1466 4745 1623 4817 diximus,
1634 4762 1713 4822 gra-

913 4840 994 4901 tiam
1006 4839 1314 4901 3133333313333
1331 4839 1520 4911 habentem,
1536 4844 1624 4905 31113
1648 4860 1712 4921 quc

915 4939 1047 5014 plenam
1063 4937 1216 5000 notitiam
1229 4936 1391 5010 33333113,
1417 4956 1477 5018 333
1498 4957 1557 5002 333
1569 4942 1712 5004 13333133

915 5035 1102 5110 contigerit,
1128 5033 1169 5096 33
1191 5051 1230 5097 33
1245 5035 1494 5100 benedictiones
1509 5054 1665 5101 3333333
1679 5042 1713 5101 31

914 5133 1067 5205 3331133,
1093 5133 1361 5196 consecrationes
1382 5136 1551 5205 altarium,
1572 5135 1711 5197 ordina-

914 5229 1022 5291 tiones
1042 5230 1280 5291 monaohorum
1300 5232 1710 5308 3331331131333331311333
1793 5275 1796 5284 .

916 5327 1010 5387 Sedis
1025 5328 1175 5404 33313333
1190 5327 1341 5388 33133113.
1359 5331 1475 5394 Ρ3333,
1499 5329 1528 5388 31
1550 5329 1707 5407 episcopi,

913 5424 967 5486 331
991 5424 1050 5485 3111
1071 5425 1288 5486 33313313333
1312 5428 1457 5486 33313333
1483 5426 1518 5484 13
1539 5431 1709 5490 3333313-

914 5522 1001 5583 3133
1015 5519 1228 5584 3331333331
1242 5521 1497 5598 3333333313131
1513 5525 1709 5587 constitutas

915 5619 1156 5696 suspensionis,
1169 5618 1522 5682 excommunicationis
1537 5622 1590 5682 331
1605 5623 1711 5684 13133-

914 5716 994 5776 dicti
1007 5712 1206 5777 sententiam
1220 5715 1514 5792 promulgaverint,
1524 5718 1594 5778 3133
1609 5719 1709 5782 etiam

1537 5857 1571 5916 10
