3978 6292
83 289 143 350 333
706 287 935 348 3313331313.
959 273 1115 350 313111.
1669 291 1729 352 sss

85 448 256 512 humiliter
282 449 492 526 33331133313,
520 447 747 527 multiplicatis
774 448 882 510 inter-
935 447 1113 524 prioribus,
1129 447 1377 510 33311311333313
1397 450 1431 512 31
1455 449 1611 512 universo
1639 448 1730 512 31333

85 547 290 610 cessionibus
310 548 540 625 plurimorum,
561 549 598 609 ut
611 548 645 608 in
663 547 800 608 livonia
815 563 879 608 33-
910 557 911 560 ’
934 545 1099 607 insulanae
1113 546 1267 608 dimensis
1281 546 1316 606 in
1329 547 1553 619 mannansut
1565 548 1731 610 sulutem·

85 661 160 706 vam
185 661 299 708 333333
327 646 536 722 metropolim
557 646 787 722 dignaremur,
819 659 880 706 nos
934 659 1032 720 quam
1046 645 1172 720 patrem
1196 645 1229 706 et
1253 645 1419 721 pastorem
1440 645 1628 706 animarum
1649 659 1737 706 sna--

87 741 186 816 113133
212 743 261 804 331
292 744 554 828 circumstantiis
577 743 713 820 provide
738 743 882 804 3133313-
935 754 1008 802 rum
1020 741 1220 816 recipientes
1236 741 1407 804 humiliter
1420 743 1454 804 et
1467 743 1595 814 devote,
1616 742 1727 804 bono-

85 841 221 916 spectis,
243 841 278 902 id
315 842 462 902 nondum
498 842 656 918 expedire
689 841 879 902 Livoniensi
934 853 1004 900 rem
1014 839 1284 900 inobedientiam
1295 840 1729 904 sibidebitamexbibereni.

86 938 585 1016 ecclesiaearbitrantes,preces
597 943 671 1002 mas
682 939 721 1000 ad
735 953 880 1016 presens
937 937 1094 1014 Princeps
1122 939 1232 998 autem
1262 939 1362 999 terras
1386 937 1507 1014 ipsius,
1531 940 1564 1002 31
1595 938 1730 1016 quidam

86 1036 297 1112 nequivimus
322 1037 483 1098 exaudire
512 1037 698 1098 differendo
712 1037 881 1114 petitionis
910 1034 994 1108 ,alii
1018 1035 1172 1096 dioecesis
1205 1035 1370 1096 insulanae
1399 1052 1466 1098 nnn
1508 1036 1728 1122 attendentes,

86 1133 252 1206 ellectum,
265 1135 302 1195 31
314 1150 388 1195 3313
400 1134 571 1196 3111333133
583 1135 882 1197 conteramnstem·
935 1131 1020 1208 qnod
1037 1132 1131 1194 laicis
1145 1133 1296 1210 quamvis
1308 1134 1476 1209 religiosis
1495 1149 1595 1211 super
1622 1135 1732 1196 eccle-

87 1246 166 1308 pore
183 1232 729 1310 ο333113113,1111333333313331
746 1233 881 1309 petitio·
935 1229 995 1290 siis
1011 1232 1064 1292 vel
1079 1231 1232 1308 personis
1250 1232 1488 1294 ecclesiasticis
1507 1232 1600 1292 nulla
1614 1234 1665 1294 est
1678 1233 1732 1294 at-

88 1345 162 1388 nem
184 1329 299 1392 matris
325 1329 468 1391 tiliorum
490 1329 637 1391 Zebedaei
664 1331 773 1392 minus
794 1337 881 1392 13313
935 1328 1058 1391 tribuis
1087 1329 1249 1406 33133133,
1275 1344 1357 1406 quos
1389 1329 1591 1408 obsequendi
1608 1333 1731 1396 313331

88 1427 403 1504 33313133,133(1331
420 1427 461 1489 331
475 1429 587 1489 votum
603 1427 764 1505 supplicis
777 1445 883 1490 exau·
911 1455 912 1466 ¹
936 1427 1133 1495 nenessitas,
1168 1441 1234 1487 non
1249 1427 1666 1504 'anctoritnslimperandi
1696 1431 1732 1488 nt

87 1525 180 1585 divit.
194 1525 336 1602 ideoque
351 1523 592 1586 fraternitatem
605 1527 695 1586 tuam
712 1543 881 1587 monemus
937 1539 1013 1585 eum
1044 1523 1257 1602 impedirent,
1280 1523 1456 1602 quominus
1487 1527 1731 1604 possessionem

87 1623 883 1700 attente,qnatenusproptsrllecnullatentvsmo·
911 1693 912 1696 Ἴ
936 1621 1043 1699 133133
1081 1624 1291 1700 episcopatus
1328 1621 1479 1686 obtinere
1512 1624 1655 1695 valeret,
1689 1639 1733 1685 33

89 1721 212 1791 venris,
227 1721 283 1783 sed
300 1721 526 1795 Ι(1333311331
542 1721 656 1782 favore
672 1723 785 1782 nostro
802 1737 881 1783 rur-

87 1817 320 1887 3333131333,
336 1819 415 1896 quia
436 1834 497 1880 nos
514 1819 554 1879 ad
571 1818 759 1896 protentum
775 1821 880 1890 tunm,

87 1920 119 1976 et
134 1915 286 1978 ecclesie
298 1917 506 1978 livoniensis
521 1931 617 1992 opem
630 1916 664 1978 31
677 1932 812 1993 operam
826 1917 884 2004 irn-

89 2014 281 2090 pendemus,
298 2015 420 2076 nostris
428 2014 619 2092 reputantes
628 2015 882 2076 votisaccedere

88 2110 320 2188 quidquidtibi
346 2112 482 2174 honoris
514 2113 547 2173 el
572 2113 881 2190 gratiaepnterimns

88 2207 238 2284 elargiri.
256 2211 373 2271 Datum
389 2208 540 2283 viterbii,
548 2211 608 2273 VII
620 2209 694 2272 13133
716 2210 880 2284 novemb,

91 2321 176 2367 auno
192 2307 323 2386 quarto.

451 2433 518 2522 XL

93 2560 621 2638 131331333333311331331333313,
633 2560 665 2622 ei
680 2561 885 2624 1131331333-

127 2673 201 2720 scm
209 2659 364 2730 31331331,
372 2659 674 2732 apostolicaesedis
683 2658 845 2736 13331333.

221 2829 224 2834 .
390 2771 587 2830 93331119.
635 2813 638 2820 3

197 2878 328 2943 [lisine.
342 2877 587 2938 11331111333131.
601 2879 670 2940 11111,
684 2892 709 2930 3.
722 2878 775 2944 ab]

125 2977 284 3046 iudicibus,
298 2961 435 3034 moneam
449 2977 606 3050 principem
619 2977 776 3038 1333133313
791 2981 849 3036 uta

157 3065 337 3124 molestando
348 3067 484 3140 episoppn
496 3081 560 3124 sne
566 3065 682 3138 31113313
693 3065 822 3124 desistat.

131 3175 299 3238 Honorius
339 3174 523 3251 episcopus,
547 3174 749 3238 venerabili
791 3173 885 3236 133131

96 3273 248 3349 33133333
277 3271 497 3345 113313313331,
524 3274 558 3333 et
587 3272 708 3336 dilecto
744 3272 814 3333 illio
847 3275 884 3334 P.

97 3368 304 3454 ilorwicensi
317 3368 434 3440 electo,
452 3367 636 3431 camerario
650 3370 774 3442 nostro,
786 3373 887 3448 Apos-

98 3465 205 3528 tolicse
221 3465 315 3532 Sedis
329 3463 449 3542 legato,
464 3465 616 3528 salntem.
725 3458 730 3474 '

131 3563 342 3626 Venerabilis
354 3563 591 3636 133133333133,
606 3563 782 3642 spiscopus
792 3565 888 3626 insn-

96 3660 201 3724 larum
215 3663 252 3724 13
266 3663 379 3724 nostra
393 3663 567 3738 proposuit
585 3663 762 3739 praesentia
783 3679 886 3725 eons-

97 3758 222 3831 tiinius,
237 3758 327 3836 qnod
344 3757 440 3820 bonae
453 3760 622 3821 3331333133
643 3762 685 3822 N.
701 3761 888 3822 insularum

95 3857 249 3934 episcopo
264 3856 510 3933 predecessore
524 3872 585 3919 suo
604 3857 693 3919 viam
722 3858 888 3920 universae

98 3956 210 4016 carnis
224 3955 388 4030 ingresso,
412 3955 526 4018 dilecti
550 3955 612 4016 lilii
641 3957 823 4018 conventus
849 3955 890 4017 de

97 4051 269 4122 nemesio,
285 4051 325 4113 ad
339 4067 422 4129 qnos
437 4052 622 4114 insularum
635 4052 784 4130 episcopi
798 4053 894 4114 elac·

97 4147 140 4210 tio
151 4148 350 4227 pertinebat,
365 4150 601 4212 convenientes
615 4151 651 4212 in
661 4167 778 4223 unum,
793 4151 895 4213 invo-

97 4249 167 4308 cata
183 4247 330 4324 Spiritus
344 4247 457 4312 Sancti
467 4247 752 4324 33311313333313
766 4248 892 4326 episco-

101 4359 173 4420 pnm
186 4343 373 4406 insulamn
395 4345 602 4406 unanimiter
624 4347 659 4408 et
683 4346 894 4410 concorditer

100 4441 281 4519 elegerunt,
296 4457 336 4506 ac
350 4442 460 4519 ipsum
472 4457 548 4504 cnm
562 4442 694 4505 decreto
718 4444 891 4506 electionis

101 4540 360 4604 confirmandum
372 4539 414 4602 331
428 4540 656 4602 venerabilem
665 4541 805 4604 13313313
812 4559 893 4604 333-

100 4637 185 4700 trum
205 4637 440 4701 Dubllnensem
455 4639 742 4716 arcbiepisoopnm
767 4642 892 4702 metro-

103 4735 281 4810 politanum
295 4735 370 4806 1331,
388 4734 533 4812 legatum
559 4736 654 4798 Sedis
681 4737 889 4812 Apostolicae,

103 4831 367 4900 transmiserunt,
387 4847 446 4910 333
468 4849 546 4894 3333
570 4834 699 4896 11113333
724 4835 894 4897 humiliter

104 4931 764 5016 supplicantes,ni,eleciioneconllrmata
774 4933 891 5009 ipius,

105 5025 306 5104 impenderet
327 5037 450 5092 munus
480 5029 743 5092 consecrationis
767 5030 890 5104 eidem3

106 5125 158 5200 qui
181 5125 372 5188 examinata
396 5125 559 5190 electione
577 5127 703 5203 pariter
723 5129 757 5188 et
777 5128 892 5198 electe,
916 5175 917 5180 ,

106 5235 175 5284 3313
189 5224 221 5286 31
233 5223 273 5284 de
282 5223 465 5286 idoneitate
480 5237 630 5300 personae
641 5224 746 5301 ipsius
759 5240 797 5286 ac
808 5225 896 5286 elec-

106 5319 192 5382 11333
199 5321 365 5384 33333133
380 5321 593 5394 constitisset,
609 5321 805 5384 eiectionem
815 5339 897 5384 con-

109 5417 247 5480 tirmavit
257 5420 417 5490 eamdem,
430 5419 495 5482 sibi
505 5435 625 5480 munus
635 5420 896 5482 consecrationis
916 5453 918 5459 ,

111 5513 308 5592 impendens,
324 5531 363 5578 ac
378 5531 453 5578 enm
466 5517 507 5578 ad
523 5518 749 5594 episcopatum
765 5517 896 5580 insula·

112 5627 267 5680 cumcurn
282 5615 401 5680 11113313
416 5615 605 5690 destinavit,
617 5616 699 5678 dans
709 5615 896 5688 abbatibus,

936 1720 1044 1796 ipsum
1055 1721 1253 1798 reciperent,
1266 1721 1355 1783 clero
1367 1721 1568 1799 prohibuere
1579 1721 1736 1800 presiatm¹

936 1817 1021 1878 alias
1042 1817 1154 1880 sibiet
1169 1818 1325 1880 eeclesiae
1340 1835 1410 1880 snae
1425 1819 1545 1881 damna
1560 1819 1676 1896 gravia
1697 1823 1731 1882 31

937 1915 1079 1992 injurias
1100 1916 1282 1992 irrigandi.
1314 1916 1398 1990 Quia
1424 1931 1504 1980 vero
1532 1917 1672 1980 13313331
1695 1919 1734 1979 31

937 2011 1207 2090 coepiscoporum
1220 2015 1733 2090 nestrorumgravamenindebi·

936 2113 1006 2172 inre
1033 2109 1286 2173 conniventibus
1310 2111 1416 2174 oculis
1432 2113 1644 2188 ‘pertransire
1670 2127 1732 2174 nec

936 2208 1101 2280 volumus,
1119 2223 1181 2270 nec
1195 2208 1363 2280 debemus,
1389 2209 1584 2272 discretioni
1610 2212 1733 2272 vestrae

937 2306 1196 2384 3331333131133
1209 2307 1332 2384 3331313
1346 2307 1550 2379 mandamus,
1569 2309 1732 2386 quatenns

937 2403 1110 2480 praetenue
1126 2403 1310 2482 principem
1319 2407 1353 2466 et
1362 2405 1458 2478 alins,
1467 2407 1732 2484 utapraesnmp-

937 2502 1029 2564 tione
1043 2501 1231 2580 hujusmodl
1246 2501 1456 2575 desistentes,
1467 2503 1659 2565 3311313333
1675 2519 1735 2580 333

938 2615 974 2661 33
989 2599 1040 2662 vel
1055 2615 1114 2676 per
1127 2600 1212 2660 alios
1234 2597 1426 2678 impediant,
1444 2600 1733 2678 quominusprae-

938 2697 1045 2758 dietus
1072 2697 1247 2774 episeopus
1273 2697 1484 2774 episcopatus
1513 2699 1566 2758 sul
1594 2693 1734 2775 33311133

938 2795 1048 2858 valeat
1072 2795 1284 2872 possessione
1318 2795 1476 2871 gaudere,
1510 2797 1734 2872 competenter

939 2893 1183 2955 satisfacientes
1193 2891 1259 2954 sibi
1270 2891 1310 2953 de
1320 2889 1735 2970 damnlsetinjurlislrro-

938 2989 1039 3066 gaiis,
1068 2991 1231 3055 moneatis
1266 2991 1447 3067 prudenter
1478 2992 1517 3052 :et
1556 2983 1734 3053 efficaciter

939 3089 1118 3160 inducatls,
1131 3090 1165 3151 et
1179 3088 1208 3148 si
1223 3101 1359 3149 necesse
1371 3086 1483 3156 inerit,
1501 3087 1590 3164 ipsos
1605 3088 1644 3152 ad
1670 3088 1735 3150 1133

940 3185 1276 3262 perecnlesissticam
1300 3199 1487 3258 censuram,
1511 3185 1735 3262 appellatione

940 3285 1078 3355 remote,
1101 3284 1193 3346 sient
1219 3285 1344 3361 justum
1374 3283 1489 3354 133311,
1517 3285 1733 3360 compellatis.

940 3377 1015 3444 Non
1031 3381 1184 3444 obstante
1207 3379 1441 3443 constitutions
1466 3381 1605 3445 concilii
1629 3397 1736 3458 gene-

941 3479 1033 3552 ralis,
1051 3481 1113 3543 313.

983 3579 1101 3639 Datum
1116 3574 1309 3648 1111331111
1324 3575 1399 3638 idus
1413 3575 1612 3648 novembris,
1627 3577 1739 3654 ponti·-

943 3675 1060 3738 1133133
1075 3673 1283 3736 3331313333
1299 3675 1430 3752 quarto.
1730 3689 1733 3696 ’

1002 3961 1055 4020 Ad
1073 3834 1680 4031 armnpscopzvmlcantuescsan
1708 3991 1713 4008 ·

1104 4055 1349 4130 313313333331
1369 4059 1585 4118 Rossensenn.

1238 4169 1269 4225 ll
1283 4181 1349 4225 nov.
1367 4167 1447 4225 lale.

1006 4273 1139 4339 [11131333
1149 4275 1239 4326 Vetera
1248 4273 1312 4323 bion.
1322 4269 1491 4323 Hibernoru'm
1500 4258 1679 4331 ascelmum,

1256 4353 1427 4418 primiti]

944 4453 1101 4522 indicibus,
1114 4459 1146 4510 31
1159 4453 1328 4525 episcopum
1338 4449 1601 4510 waterfordensem
1616 4449 1652 4508 ab
1664 4465 1742 4509 usur-

980 4541 1741 4616 331333313313113333333133133333133313331331·

981 4629 1340 4700 111333133133331113331.Ι
1599 4691 1603 4698 ,

988 4737 1475 4814 113333133331333333333333
1487 4739 1739 4812 servornmllei,
1805 4813 1806 4818 ,

946 4835 1195 4896 venerabilibus
1207 4834 1366 4896 iratribus
1379 4831 1556 4908 cardinali,
1569 4837 1639 4898 et...
1652 4837 1744 4914 epis-

947 4949 1030 5010 copo
1056 4933 1227 5005 Rossensi,
1244 4933 1284 4995 31
1301 4932 1420 4994 31113313
1449 4932 1519 4994 illio
1545 4936 1581 4994 P.
1605 4934 1742 4997 Nor'wi-

947 5031 1040 5092 censi
1055 5031 1172 5102 electo,
1189 5030 1374 5092 camerario
1394 5032 1523 5100 nostro,
1547 5030 1743 5106 apostolice

949 5128 1045 5190 Sedis
1061 5128 1182 5204 legato,
1200 5128 1343 5190 salntem
1358 5130 1392 5190 et
1406 5127 1623 5208 apostolicam
1637 5125 1742 5190 bene-

948 5226 1147 5288 dictionem,
1724 5241 1729 5256 ·

990 5323 1200 5386 Venerabilis
1213 5323 1318 5384 irater
1332 5323 1446 5385 noster
1461 5319 1498 5382 n.
1523 5319 1744 5384 Lismorensis

950 5421 1125 5498 episeopus
1152 5421 1187 5482 in
1217 5423 1330 5482 333133
1361 5417 1541 5495 proposuit
1569 5423 1745 5495 praesentia
1834 5475 1839 5486 .

951 5519 1162 5588 constitutus,
1178 5517 1263 5597 33331
1277 5532 1352 5578 3313
1367 5514 1461 5576 bonae
1477 5517 1647 5578 memoriae
1657 5515 1747 5578 ’11113-

953 5632 1025 5680 mas
1051 5615 1256 5682 lesmorensi
1277 5613 1441 5691 episcopo
1464 5613 1552 5675 viam
1580 5614 1745 5678 universae
