3946 6304
339 408 399 468 423
957 406 1132 466 IIONORII
1155 406 1199 466 111
1221 406 1371 467 OPERA.
1912 417 1958 476 tet

339 567 427 630 niter
446 567 653 645 requirentes
676 567 709 630 et
735 545 946 644 recipientes,
975 565 1130 627 hilariter
1183 565 1304 628 diiecto
1315 566 1384 628 illio
1393 567 1553 642 magistro
1564 567 1716 631 conrado
1726 569 1896 632 scolastico
1906 574 1959 634 llo

339 665 519 728 intendatis
532 665 638 727 eidem
651 666 824 726 humiliter
833 667 866 726 et
875 664 1128 725 aerumnarum
1182 665 1376 740 gunituenei
1397 665 1570 741 capellano
1592 667 1625 728 et
1644 668 1888 744 poenitentiario
1900 688 1958 732 nos·

338 761 490 834 viterbii,
505 765 579 824 XIV
598 763 757 824 kalendas
771 763 862 830 nteii,
877 777 964 822 anno
977 761 1105 839 quarto.

378 865 420 922 In
435 863 592 922 eamean
609 865 749 921 manno
762 860 932 934 scriptum
946 858 999 920 est
1012 860 1129 920 Attin-

336 961 527 1020 siodorensi
551 961 707 1032 episcopo
722 975 732 1018 .·
749 957 841 1018 Sicut
861 955 1012 1016 ecolesiae
1028 955 1127 1016 Pari-

335 1055 456 1116 siensIs
466 1055 656 1132 requirebat
669 1055 806 1125 utilitas,
818 1055 893 1124 eta,
906 1067 1010 1130 usque
1026 1073 1034 1111 ι
1051 1052 1129 1113 des-

334 1153 444 1214 tituta.
461 1152 586 1214 Deinde
601 1151 778 1229 subJ'Icitur
793 1172 801 1212 ι
818 1151 875 1222 Te,
892 1152 933 1212 de
948 1153 1044 1227 cujus
1057 1164 1128 1209 me-

333 1249 408 1311 ritIs
422 1249 607 1311 obtinemus
620 1249 775 1310 fiduciam
796 1248 990 1326 pleniorem,
1012 1261 1031 1307 a
1047 1262 1128 1308 cura

334 1348 367 1410 et
394 1347 618 1408 sollicitudine
641 1345 943 1408 Autissiodorensis
973 1344 1124 1406 ecclesiae

333 1444 554 1515 absolventes,
577 1444 727 1506 ecciesiae
750 1443 950 1505 parisiensis
974 1439 1128 1519 praeIeci-

332 1557 406 1604 mus
421 1543 457 1604 in
470 1545 647 1619 pastorem,
664 1543 700 1604 ut
718 1543 849 1602 tuarum
865 1540 1001 1601 lucerna
1021 1539 1128 1600 viriu-

332 1641 413 1712 tum,
439 1655 512 1718 quas
536 1639 697 1700 hactenus
728 1638 822 1701 iulsit
848 1637 883 1698 in
912 1635 1125 1698 Autissiodo-

331 1738 435 1809 rensi,
447 1751 567 1813 magna
582 1737 614 1799 et
625 1735 813 1798 honorabili
827 1735 959 1812 quidem
971 1733 1125 1804 ecclesia,

332 1849 372 1895 eo
387 1834 592 1911 splendidius
606 1834 725 1906 luceat,
738 1849 803 1911 quo
818 1833 852 1892 in
867 1831 1042 1893 celebriori
1054 1831 1127 1890 loco

333 1931 435 1994 inerit
459 1931 630 1993 collocata.
668 1931 810 2008 ideoque
834 1928 1035 1990 fraternitati
1060 1927 1127 1990 tuae

333 2043 393 2106 per
407 2028 597 2106 Apostolica
615 2027 737 2104 scripta
753 2027 949 2088 mandamus
962 2026 996 2086 et
1010 2026 1044 2085 iu
1056 2025 1129 2086 vir-

332 2128 403 2188 tute
417 2125 614 2187 obedientias
635 2124 785 2186 districte
804 2124 1028 2200 praecipimus,
1045 2137 1129 2198 qua·

330 2226 440 2292 tenus,
468 2224 541 2283 sine
563 2238 664 2283 morae
686 2220 861 2298 dispendio
887 2220 928 2281 ad
951 2219 1128 2282 ecclesiam

331 2321 499 2382 translens
523 2322 751 2390 memoratam,
775 2332 888 2379 curam
903 2318 937 2379 et
964 2317 1128 2379 sollicitu-

333 2417 445 2480 dinem
459 2420 542 2494 ejus,
571 2419 668 2494 Juxta
685 2431 776 2492 spem
792 2417 825 2478 et
843 2413 1126 2491 exspectationem

333 2516 492 2586 nostram,
512 2513 647 2576 studeas
669 2528 786 2589 gerere
816 2511 959 2573 sollicite
983 2526 1023 2572 ec
1047 2527 1129 2587 pru-

334 2612 461 2674 denter.
472 2612 590 2673 Datum
599 2609 750 2681 viterbii,
765 2608 915 2670 Xllihal.
930 2608 1022 2681 maii,
1037 2623 1127 2669 anno

335 2710 465 2787 quarto.

648 2799 809 2886 CXXIII

353 2925 405 2985 Ad
425 2921 562 2984 abbates
593 2923 627 2986 et
646 2923 835 2984 corceantur
870 2921 1109 2984 cirterciensis

391 3022 524 3083 ordinis
542 3035 609 3094 per
628 3023 837 3094 Hispaniam
853 3017 1066 3080 constitutos.

608 3123 643 3181 29
662 3122 743 3196 oprtl.
767 3122 845 3180 iiio.

460 3219 611 3284 [haudque.
627 3217 692 3269 iun.
705 3219 819 3277 cisterc,
829 3219 871 3276 IV,
882 3233 907 3282 p.
922 3217 988 3282 ltin]

335 3309 451 3370 itandat
465 3310 507 3366 eis
525 3315 554 3365 ut
569 3323 627 3366 non
646 3307 798 3366 observent
817 3307 973 3364 sententias
988 3303 1128 3363 interdicti

371 3399 417 3456 vel
435 3397 740 3455 excommunicationis
763 3396 791 3452 in
814 3395 878 3452 lilos
898 3395 1128 3468 promulgatasa

370 3485 568 3544 collectoribus
579 3485 735 3553 vicesima,
745 3491 774 3542 et
783 3483 877 3542 denuo
887 3483 1004 3542 Cisterc.
1019 3496 1130 3539 monas·

371 3577 441 3632 teria
459 3589 474 3631 a
490 3574 672 3647 preestatIone
686 3573 831 3630 vinesime
846 3577 978 3644 exempta
993 3570 1127 3627 declarat.

375 3676 455 3734 Cum
470 3673 556 3734 sicut
582 3673 770 3750 accepimus
786 3671 930 3748 Hugutio
948 3669 1129 3732 subdiaco-

335 3787 409 3844 nus,
424 3771 456 3833 et
470 3769 662 3847 capellanus
677 3770 800 3839 noster,
815 3769 848 3830 et
862 3767 1023 3846 Cyntths
1033 3765 1129 3828 basi-

334 3870 408 3933 licae
432 3868 593 3946 principis
620 3866 851 3944 Apostolorum
876 3865 1068 3935 canonicus,
1094 3865 1129 3926 in

335 3967 495 4044 quosdam
511 3981 554 4026 ex
565 3963 659 4026 vobis
675 3963 1030 4024 excommunicationis
1044 3963 1129 4022 etex

334 4061 546 4126 monasteriis
569 4061 702 4133 vestris,
733 4059 904 4122 interdicti
931 4058 1126 4130 sententias,

335 4157 699 4229 occastonerioesimae,
715 4173 734 4218 a
749 4155 845 4217 nobis
860 4171 959 4232 super
976 4155 1040 4217 hoc
1055 4169 1131 4216 auc·

1183 764 1245 834 tra,
1263 762 1403 824 salutem
1418 764 1450 824 et
1465 763 1683 840 apostolicam
1698 763 1953 830 benedictionem.

1223 859 1358 937 Experti
1375 861 1441 922 tuae
1459 861 1634 938 probitatis
1644 863 1843 925 industriam
1855 864 1953 926 ettidei

1183 957 1360 1034 puritatem
1381 975 1420 1019 ac
1446 975 1505 1034 per
1519 957 1582 1021 boc
1603 959 1953 1023 indubitatamdetei-

1182 1055 1312 1116 dociam
1338 1054 1536 1128 obtinentes,
1558 1059 1591 1119 te
1613 1056 1654 1118 ad
1670 1057 1783 1134 paries
1808 1060 1953 1122 Teutonis

1182 1151 1337 1214 duximus
1350 1153 1581 1216 destinandum
1594 1157 1629 1217 ut
1637 1157 1749 1216 Terrae
1759 1157 1885 1217 Sancta
1895 1173 1954 1218 suo

1182 1265 1327 1322 cursum,
1342 1251 1523 1312 secundum
1549 1252 1661 1314 datam
1684 1250 1745 1314 tibi
1769 1255 1870 1314 alteo
1890 1271 1952 1330 pru·

1182 1346 1951 1426 nentiamstuoeas,efficaciterprocurarenuan

1181 1459 1261 1520 ergo
1290 1445 1509 1507 sollicitamus
1536 1446 1759 1522 prudentiam,
1783 1448 1952 1508 auctoritate

1181 1541 1241 1603 tibi
1257 1544 1471 1618 praesentIum
1492 1544 1718 1620 injnngentes,
1739 1545 1950 1620 quatenuslii-

1181 1638 1270 1699 taras
1296 1639 1483 1714 generales,
1510 1655 1593 1716 quas
1621 1655 1681 1717 pro
1705 1639 1824 1700 eodem
1844 1641 1950 1715 negotio

1181 1735 1397 1806 destinamus,
1414 1751 1584 1813 exponens
1599 1751 1659 1812 per
1669 1739 1775 1800 totam
1785 1739 1948 1799 Teutonian

1182 1831 1305 1893 Christi
1321 1832 1473 1894 iidelibus
1489 1833 1669 1909 diligenter
1680 1835 1772 1912 ipsos
1783 1835 1824 1896 ed
1837 1835 1949 1896 celerem

1182 1929 1278 1992 dictae
1292 1931 1391 1992 terras
1407 1947 1600 1992 succursum
1616 1932 1731 1993 sedulo
1743 1932 1917 1994 exhorteris
1927 1933 1949 1992 oi

1181 2028 1380 2089 auctoritate
1406 2031 1519 2090 nostre
1542 2029 1697 2105 injungas
1718 2029 1782 2102 eis,
1812 2046 1867 2105 per
1889 2046 1949 2106 quos

1184 2139 1301 2201 nuper,
1311 2125 1347 2184 tn
1358 2125 1508 2201 partibus
1520 2127 1601 2198 illis,
1612 2127 1790 2202 praedicari
1801 2127 1948 2188 mandari-

1182 2238 1255 2282 mus
1267 2221 1405 2284 verbum
1419 2225 1546 2294 CruoIs,
1566 2239 1606 2284 ac
1620 2224 1710 2296 aliis,
1730 2227 1831 2300 prout
1851 2225 1949 2286 videns

1182 2319 1351 2395 expedire,
1380 2321 1416 2382 ut
1439 2319 1471 2380 id
1495 2321 1605 2397 ipsum
1623 2321 1769 2384 sollicite
1782 2337 1821 2382 ac
1837 2322 1949 2382 tideliter

1182 2419 1418 2496 exsequantur,
1451 2435 1527 2486 cum
1551 2418 1705 2490 velimus,
1730 2421 1768 2482 ut
1792 2419 1849 2480 tibi
1867 2420 1947 2480 tama

1183 2515 1454 2592 praedicatoribus
1465 2517 1559 2594 ipsis,
1571 2531 1670 2594 quam
1684 2516 1765 2595 alita
1778 2517 1812 2578 in
1825 2516 1948 2578 omnibus

1182 2628 1256 2689 quae
1282 2613 1344 2675 hoc
1363 2614 1560 2690 contingunt
1579 2615 1764 2691 negotium,
1788 2614 1948 2676 intendatur

1183 2709 1353 2773 humiliter
1368 2727 1407 2774 aa
1419 2710 1549 2774 devote.
1567 2712 1645 2773 Illos
1658 2726 1739 2774 vero
1753 2713 1809 2790 qui
1816 2715 1880 2788 jam
1893 2705 1948 2770 suni

1182 2809 1292 2870 crucis
1316 2809 1669 2885 caractereinsiguiti,
1699 2813 1736 2872 ut
1755 2810 1863 2872 uotum
1876 2823 1947 2867 suun

1182 2906 1217 2966 in
1242 2906 1381 2969 Instanti
1403 2907 1558 2983 passagio
1580 2909 1818 2984 exsequantur,
1838 2921 1947 2967 monens

1183 3003 1363 3067 efficaciter
1377 3006 1410 3067 ei
1431 3005 1593 3066 inducens
1608 3021 1666 3066 eos
1688 3006 1745 3081 qui
1767 3005 1892 3066 monitis
1907 3017 1947 3061 ao·

1183 3101 1355 3178 quiescere
1370 3117 1436 3164 nou
1452 3102 1655 3173 curaverint,
1673 3103 1706 3164 et
1724 3103 1768 3164 ad
1786 3102 1818 3162 id
1833 3117 1886 3178 per
1893 3113 1947 3160 cen·

1183 3213 1294 3259 suram
1305 3199 1578 3270 eoolesiasticam,
1597 3199 1822 3276 appellatione
1837 3198 1946 3262 remota

1184 3295 1587 3372 compellas,carissimum
1599 3297 1634 3358 in
1643 3297 1777 3360 Christo
1791 3295 1885 3356 tilium
1895 3308 1949 3354 uos

1183 3393 1270 3454 trum
1296 3395 1333 3454 F.
1350 3393 1514 3454 illustrem
1530 3409 1642 3468 regem
1660 3393 1786 3454 steina
1800 3393 1833 3453 in
1847 3393 1944 3454 Rona-

1184 3505 1302 3550 norum
1310 3491 1544 3568 imperatorem
1554 3490 1707 3560 electum,
1730 3490 1787 3552 cui
1800 3487 1945 3565 snperhoc

1184 3587 1370 3659 scribimus,
1382 3587 1524 3649 sollicite
1540 3587 1740 3660 reducendo,
1759 3588 1795 3649 ut
1808 3587 1839 3648 et
1850 3582 1940 3662 ipsein
1967 3649 1968 3660 ἵ

1184 3684 1299 3746 eodem
1323 3686 1477 3761 passagio
1495 3687 1592 3762 juxta
1612 3685 1944 3761 promissionemsuan

1185 3781 1316 3843 studeat
1338 3781 1567 3844 transfretare.
1594 3781 1684 3854 Quod
1709 3781 1740 3842 si
1763 3781 1865 3844 iacere
1883 3777 1944 3838 torto

1184 3879 1381 3955 nequiverit,
1396 3879 1645 3954 crucesignatos
1653 3880 1745 3957 ipsos
1758 3878 1888 3941 ulterius
1898 3885 1945 3932 uon

1185 3975 1341 4046 detineat,
1356 3976 1414 4040 sod
1428 3976 1504 4038 data
1519 3976 1568 4038 eis
1583 3977 1720 4038 licentia
1736 3973 1885 4038 reddendi
1898 3973 1946 4030 lio-

1185 4073 1275 4134 mino
1291 4073 1368 4134 vota
1388 4089 1449 4134 sua
1463 4073 1499 4134 in
1513 4074 1681 4135 exercitus
1703 4070 1877 4134 Christiani
1889 4081 1945 4126 suc-

1185 4186 1317 4232 sursum
1336 4171 1440 4232 libere
1462 4171 1640 4248 permittat.
1668 4169 1754 4232 Illud
1777 4171 1879 4232 autem
1898 4161 1967 4222 sol·¹

335 4255 470 4320 toritote
488 4270 555 4317 110ss
579 4254 703 4326 habita,
722 4251 1009 4329 promulgaverint
1024 4273 1031 4312 ²
1049 4251 1129 4312 imi·
1185 4268 1275 4330 licite
1297 4283 1428 4341 careas,
1441 4282 1483 4329 ne
1497 4269 1573 4344 quis
1591 4267 1831 4346 quantumlibet
1850 4271 1946 4340 pauier

336 4353 487 4417 versitati
519 4353 640 4414 leiiiae
684 4349 897 4427 llraesentium
932 4349 1130 4411 ἃῑὶῡῖθΐῑῒᾶἴθ
1185 4365 1295 4428 avoto
1319 4365 1429 4427 crucis
1452 4365 1621 4426 ullatenus
1636 4363 1838 4434 absolvatur,
1853 4355 1945 4422 cumei

336 4451 543 4522 mandamus,
560 4449 723 4528 quatenus
742 4447 924 4510 sententias
939 4447 1030 4523 ipsas
1049 4445 1130 4510 uul-
1185 4477 1348 4540 pauperes
1360 4462 1541 4539 plurimum
1556 4463 1625 4523 sint
1642 4461 1826 4524 necessarii
1843 4452 1944 4530 negotio

337 4549 468 4610 lateuus
483 4547 692 4610 observetis:
714 4547 881 4616 caeterum,
899 4560 941 4605 ne
956 4544 1131 4605 occasione
1185 4563 1296 4622 perrae
1323 4559 1464 4621 sanoqae,
1493 4559 1624 4632 Datum,
1645 4559 1749 4632 etc...
1767 4551 1944 4636 pontificatus

339 4639 1132 4723 hujusmodivoe,relmonasteriavestradeoae-
1187 4657 1393 4720 nostrianno
1409 4658 1537 4734 quarto,

285 4808 292 4820 ,
336 4745 408 4806 tero
419 4741 588 4804 molestari
601 4740 781 4816 contingat,
798 4755 858 4802 ros
878 4755 898 4800 a
916 4738 1131 4816 praestatione

338 4839 503 4919 predicta
531 4835 698 4899 vicesImee
734 4837 889 4898 duximus
924 4835 1129 4897 eximendos.
1517 4807 1654 4895 CXXV

337 4939 457 4999 Datum
473 4933 623 5007 Viterbii,
639 4937 685 4996 ill
701 4934 767 4994 hal.
783 4934 874 5004 maii,
893 4932 1010 5010 pontit.
1026 4931 1131 4994 nostri
1245 4933 1296 4993 Ad
1307 4934 1601 5008 archiepiscopum
1611 4935 1900 4994 oenacensem.

339 5035 574 5111 annoqnarto.
658 5118 815 5206 CXXIV
1482 5033 1677 5092 insiliit).

1331 5129 1447 5194 [hipolli
1460 5129 1528 5180 buli.
1543 5129 1688 5189 Praedicta,
1702 5131 1723 5190 l,
1737 5129 1776 5189 lo,
1789 5127 1836 5192 Ia]

352 5251 404 5310 Aa
419 5248 614 5308 conradum
630 5244 867 5306 scholasticam
882 5243 1116 5318 Moqnnttnon.
1306 5225 1492 5287 Cilfflmflssdflt
1509 5229 1622 5286 Fratres
1640 5226 1848 5286 Proditioni-

525 5351 643 5406 Ineunte
658 5361 757 5404 mense
772 5347 849 5403 maio
862 5345 940 5403 lito.

1228 5336 1394 5396 Honorius
1402 5337 1586 5413 episcopus,
1597 5351 1714 5398 servus
1724 5343 1881 5398 seruorum
1889 5321 1937 5388 nei,

453 5443 714 5509 [wiremudam
728 5442 849 5499 subsidia,
862 5441 1020 5506 inpios]
1187 5432 1372 5494 venerabili
1403 5433 1497 5494 tratri
1525 5433 1775 5512 archiepiscopo
1809 5429 1938 5496 taruco·

339 5533 456 5596 Mandat
476 5542 505 5590 ut
528 5533 657 5590 hortetur
686 5531 902 5602 crucesignatos
930 5530 1075 5587 'l'eutouite
1104 5537 1133 5587 ut
1188 5529 1458 5601 nensisalutem,
1474 5532 1537 5592 eto.

366 5630 463 5681 votum
477 5636 560 5678 suum
576 5623 605 5677 iu
619 5621 736 5677 instanti
751 5619 887 5692 passagio
899 5625 1099 5690 exsequantur.
1228 5626 1392 5698 Quoniam
1400 5625 1580 5688 abundanti
1591 5625 1761 5703 imquitas,
1775 5626 1807 5684 et
1820 5608 1937 5687 refrigui

382 5729 549 5795 Honorins
559 5730 744 5805 episcopus,
754 5741 1049 5788 seruusservorum
1060 5726 1131 5796 Dei,
1188 5724 1311 5785 caritas
1325 5724 1554 5800 plurimorum,
1569 5723 1718 5784 ordinem
1732 5714 1936 5784 rranuni'oa
