4066 6290
313 313 388 412 86³1

313 489 388 552 quas
400 469 501 534 iidem
515 471 557 534 ab
570 471 719 550 ejusdem
732 471 877 550 capitulo
890 455 1103 552 receperunt3

313 667 469 738 nasterii,
497 668 529 728 et
552 666 678 727 decano
708 667 822 728 Sancti
846 669 981 728 Martini
999 667 1106 729 Turo-

313 765 428 825 nensis
447 764 479 824 et
491 763 699 824 thesaurario
716 765 829 826 Sancti
851 765 969 825 Hilarii
991 765 1105 826 Picta-

314 860 439 922 viensis
451 860 575 921 nostris
588 860 738 921 dedimus
749 861 868 922 littoris
880 861 915 921 in
928 862 1102 932 mandatis,

313 958 349 1020 ut
364 957 427 1034 ipsi
449 957 608 1027 eamdem,
634 957 801 1034 predictis
830 958 950 1020 litteris
978 974 1106 1035 aequa-

313 1070 411 1130 quam
423 1053 638 1125 ohstantibus,
651 1055 685 1114 in
699 1055 864 1130 praedictis
874 1055 1106 1117 statuetliber·

312 1151 392 1222 tate,
407 1153 521 1212 nostra
537 1152 630 1212 iteret
644 1152 850 1223 auctoritate,
873 1153 1106 1214 confirmantes

315 1241 500 1324 praemisse,
523 1247 654 1310 sublato
674 1249 849 1325 cujuslibet
872 1249 1107 1311 contradictio-

315 1345 368 1405 nis
383 1347 415 1406 et
428 1345 659 1422 appellationis
676 1340 856 1417 obstaculo,
869 1348 1103 1422 exsequantur,

313 1441 572 1504 contradictores
592 1443 621 1503 si
647 1441 703 1519 qtri
729 1442 852 1503 tuerint
883 1443 936 1504 vel
965 1442 1105 1504 rebelles

311 1553 569 1616 percensuram
595 1538 867 1610 ecclesiasticam,
893 1541 955 1600 etc.
984 1542 1102 1601 Datum

313 1635 480 1706 Laterani,
505 1637 580 1696 Vlll
604 1635 764 1696 kalendas
786 1636 1104 1714 iulii,pontitlcatus

314 1733 420 1794 nostri
435 1747 523 1792 anno
539 1733 665 1809 quinta.

603 2033 813 2120 adtolli

351 2185 404 2244 Ad
424 2183 609 2244 Walteram
626 2185 786 2246 comitem
805 2183 1062 2244 Crotoncnscrn.

602 2313 636 2370 26
648 2313 720 2388 junii
736 2314 815 2371 tati.

334 2433 463 2499 [Theinen
476 2434 538 2484 God.
550 2435 658 2498 diplom.
670 2435 777 2484 dominii
789 2439 879 2498 temp..
891 2434 911 2492 l,
921 2433 961 2492 67,
975 2447 1001 2484 n.
1014 2433 1080 2499 toa]

356 2547 401 2608 lili
415 2548 533 2635 mandat
546 2559 576 2607 ut
590 2565 605 2606 a
621 2549 797 2608 molestanda
812 2549 927 2607 civitate
943 2549 1062 2606 Reatina

644 2634 772 2692 desistat.

351 2753 519 2816 Honorius
529 2753 712 2830 episcopus,
723 2769 839 2814 servus
848 2767 1020 2814 servorum
1031 2751 1102 2824 Dei,

312 2851 432 2916 dilecto
448 2851 516 2922 illio
532 2851 635 2911 nobili
651 2851 723 2912 viro
739 2849 887 2911 Waltero
902 2849 1015 2911 comiti
1030 2851 1106 2910 Cro-

312 2949 456 3021 tonensi,
469 2949 626 3025 magistro
641 2949 737 3024 regni
748 2950 766 3010 J
770 2947 946 3020 ustitiario,
964 2946 1104 3009 salutem

313 3049 347 3108 et
360 3046 574 3122 apostolicam
589 3045 865 3106 benedictionem.

354 3145 433 3205 Cum
450 3159 517 3204 non
532 3142 660 3205 dubites
674 3142 713 3204 de
728 3141 816 3204 beati
833 3137 920 3204 Petri
942 3141 1104 3220 patrimo·

312 3238 369 3302 nio
390 3240 557 3302 civitatem
575 3239 719 3302 existere
740 3239 925 3312 Reatinam,
947 3237 1006 3300 vix
1027 3255 1104 3299 cre·

313 3332 392 3398 dero
407 3337 574 3414 potuimus
584 3336 670 3413 quod
683 3337 718 3398 tu
734 3335 899 3397 hostiliter
909 3335 1003 3408 velis,
1019 3335 1106 3396 sicut

312 3431 454 3494 relatum
467 3434 517 3495 est
527 3433 633 3504 nobis,
647 3433 826 3510 procedere
840 3432 955 3494 contra
968 3449 1052 3505 eam,
1069 3432 1105 3492 in

314 3546 379 3610 quo
403 3547 470 3591 non
493 3530 620 3591 tantum
641 3529 809 3591 civitatem
832 3529 980 3592 eamdem
999 3545 1106 3606 quan-

312 3629 383 3690 tum
403 3627 585 3690 Ecclesiam
607 3629 790 3690 Romanam
810 3625 1007 3698 offenderes,
1031 3642 1104 3704 quae

313 3725 354 3786 ad
368 3725 536 3788 civitatem
548 3723 653 3800 ipsam
667 3741 763 3786 suum
775 3724 953 3801 specialius
966 3723 1106 3784 inclinat

313 3825 479 3896 affectum,
503 3826 537 3885 et
557 3839 631 3884 eam
655 3823 743 3884 inter
771 3838 849 3882 suos
873 3822 997 3882 arctius
1016 3820 1106 3883 tenet

312 3922 495 3998 amplexus.
514 3921 674 3992 Quocirca
697 3919 929 3980 discretionem
943 3920 1032 3981 tuam
1049 3933 1106 3978 ro-

313 4018 455 4098 gandam
470 4018 624 4078 duximus
645 4019 677 4079 et
697 4015 904 4088 hortandam,
921 4032 981 4092 per
999 4019 1106 4092 Apos-

312 4115 412 4178 tolica
423 4114 481 4177 tibi
493 4115 615 4191 scripta
627 4114 834 4182 mandantes,
847 4115 1009 4200 quatenus
1020 4113 1106 4173 sicut

313 4228 425 4274 coram
449 4211 551 4272 habes
575 4211 716 4288 gratiam
740 4211 938 4287 apostolicae
960 4209 1054 4270 Sedis
1073 4211 1106 4271 et

312 4311 472 4378 nostram,
493 4308 534 4370 ab
548 4309 637 4369 omni
653 4308 797 4369 civitatis
815 4308 922 4384 ipsius
937 4308 970 4368 et
982 4307 1104 4368 civium

313 4423 448 4468 suorum
468 4403 671 4482 gravamine,
689 4405 775 4481 quod
800 4405 964 4482 patienter
976 4420 996 4464 a
1009 4403 1104 4465 nobis

312 4503 541 4567 sustinendum
561 4519 628 4564 non
650 4503 746 4573 esset,
772 4502 903 4579 penitus
926 4501 1105 4578 conquies-

313 4618 381 4666 cas.
403 4601 515 4663 Parati
530 4599 653 4662 etenim
672 4615 786 4660 sumus
801 4599 940 4676 justitiae
960 4599 1106 4676 plenitu-

313 4696 1105 4773 diuemexhibereprohis,quaetuetaliicontra

233 4873 237 4880 .
313 4795 481 4857 civitatem
509 4793 691 4856 habueritis
719 4793 955 4870 supradictam.
986 4795 1104 4854 Datum

312 4891 486 4964 Laterani,
514 4893 557 4952 Vl
588 4889 748 4952 kalendas
767 4889 866 4968 julii,
894 4890 1104 4969 pontificatus

312 4989 419 5054 nostri
438 5005 526 5053 anno
541 4988 667 5066 quinto.

874 247 882 278 ¹
933 315 1107 378 hohoah
1120 315 1175 378 ἸΙΙ
1193 314 1343 380 OPERA

1895 321 1946 382 aec

1443 485 1674 574 ccccxlii

1160 627 1213 687 Aa
1226 627 1561 702 archipresbyterum
1572 633 1610 690 F.
1623 630 1657 692 et
1670 633 1736 690 lut.
1750 631 1945 692 carzorttcaat

1434 725 1679 788 Pistoricascs.

1452 847 1487 904 ab
1496 843 1569 920 junii
1583 847 1661 904 liat.

1243 957 1334 1022 [uni.
1348 959 1463 1010 mdeste
1475 961 1629 1012 Florentino
1640 975 1721 1020 man„
1733 962 1776 1022 111,
1790 963 1875 1028 tata]

1161 1063 1276 1122 Mandat
1294 1073 1327 1122 ut
1343 1081 1461 1124 causam
1479 1067 1515 1126 de
1534 1066 1598 1141 lure
1619 1068 1775 1141 parochiali
1795 1077 1946 1144 unientem

1194 1153 1269 1210 iuter
1292 1153 1444 1226 plebanum
1462 1165 1491 1213 et
1512 1157 1666 1228 capitulum
1686 1158 1815 1216 ecclesias
1837 1159 1866 1216 S.
1891 1160 1944 1216 Ste-

1196 1239 1284 1313 phani
1298 1255 1334 1298 ex
1346 1257 1402 1300 una
1418 1252 1497 1316 parte
1512 1253 1541 1301 et
1556 1245 1679 1316 priorem
1693 1247 1789 1306 Sancti
1800 1248 1904 1306 bonati
1916 1263 1947 1306 ex

1195 1331 1283 1388 altera
1297 1330 1332 1388 ad
1347 1331 1432 1388 tinem
1450 1332 1614 1404 perducant.

1200 1457 1870 1535 Honoriusepiscopus,servusservorum
1881 1461 1944 1534 Dei,

1161 1551 1289 1616 dilectis
1306 1552 1383 1614 illlis
1399 1554 1698 1633 archipresbytero,
1715 1559 1752 1618 S.
1766 1558 1838 1620 etJ.
1857 1573 1949 1620 cano

1161 1649 1245 1710 nicis
1258 1651 1528 1724 Pistoriensibus‚
1542 1654 1683 1716 salutem
1696 1657 1758 1716 etc.

1202 1749 1268 1808 Sua
1292 1748 1387 1809 uobis
1407 1749 1518 1810 dilecti
1538 1749 1599 1810 illii
1617 1751 1789 1826 plebanus,
1805 1753 1839 1814 et
1859 1752 1948 1829 capi-

1159 1844 1266 1905 tulum
1290 1844 1440 1906 ecclesiae
1466 1846 1578 1907 Sancti
1606 1847 1764 1924 Stephani
1793 1849 1948 1925 petitione

1161 1943 1396 2014 monstrarunt,
1414 1944 1500 2020 quod
1516 1959 1589 2004 cum
1605 1959 1739 2006 causam
1759 1945 1847 2008 inter
1862 1947 1947 2023 ipsos

1160 2053 1202 2099 ex
1213 2055 1279 2099 una
1294 2041 1397 2116 parte,
1412 2041 1444 2100 et
1455 2041 1600 2116 priorem
1614 2025 1727 2103 Sancti
1739 2043 1870 2114 Donati,
1883 2045 1948 2104 Flo-

1160 2137 1244 2197 rent.
1263 2135 1416 2197 dioecesis
1437 2153 1479 2197 ex
1499 2137 1615 2208 altera,
1639 2154 1739 2214 super
1753 2141 1830 2215 jnre
1850 2155 1947 2216 paro-

1161 2232 1262 2294 chiali
1287 2233 1436 2294 ecclesiae
1463 2235 1662 2310 supradictae
1689 2251 1728 2296 ac
1751 2236 1850 2298 rebus
1876 2238 1947 2297 aliis

1160 2331 1355 2402 vertentem,
1372 2331 1465 2391 vobis
1480 2332 1743 2392 commiserimus
1762 2334 1946 2394 terminan-

1161 2426 1247 2498 dam,
1263 2443 1323 2488 vos
1344 2427 1379 2488 in
1397 2443 1498 2488 causa
1514 2428 1586 2506 ipsa
1600 2431 1670 2506 jam
1684 2429 1798 2506 elapso
1817 2429 1947 2492 biennio

1161 2524 1338 2599 procedere
1354 2524 1513 2586 hactenus
1530 2541 1595 2586 non
1611 2529 1764 2589 curastis.
1787 2529 1836 2588 Ne
1851 2529 1949 2602 igitur
1966 2551 1971 2562 ·

1161 2621 1368 2696 prorogando
1400 2622 1565 2698 judicium
1598 2595 1738 2700 jusuu‘ae
1769 2624 1945 2700 derogeris,

1161 2717 1353 2778 discretioni
1364 2719 1482 2780 vestrae
1498 2735 1557 2796 per
1571 2719 1692 2782 iterata
1703 2721 1825 2798 scripta
1838 2721 1949 2796 praeci·

1160 2815 1840 2893 piendomandamus,quatenusineadem
1849 2833 1948 2878 causa

1155 2912 1253 2987 juxta
1272 2911 1418 2988 priorum
1434 2913 1620 2974 litterarum
1638 2913 1875 2975 continentiam
1890 2929 1947 2975 ra·

1159 3007 1249 3070 tione
1269 3009 1393 3086 praevia
1418 3009 1490 3070 sine
1517 3025 1618 3072 morae
1643 3009 1816 3086 dispendio
1831 3011 1946 3088 proce-

1160 3105 1256 3166 datis.
1285 3109 1402 3167 Datum
1421 3105 1587 3178 Laterani,
1613 3109 1657 3168 Vl
1684 3107 1844 3170 kalendas
1860 3107 1946 3186 julii,

1160 3203 1370 3279 pontificatus
1383 3203 1489 3264 nostri
1502 3219 1589 3266 anuo
1603 3203 1729 3282 quinto.

1430 3426 1681 3514 dcccxliii

1180 3569 1232 3628 Ad
1252 3569 1447 3630 conradum
1470 3572 1682 3644 capadocum
1706 3570 1741 3631 et
1761 3571 1929 3648 pender-

1418 3665 1564 3726 ruram
1576 3679 1690 3726 aarum.

1458 3787 1476 3843 a
1492 3785 1554 3859 J'ulii
1571 3787 1651 3844 tait.

1199 3899 1321 3965 [Regast.,
1333 3897 1378 3950 lib.
1389 3897 1420 3960 V,
1431 3899 1504 3965 epist.
1512 3897 1566 3950 3t5.
1576 3901 1632 3951 tiss.
1641 3900 1678 3951 La
1687 3901 1805 3952 Portedu
1816 3899 1905 3966 ruah]

1160 4006 1278 4064 Metensi
1292 4007 1426 4079 episcopo
1447 4013 1561 4078 propter
1576 4005 1744 4064 tractionem
1762 4007 1838 4066 tihiae
1851 4005 1944 4064 morbo

1194 4093 1333 4152 laboranti
1355 4092 1520 4151 dilationem
1542 4093 1600 4151 voti
1624 4095 1653 4150 iu
1677 4097 1794 4154 Terram
1817 4095 1944 4154 Sanctam

1194 4179 1333 4254 indulget.

1199 4299 1378 4370 Honorius
1391 4299 1465 4370 ete,
1483 4289 1685 4362 dilectolllio
1696 4299 1856 4378 magistro
1869 4301 1944 4360 Cou-

1160 4393 1240 4456 rado
1256 4395 1427 4472 capellano
1441 4398 1474 4458 et
1490 4383 1736 4474 poenitentiario
1755 4401 1877 4470 nostro,
1890 4411 1943 4457 sa·

1160 4493 1348 4565 laterneto.

1198 4589 1393 4651 Audivimus
1419 4589 1505 4666 quod
1525 4589 1727 4652 venerabilis
1750 4591 1852 4654 irater
1871 4605 1942 4652 uos-

1159 4689 1246 4748 ter...
1275 4685 1434 4747 Maiensis
1454 4685 1641 4764 episcopus,
1658 4687 1843 4766 imperialis
1863 4684 1941 4748 aulae

1160 4781 1391 4854 cancellarius,
1402 4783 1597 4846 tractionem
1607 4784 1698 4847 tibiae
1712 4785 1865 4862 patiatur,
1876 4797 1943 4862 pro-

1159 4882 1232 4958 pter
1246 4879 1332 4960 quod
1346 4881 1397 4941 sui
1412 4881 1481 4944 voti
1496 4881 1647 4944 executio
1658 4879 1851 4960 impeditum
1867 4895 1942 4958 quo-

1160 4977 1248 5042 circa
1263 4977 1457 5039 discretioni
1468 4979 1535 5040 tuae
1551 4993 1612 5054 per
1625 4979 1815 5056 apostolica
1827 4977 1940 5052 scripta

1159 5075 1368 5146 mandamus,
1395 5073 1558 5152 quatenus
1588 5076 1729 5140 veritate
1759 5092 1858 5154 super
1882 5073 1939 5134 hoc

1159 5171 1351 5248 diligentius
1374 5171 1544 5250 inquisita,
1566 5171 1593 5232 si
1618 5188 1689 5234 rem
1710 5173 1874 5236 inveneris
1892 5169 1938 5230 ita

1159 5284 1243 5340 esse,
1260 5268 1452 5330 dilationem
1468 5268 1531 5330 sibi
1547 5265 1587 5330 ad
1604 5270 1656 5329 sui
1679 5271 1747 5332 voti
1769 5282 1939 5347 praesump-

1158 5366 1282 5427 tionem
1302 5381 1407 5442 usque
1426 5365 1467 5425 ad
1487 5365 1577 5426 aliud
1593 5367 1785 5443 passagium
1799 5361 1936 5427 auctori-

1158 5463 1225 5524 tate
1260 5465 1374 5524 nostra
1413 5460 1587 5524 concedas.
1624 5463 1744 5525 Datum
1777 5458 1934 5528 Laterani,

1159 5563 1186 5622 V
1200 5575 1305 5622 nonas
1312 5559 1401 5636 pulli,
1411 5559 1593 5636 pontificat.
1603 5561 1708 5622 nostri
1723 5575 1809 5621 anno
1821 5555 1934 5636 quinto.
