4090 6316
122 367 174 428 lea
725 368 953 430 El’ls't'ouAE.
978 371 1053 433 ΜΒ.
1081 371 1134 430 111.
1703 373 1760 432 170

120 527 257 588 ecclesie
280 525 396 586 Sancti
411 525 513 597 Petri,
530 525 714 604 Leopardo,
736 527 904 598 Obertino,
962 543 1075 590 eorum
1088 529 1306 605 pertinentiis,
1324 532 1429 606 posita
1444 532 1478 591 in
1489 532 1645 594 comitatu
1661 534 1759 604 Atini·

119 629 151 686 et
162 624 460 700 Ubertogermanis,
470 623 611 686 Andreae
626 625 660 686 et
672 627 769 688 Petro
778 639 907 701 gemna-
962 641 1059 686 mane
1069 627 1154 701 juris
1167 631 1290 689 sanctae
1305 631 1473 699 Romanae,
1487 629 1759 692 cuibeoauctore

118 723 185 793 uis,
213 721 384 798 ltaynaldo
407 723 442 782 et
472 721 599 797 angelo
634 722 778 783 dominis
804 723 905 784 castri
961 721 1177 792 deservimus,
1198 725 1365 786 Ecclesiae.
1392 728 1461 786 Nos
1481 727 1592 802 itaque
1606 727 1759 788 inclinati

117 820 230 881 montis
256 819 371 880 Sancti
397 819 487 880 Petri
515 835 696 896 eorumque
718 819 905 880 haeredibus
960 820 1114 895 precibus
1139 821 1259 882 vestris
1296 838 1355 898 per
1387 823 1576 898 hujusmodi
1602 825 1758 901 praecepti

117 917 264 978 Ecclesiae
279 915 613 987 aomanaendelihus,
630 917 782 987 salutem,
798 919 862 978 etc.
960 915 1079 974 seriem
1101 915 1307 977 nominatum
1333 917 1474 980 fundum
1495 919 1704 980 catinianum
1723 919 1757 980 in

157 1016 367 1075 sacrosancta
387 1016 536 1075 Romana
557 1015 717 1084 Ecclesia,
747 1015 800 1076 cui
828 1015 905 1075 licet
960 1011 1135 1088 integrum,
1152 1013 1188 1073 in
1202 1029 1266 1090 quo
1277 1016 1327 1076 est
1341 1016 1522 1076 oratorium
1542 1017 1653 1076 Sancti
1668 1017 1758 1078 Petri

117 1112 275 1182 immeriti,
292 1113 428 1172 auctore
439 1112 588 1182 Domino,
605 1112 830 1188 praesidemus,
852 1112 905 1173 de-
959 1112 992 1172 et
1005 1111 1177 1171 castellum
1192 1112 1352 1173 novitera
1365 1113 1458 1174 vobis
1474 1115 1711 1186 constructum,
1726 1117 1759 1176 et

115 1209 272 1270 rodonem
295 1209 441 1270 fidelium
467 1225 603 1270 suorum
617 1213 650 1271 et
670 1209 813 1286 benigne
828 1225 903 1270 am·
959 1208 1214 1269 totamrestram
1230 1210 1416 1284 portionem
1428 1210 1577 1274 delundo
1595 1212 1755 1287 Pupieno,

115 1307 272 1384 plectitur,
289 1307 323 1366 et
332 1321 405 1366 eam
421 1305 530 1380 dignis
541 1307 734 1368 meritorum
747 1307 902 1383 praemiis,
960 1307 1110 1381 utsupra
1126 1305 1257 1381 legitur,
1274 1323 1293 1368 a
1315 1309 1470 1384 praesenti
1485 1308 1667 1371 indictione
1682 1309 1757 1370 die·-

115 1406 150 1465 ut
169 1404 206 1464 de
232 1404 286 1466 die
306 1403 341 1463 in
354 1404 441 1464 diem
457 1406 585 1466 crescat
599 1421 634 1465 m
650 1404 768 1466 melius
784 1406 904 1480 optatis
959 1400 1020 1462 bus
1036 1403 1112 1464 vitae
1128 1407 1247 1465 vestrae
1260 1404 1354 1465 vohis
1378 1405 1590 1466 concedimus
1606 1406 1758 1468 detinen-

113 1501 333 1572 incrementis,
357 1501 490 1563 attollit
518 1503 710 1578 Eapropter,
739 1501 851 1564 dilecti
869 1502 905 1561 in
960 1497 1036 1560 dum
1052 1521 1059 1559 :
1076 1500 1122 1562 ita
1133 1516 1214 1562 sane
1228 1507 1263 1563 ut
1275 1517 1296 1563 a
1307 1502 1401 1563 vobis
1416 1503 1556 1578 singuiis
1572 1503 1756 1580 quibusque

114 1598 246 1660 mnino
270 1597 349 1669 dlii,
363 1599 484 1660 reseis
506 1598 607 1675 justis
627 1598 904 1676 postulationibus
960 1595 1197 1658 indictionibus
1222 1599 1391 1675 pensionis
1416 1600 1550 1662 nomine
1572 1601 1756 1662 rationibus

112 1697 201 1771 grato
228 1697 467 1758 concurrentes
494 1710 646 1766 assensu,
670 1695 711 1758 ad
735 1696 906 1772 exemplar
960 1692 1208 1767 ecclesiasticis,
1225 1695 1398 1757 duodecim
1412 1697 1540 1758 denarii
1563 1699 1756 1774 papienses,

112 1793 214 1855 felicis
235 1793 476 1856 recordationis
492 1793 649 1854 Celestini
668 1797 700 1855 et
720 1793 905 1854 innocentii
960 1789 1154 1854 difficultate
1169 1795 1362 1870 postposita,
1379 1793 1622 1870 persolvantur,
1643 1794 1757 1856 nulla-

111 1893 331 1952 aomanorum
371 1891 581 1968 pontificum,
620 1891 905 1968 praedecessorum
961 1903 1023 1964 que
1038 1888 1079 1949 ad
1095 1889 1236 1950 dandam
1260 1906 1405 1952 annuam
1419 1893 1612 1968 pensionem
1629 1909 1648 1953 a
1664 1892 1758 1957 vobis

110 1991 305 2060 nostmrum,
318 1989 541 2062 donationem,
557 2006 655 2066 quam
667 1988 774 2050 felicis
787 2004 904 2050 recor·
960 2001 1053 2046 mora
1068 1987 1253 2062 proveniat,
1265 1988 1321 2048 sed
1332 1990 1419 2052 ultro
1432 1989 1627 2051 actionariis
1635 1993 1758 2052 sanotae

109 2086 249 2148 dationis
264 2086 461 2148 Benedictus
476 2103 573 2164 papa,
585 2087 810 2164 praedecessor
825 2103 906 2148 nos-
961 2085 1081 2144 nostrae
1102 2085 1253 2146 ecclesiae
1275 2087 1354 2162 apto
1373 2088 1522 2164 tempore
1538 2087 1756 2163 persolvatur.

109 2187 168 2254 ter,
184 2185 225 2246 de
239 2185 482 2246 castroldontis
495 2169 607 2246 Sancti
621 2185 711 2246 Petri
725 2185 906 2261 praedeces·
960 2181 1025 2240 Vos
1047 2183 1169 2249 autem,
1193 2183 1264 2244 sive
1289 2183 1346 2260 qui
1370 2183 1549 2260 praesentes
1574 2185 1665 2256 estis,
1687 2185 1757 2244 slve

109 2282 236 2342 soribus
251 2282 372 2344 restris
389 2282 508 2344 iecisse
530 2282 736 2358 dignoscitur
746 2282 904 2344 ildelitate
960 2276 1061 2338 t'uturi
1074 2281 1141 2338 iarn
1158 2277 1219 2340 tilii
1234 2295 1332 2356 quam
1349 2283 1485 2356 nepotes
1500 2281 1619 2352 rastri,
1648 2281 1758 2342 tideli-

109 2382 238 2455 recepta
260 2396 281 2441 a
305 2379 449 2440 dominis
474 2380 579 2457 ipsius
602 2379 714 2452 castri,
744 2381 799 2456 qui
824 2382 904 2441 tunc
959 2375 1058 2436 tatem
1074 2377 1273 2438 sacramenti
1294 2375 1477 2454 (fidelitatis
1498 2377 1756 2454 sacramentum)

109 2477 264 2554 temporis
287 2480 394 2548 erant,
412 2478 498 2538 sicut
511 2477 545 2538 in
562 2477 736 2553 privilegio
756 2477 903 2553 ejusdem
959 2473 1082 2532 sancta
1090 2473 1247 2534 Romanae
1256 2475 1414 2536 Ecclesiae
1422 2476 1456 2537 et
1466 2474 1561 2536 nobis
1570 2475 1758 2552 nostrisque

108 2577 274 2638 Benedicti
297 2575 553 2652 praedecessoris
575 2575 681 2639 nostri
701 2575 901 2642 continetur,
959 2569 1208 2632 successoribus
1229 2571 1415 2646 praebeatis,
1437 2575 1651 2650 etnunquam
1665 2572 1758 2634 vobis

108 2679 212 2734 ratam
226 2673 385 2736 habemus
401 2676 434 2735 et
450 2689 522 2734 eam
538 2674 740 2740 auctoritate
760 2674 904 2749 Aposto—
958 2666 1011 2730 vel
1044 2667 1292 2728 successoribus
1329 2670 1473 2740 nostris,
1506 2672 1565 2731 ent
1599 2673 1757 2736 Romenae

108 2771 169 2832 lica
184 2771 420 2832 confirmamus
430 2772 463 2832 et
477 2769 779 2847 praesentisscripti
792 2773 905 2847 patro-
959 2764 1115 2827 Ecclesiae
1143 2765 1261 2842 legatis
1284 2766 1558 2842 praenominatum
1583 2768 1756 2828 castellum

107 2869 193 2929 cinio
231 2869 483 2930 communimus,
519 2867 569 2938 Ad
589 2871 756 2944 majorem
793 2869 903 2929 autem
960 2861 1066 2924 saneti
1083 2862 1174 2923 Petri
1196 2863 1424 2924 contradicere
1450 2863 1503 2924 vel
1529 2864 1704 2940 denegare,
1727 2865 1758 2925 si

108 2967 304 3028 evidentiam
333 2965 413 3028 sacti
436 2966 527 3034 illius
546 2965 713 3042 privilegii
740 2967 903 3036 tenorem,
959 2959 1090 3034 (tuendo
1113 2975 1133 3020 a
1159 2959 1251 3021 vobis
1284 2961 1501 3038 requisierint
1526 2977 1585 3038 pro
1613 2963 1756 3024 utilitate

107 3065 188 3126 sicut
215 3064 248 3124 in
276 3064 401 3140 scripto
429 3063 578 3140 praedicti
605 3063 790 3124 iunocentii
810 3079 903 3140 papae
959 3057 1116 3116 Romanae
1152 3057 1320 3126 Ecclesiae,
1357 3059 1578 3134 praesumatis.
1610 3059 1645 3120 Si
1679 3060 1754 3136 quis

107 3161 360 3238 praedecessoris
373 3161 476 3228 nostri
485 3162 685 3234 continetur,
698 3161 737 3222 da
751 3160 850 3222 verbo
861 3161 901 3222 ad
958 3156 1068 3214 autam
1076 3155 1222 3215 vestrum
1238 3169 1288 3225 aa,
1303 3171 1377 3233 que
1399 3155 1564 3226 duximus.
1583 3155 1755 3218 observari

106 3259 238 3320 terbum
254 3259 411 3325 duximus
425 3258 687 3336 exprimendum.
958 3251 1203 3329 contempserit,
1222 3251 1254 3314 et
1269 3268 1335 3315 non
1351 3253 1474 3323 omnia,
1489 3253 1575 3316 sicut
1588 3257 1755 3330 praetaxa-

142 3357 340 3420 Benedictus
369 3358 555 3434 episcopus,
583 3372 700 3418 servus
730 3372 901 3418 servorum
956 3349 1076 3420 timue,
1098 3348 1240 3410 fideliter
1263 3349 1460 3426 impleverit,
1489 3351 1665 3412 statuimus
1686 3351 1757 3412 iore

106 3456 172 3516 Det.
192 3457 273 3517 Anto
288 3457 321 3518 et
334 3454 469 3518 aiberto
485 3470 524 3515 ac
540 3455 700 3516 [tonnano
719 3457 900 3530 germanis,
957 3446 1138 3507 invalidam
1151 3445 1238 3506 banc
1249 3450 1395 3508 nostram
1409 3449 1665 3525 perceptionem.
1677 3451 1756 3511 Post

105 3554 211 3614 Bon...
235 3555 336 3630 atque
359 3553 489 3613 arrisi...
512 3552 692 3628 germanis,
713 3551 847 3614 Albai-to
869 3555 902 3613 ot
956 3547 1193 3606 vestrumvero
1213 3543 1338 3606 obitum
1356 3547 1536 3608 memorata
1552 3546 1663 3606 omnia
1679 3563 1755 3608 cnm

105 3650 901 3726 11130germanis,p0hanntsanationietpagano
957 3642 1027 3702 suis
1041 3641 1194 3702 omnibus
1209 3642 1496 3704 meliorationibus
1507 3642 1614 3720 adjus
1629 3648 1753 3705 sancta

105 3749 171 3810 sire
186 3749 336 3810 Bonanto
353 3748 534 3824 germanis,
557 3747 743 3825 vestrisque
766 3747 845 3808 tiliis
862 3764 901 3809 ac
956 3741 1090 3811 nostrae,
1106 3741 1199 3815 cuius
1211 3739 1261 3800 Osi
1273 3740 1469 3816 immittitis,
1482 3741 1633 3802 ecclesie
1647 3741 1753 3802 modis

105 3845 275 3922 nepotibus
300 3845 469 3906 masculis.
499 3846 656 3918 Quotiens
680 3861 700 3906 a
730 3845 824 3914 nobis
842 3845 900 3914 illa
957 3837 1363 3898 omnibnsrestaurentnr·

105 3943 203 4006 uibui
222 3944 410 4021 sperantur,
427 3959 500 4020 quae
523 3943 645 4006 rationi
670 3944 902 4010 incunctanter
998 3934 1162 4011 Scriptum
1176 3948 1235 4010 per
1249 3950 1383 3996 manum
1397 3934 1570 3996 Octaviani
1584 3935 1752 3998 scriniarii

105 4041 313 4110 conveniunt,
334 4040 446 4102 animo
465 4057 525 4102 nos
541 4040 635 4102 decet
649 4040 768 4103 libenti
780 4057 901 4102 conce·
957 4034 989 4094 et
1003 4032 1124 4093 notarii
1142 4036 1265 4092 sanctae
1279 4034 1436 4098 nomana
1452 4032 1620 4104 ecclesiae,
1638 4032 1749 4094 indic·

105 4137 191 4211 dere,
205 4141 238 4202 et
252 4140 434 4216 petentium
446 4138 630 4200 desideriis.
644 4155 826 4216 congruum
838 4141 903 4200 im·
956 4131 1047 4192 tione
1062 4131 1117 4190 XI·
1132 4129 1341 4192 Benelalete·

105 4237 217 4311 partiri
229 4237 427 4312 suffragium
443 4238 561 4314 :atque
571 4237 646 4303 ideo
655 4239 745 4314 juste
758 4239 791 4298 et
803 4237 902 4300 ratio·
996 4228 1113 4290 Datum
1127 4226 1281 4290 Laterani
1294 4228 1352 4289 Vll
1363 4225 1524 4291 kalendas
1544 4227 1660 4304 altilis
1676 4241 1754 4306 90¹¹·

105 4334 258 4396 nnnntar
283 4334 449 4411 persensa
471 4334 577 4404 nonis,
606 4337 642 4395 ut
667 4335 900 4411 perpraeceps
956 4325 1101 4386 lineatus
1117 4324 1221 4386 nostri
1237 4339 1325 4386 anno
1340 4324 1449 4384 tertio·

105 4433 267 4507 paginam,
285 4447 360 4509 quae
375 4433 451 4492 ante
466 4431 667 4503 detinuistis,
679 4431 778 4494 vobis
788 4449 902 4494 conce-

105 4528 253 4590 deremus
268 4531 369 4606 atque
381 4528 664 4602 confirmaremus,
682 4528 816 4590 fundum
834 4529 901 4590 sci·
1308 4481 1403 4569 CLX

104 4624 178 4688 licet
188 4627 397 4696 (latinianum
413 4625 590 4702 integrum,
607 4626 643 4686 in
656 4643 720 4704 quo
733 4628 783 4688 est
795 4629 901 4689 orato·
1246 4609 1298 4668 Ad
1313 4611 1459 4669 eosdem.

105 4723 186 4784 rium
211 4724 326 4788 Sancti
354 4723 444 4786 Petri
475 4726 508 4785 et
525 4723 698 4786 castellum
728 4725 857 4785 noviter
880 4740 899 4784 a
1234 4721 1474 4779 annurtiant

105 4821 431 4884 robiaconstructum
446 4838 454 4876 τ
470 4837 490 4882 a
505 4823 600 4897 crpus
615 4821 719 4883 latere
732 4821 838 4897 primo
852 4824 901 4883 est
978 4828 1108 4892 [ananan
1119 4827 1182 4878 ooo.
1196 4825 1258 4892 dipl.
1271 4826 1380 4878 dominii
1390 4828 1546 4892 temporalis,
1559 4828 1578 4886 ι,
1590 4827 1631 4886 co,
1641 4829 1724 4892 nra]

106 4919 153 4979 ria
175 4919 352 4982 sinistrae
380 4917 463 4994 pede
489 4918 689 4991 Montioelli,
715 4935 788 4996 quae
810 4919 901 4982 vadit
957 4927 1081 4994 iliadem,
1095 4932 1235 4984 utcontra
1250 4926 1464 4984 molestationes
1479 4926 1508 4982 in
1523 4941 1576 4984 suo
1592 4925 1753 5001 leudopos·

105 5017 255 5093 usquead
273 5016 559 5089 Petramsiccam3
588 5031 607 5077 a
632 5016 777 5080 seeundo
796 5015 900 5078 latere
990 5015 1110 5072 sidendo
1122 5015 1421 5088 coramepiscopevel
1434 5023 1574 5088 potestate
1586 5018 1753 5078 auximanis

106 5114 164 5186 ria,
178 5131 253 5193 quae
268 5113 514 5186 taditsursum,
533 5116 566 5176 et
580 5116 696 5190 postea
710 5114 833 5189 accipit
853 5115 901 5174 si·
991 5119 1078 5178 teeti}
1093 5104 1212 5177 lt⁰⁸⁸i¹¹b

107 5211 237 5273 nistram
253 5211 354 5283 riam,
366 5227 439 5289 quae
450 5213 678 5288 portatusque
688 5211 730 5271 ad
742 5227 900 5272 cacumen
995 5214 1173 5284 Honorius,
1191 5214 1265 5280 etc..
1283 5211 1413 5273 dilectis
1436 5212 1550 5274 liliis...
1573 5213 1677 5287 priori
1697 5229 1754 5276 ec-

106 5311 284 5382 montium,
323 5310 358 5370 in
399 5325 463 5386 quo
492 5311 544 5374 est
575 5309 758 5370 oratorium
786 5310 900 5370 Sancti
956 5312 1066 5371 ctesias
1096 5309 1209 5371 Sancti
1236 5309 1341 5381 Petri,
1375 5309 1531 5378 lobanni,
1569 5311 1751 5386 leopardo,

107 5407 188 5468 Petri
204 5429 212 5468 :
230 5413 263 5468 et
288 5406 409 5472 omnia.
429 5405 516 5476 inira
542 5406 606 5467 ista
635 5405 739 5468 latera
764 5405 900 5468 concedi
956 5408 1112 5470 libertino
1140 5411 1173 5470 et
1196 5406 1344 5468 Huberto
1365 5405 1544 5482 germanis,
1563 5407 1704 5470 Andreae
1722 5414 1755 5472 et

106 5504 192 5566 tobis
216 5505 410 5582 postulastis
424 5504 460 5565 in
480 5505 657 5580 integrum,
673 5507 774 5581 atque
798 5504 900 5566 totam
956 5509 1054 5568 Petro
1070 5505 1249 5580 germanis,
1270 5503 1443 5581 Raynaldo
1459 5505 1492 5564 et
1506 5506 1633 5580 angelo
1648 5507 1756 5570 donti-

107 5605 291 5676 portionem.
301 5605 444 5666 vestram
466 5602 507 5664 de
530 5601 632 5666 tundo
655 5603 805 5678 Pupiano
825 5618 899 5663 cum
958 5604 1010 5666 nis
1026 5604 1126 5665 castri
1140 5603 1262 5664 montis
1278 5601 1391 5664 Sancti
1408 5601 1509 5672 Petri,
1520 5603 1673 5672 salutern,
1690 5609 1752 5668 etc.

108 5703 225 5764 rotonis
249 5703 283 5762 et
314 5699 541 5777 pensionibus,
579 5701 611 5762 et
640 5717 720 5769 curn
748 5700 900 5764 omnibus
968 5749 971 5756 .
1000 5700 1270 5777 Signidcuntibus
1291 5700 1384 5768 uobis
1402 5699 1442 5766 ad
1456 5701 1660 5768 audientiam
1673 5720 1755 5770 nos-
