3952 6350
284 351 344 414 699

283 506 529 572 venerabilibus
560 506 717 570 fratribus
752 505 1011 582 archiepiscopis
1044 505 1077 568 et

285 607 449 684 episcopis
463 607 495 668 et
514 605 642 666 dilectis
658 604 736 665 tiliis
756 601 930 664 abbatibus
948 604 981 664 et
999 602 1075 664 aliis

285 704 500 765 ecclesiarum
520 702 679 779 praelatls,
696 702 737 762 ad
760 716 843 777 quos
864 685 984 762 litterae
1004 700 1076 760 istae

285 799 506 876 pervenerint,
528 798 721 860 salutemet
742 797 956 874 apostolicam
974 796 1077 857 bene·

284 894 473 956 dictIonem.

323 991 548 1063 Attendentes,
563 1007 660 1068 quam
674 990 790 1052 devote
805 989 917 1051 dilecti
933 989 992 1049 dlii
1009 989 1078 1050 fra-

282 1089 350 1150 tres
366 1089 546 1165 Hospitalis
573 1091 703 1150 Sanctae
724 1088 838 1148 blariae
855 1087 1078 1148 Tbeutonieu-

282 1203 355 1247 rum
379 1186 685 1262 Hierosolymitani,
714 1185 853 1246 Domino
879 1183 1075 1259 inspirante,

282 1281 455 1346 intendant
469 1283 625 1360 operibus
641 1283 772 1360 pietatIs
784 1284 817 1342 et
828 1297 927 1357 quam
945 1281 1078 1342 ferven-

282 1382 334 1442 ter
348 1397 384 1442 se
396 1380 429 1442 et
443 1396 503 1440 sua
521 1380 727 1440 infirmorum
740 1394 922 1455 pauperum
939 1393 1077 1454 suscep-

194 1547 196 1554 ,
282 1477 366 1540 tioni
381 1481 415 1538 et
430 1477 664 1538 sustentationi
678 1477 857 1552 exponant,
870 1476 1006 1551 paterna
1021 1490 1077 1536 eos

283 1575 458 1637 affectione
474 1574 654 1650 diligimus,
665 1574 698 1635 et
713 1573 898 1650 petitiones,
910 1572 944 1632 in
959 1572 1077 1650 quibus

284 1688 359 1734 cum
377 1672 508 1749 justitia
528 1686 714 1748 possumus,
731 1669 910 1732 clementer
931 1669 1078 1730 admitti-

283 1785 356 1830 mus
378 1769 410 1832 et
435 1768 637 1846 profectibus
661 1769 809 1844 ipsorum
835 1768 869 1828 et
897 1767 1076 1827 commodIs

283 1881 415 1944 pervus
432 1867 465 1928 et
484 1882 543 1942 per
557 1865 642 1926 alios
664 1865 844 1926 efficaciter
867 1863 1024 1926 debemus
1045 1865 1078 1924 et

283 1964 436 2026 volumus
459 1963 645 2024 imminere.
664 1964 846 2040 Hapropter
868 1961 1077 2022 universitati

283 2061 403 2122 vestrae
425 2076 485 2136 per
507 2060 696 2137 Apostolica
718 2061 841 2136 scripta
869 2058 1074 2130 mandamus,

282 2158 380 2236 atque
392 2158 613 2234 praecipimus
625 2157 787 2234 quatenus
803 2155 990 2232 privilegia
1004 2171 1077 2232 quae

283 2255 441 2316 fratribus
461 2255 555 2331 ipsis
568 2253 691 2315 intuiiu
710 2253 842 2329 pietatis
865 2252 1075 2324 indulsimus,

283 2368 358 2414 cum
372 2351 466 2413 vobIs
482 2351 630 2414 exhibita
646 2350 780 2419 fuerint,
798 2349 974 2424 diligenter
991 2349 1078 2425 lega-

282 2449 337 2522 tie,
357 2448 499 2510 fideliter
513 2449 687 2525 exponatis
707 2449 739 2509 et
758 2447 996 2509 iuviolabiliter
1018 2462 1076 2508 re-

285 2547 373 2608 moto
386 2545 619 2623 appellationis
630 2544 767 2621 diffugio
779 2545 908 2606 faciatis
924 2545 964 2606 ab
976 2543 1079 2604 omni·

284 2643 358 2715 bus,
374 2643 582 2721 quantumin
597 2640 691 2704 vobis
706 2642 815 2711 fuerit,
833 2641 1014 2712 observari,
1031 2641 1076 2702 ita

286 2739 372 2818 quod
396 2740 496 2802 iidem
522 2739 642 2800 fratres
662 2739 702 2800 de
726 2739 869 2816 acceptis
893 2738 1077 2816 privilegiis

285 2837 427 2899 fructum
450 2837 621 2899 obtineant
638 2838 670 2898 et
685 2853 743 2897 vos
763 2851 946 2914 pauperum
962 2850 1078 2896 neces-

286 2935 438 2998 sitatibus
460 2935 602 3012 compati
617 2933 797 2996 videamini
812 2935 845 2996 et
859 2949 974 2994 eorum
993 2932 1078 2994 velle

286 3031 484 3093 utilitatibus
495 3034 629 3108 propter
637 3033 739 3092 Deum
751 3031 878 3092 utiliter
888 3030 1075 3090 subvenire.

284 3129 403 3190 Datum
417 3129 583 3200 Laterani,
596 3144 702 3188 nonas
718 3127 888 3199 februarii,
904 3125 1078 3204 pontifica-

285 3229 338 3286 tus
353 3226 459 3287 nostri
474 3241 560 3286 auno
579 3225 704 3304 quinto.

569 3410 794 3497 CCXLVIII

285 3555 337 3614 Act
355 3551 564 3628 mapotrum
580 3554 614 3612 d.
631 3553 759 3612 Murice
780 3551 1075 3612 Tbeutoutcorum.

576 3673 595 3728 11
614 3671 684 3729 febr.
702 3672 780 3729 aral.

476 3784 612 3850 [suanm
628 3785 799 3844 111011.
814 3783 882 3851 011]

281 3891 415 3953 Concedit
426 3891 519 3952 ordini
530 3893 705 3950 'theutonico
717 3893 881 3951 vacantium
892 3893 1076 3950 ecelesiarum

452 3997 502 4054 per
516 3982 620 4054 viginti
634 3981 695 4038 dies
711 3981 909 4038 retentionem.

321 4099 488 4160 Honorius
500 4098 684 4175 episcopus,
697 4113 814 4158 servus
823 4113 994 4158 servorum
1005 4098 1074 4169 Dei,

283 4195 413 4258 dilectIs
424 4196 502 4256 filiis
513 4195 671 4270 magistro
685 4195 717 4255 et
728 4193 885 4254 fratribus
897 4195 1076 4269 Hospitalis

283 4297 414 4355 Sanotae
434 4293 550 4353 Mariae
572 4291 851 4352 Tbeutonicorum
880 4291 1076 4368 Hierosoly-

281 4391 410 4462 mitani,
439 4390 581 4462 salutem
613 4390 645 4450 et
672 4387 891 4466 apostolicam
918 4387 1076 4450 benedic-

281 4489 418 4550 tlonem.

321 4584 548 4655 AttendenteS,
566 4600 665 4661 quarn
682 4583 799 4644 devote
814 4583 847 4642 et
864 4581 1077 4642 laudabiliter

282 4680 417 4758 pietatis
450 4680 605 4756 operibus
630 4683 663 4741 et
690 4679 876 4740 defensioni
902 4679 1076 4740 christiani

282 4777 426 4838 nominiS
437 4777 472 4836 11
486 4777 722 4837 transmarinis
736 4776 884 4854 partibus
901 4775 1073 4846 insistatis,

277 4875 377 4952 justIs
391 4873 605 4951 petitionibus
617 4875 736 4935 vestris
745 4873 888 4935 libenter
898 4873 1077 4933 annuimus

280 4971 440 5048 vobisque
455 4973 571 5032 contra
590 4971 755 5032 indebitas
772 4970 953 5037 molestias,
971 4985 1078 5046 quan-

281 5071 351 5131 tum
366 5085 440 5131 cum
453 5071 521 5130 Deo
534 5053 721 5145 possumus,
736 5067 958 5144 providemus.
970 5065 1075 5137 Unde,

281 5166 358 5244 quia
374 5166 415 5226 ad
433 5165 635 5226 audientiam
652 5163 856 5241 apostolatus
876 5165 977 5226 nostri
995 5180 1075 5241 per-

280 5263 382 5335 venit,
400 5263 484 5340 quod
501 5261 736 5323 decedentibus
758 5261 974 5321 ecclesiarum
994 5247 1074 5322 ves-

280 5359 408 5422 trarum
424 5359 620 5430 rectoribus
633 5357 779 5434 episcopi
796 5356 999 5419 etofficiales
1018 5374 1076 5418 eo-

280 5471 354 5516 rum
383 5455 532 5531 ipsarum
560 5470 798 5530 nonnunquam
833 5453 1074 5516 ordinationem

280 5549 439 5614 differunt
464 5553 496 5613 et
519 5551 645 5614 fructus
669 5551 705 5611 in
728 5567 808 5612 usus
837 5551 988 5628 proprios
1015 5567 1074 5628 pro

280 5663 340 5710 sua
353 5647 522 5710 voluntate
538 5648 746 5719 convertunt,
768 5647 964 5710 auctoritate
980 5648 1074 5710 vobis

900 349 1076 440 Honoltll
1099 349 1143 409 III
1164 349 1313 410 OPERA.
1858 354 1911 412 100

1131 505 1348 584 praeseutium
1372 505 1592 582 indulgemus,
1612 507 1659 578 ut,
1680 519 1755 566 cum
1774 505 1910 571 ecclesie

1131 605 1250 666 vestrae
1266 603 1470 674 vacaverint,
1488 604 1587 664 liceat
1604 602 1700 666 vobis
1721 619 1778 664 eas
1792 620 1849 680 per
1861 607 1909 666 vi-

1131 701 1215 776 ginti
1235 699 1356 762 diesin
1378 701 1530 762 manibus
1552 701 1672 762 vestris
1695 701 1910 763 1110001111-

1131 798 1275 859 dictione
1312 797 1430 875 aliqua·
1454 798 1615 870 retinere,
1644 798 1692 860 ita
1720 798 1804 874 quod
1834 799 1909 859 infra

1131 894 1283 956 eumdem
1305 895 1483 956 torminum
1500 910 1520 955 a
1540 895 1634 955 vobis
1658 896 1767 958 rector
1787 895 1910 956 idonens

1132 990 1320 1052 dioecesano
1333 993 1488 1068 episcopo
1502 993 1731 1069 praesentetur.
1744 991 1833 1052 Nulli
1843 1009 1910 1068 ergo

1132 1089 1266 1150 omnino
1281 1089 1408 1150 bomini
1423 1089 1523 1150 liceat
1536 1089 1622 1150 banc
1637 1089 1792 1164 paginam
1803 1093 1911 1150 nostre

1131 1185 1356 1245 concessionis
1372 1183 1566 1259 infringere,
1589 1185 1641 1246 vel
1663 1185 1695 1245 ei
1709 1199 1794 1246 ausu
1816 1187 1910 1245 teme-

1131 1282 1222 1342 rario
1237 1283 1415 1343 contraire.
1443 1283 1572 1358 Siquis
1594 1283 1704 1342 autem
1727 1282 1790 1342 hoc
1813 1285 1910 1344 atten-

1132 1379 1202 1440 tare
1230 1381 1491 1457 praesumpserit,
1522 1379 1784 1455 indignationem
1812 1383 1910 1440 omni-

1131 1476 1274 1554 potentis
1301 1479 1360 1538 Dei
1387 1479 1420 1539 et
1447 1478 1620 1538 beatorum
1651 1477 1741 1538 Petri
1770 1477 1802 1538 et
1827 1479 1910 1537 Pauli

1132 1574 1356 1650 apostolorum
1383 1577 1455 1652 eJus
1482 1591 1517 1635 se
1546 1575 1677 1636 noverit
1699 1575 1907 1635 incursurum.

1132 1671 1249 1731 Datum
1271 1673 1437 1742 Laterani,
1460 1687 1565 1732 nonas
1590 1670 1762 1741 februarii,
1789 1672 1910 1748 pontiti-

1133 1769 1225 1829 catus
1240 1769 1345 1830 nostri
1360 1785 1447 1830 auno
1463 1770 1589 1846 quinto.

1438 1973 1622 2060 GCXLIX

1132 2117 1184 2176 Ad
1197 2116 1478 2190 archepiscopus,
1496 2118 1681 2190 episcopos,
1700 2115 1777 2186 etc„
1792 2115 1825 2179 et
1837 2119 1910 2176 altos

1440 2213 1615 2286 prauam.

1427 2332 1445 2390 5
1465 2331 1534 2391 febr.
1548 2334 1627 2391 litt.

1332 2447 1467 2511 [stanna
1480 2447 1496 2498 r.
1511 2448 1609 2508 1.,000,
1624 2447 1727 2514 1011]

1132 2555 1217 2612 Vetat
1236 2553 1364 2612 ordinem
1385 2553 1592 2612 Tbeutonieum
1614 2555 1755 2628 impediri,
1772 2556 1910 2628 quominus

1167 2641 1356 2699 confratribus
1368 2643 1428 2700 suis
1444 2643 1473 2700 in
1490 2644 1661 2702 coemeteriis
1676 2644 1736 2701 suis
1752 2645 1912 2717 sepulturam

1168 2731 1301 2803 praebeat.

1172 2839 1910 2917 Honoriusepiscopus‚servusservorumltei

1132 2935 1378 2998 venerabilibus
1413 2935 1571 2999 iratribus
1607 2938 1861 3015 archiepiscopis
1886 2941 1913 2998 et
1968 2951 1969 2992 t

1132 3034 1296 3110 episcopis
1319 3039 1352 3095 et
1377 3034 1506 3096 dilectis
1526 3035 1604 3095 filiis
1628 3035 1813 3104 abbatibus,
1829 3036 1911 3112 prio·
1968 3053 1969 3060 ¹

1132 3131 1235 3201 ribus,
1257 3132 1461 3208 praepositis,
1489 3132 1636 3204 decanis,
1667 3132 1909 3199 archidiaconis,

1132 3228 1430 3306 archipresbyteris
1448 3231 1480 3290 et
1499 3227 1575 3290 aliis
1597 3230 1813 3290 ecclesiarum
1832 3245 1910 3306 prae-

1133 3325 1219 3396 latis,
1238 3325 1279 3386 ad
1296 3339 1378 3402 quos
1395 3325 1513 3387 litterae
1533 3326 1605 3388 istae
1621 3328 1840 3402 pervenerint,
1864 3341 1911 3386 sa·
1968 3359 1969 3372 ι

1132 3423 1233 3483 lutem
1250 3425 1282 3484 et
1297 3422 1511 3499 apostolicam
1528 3422 1804 3484 benedictionem.
1968 3417 1969 3422 ’

1172 3521 1251 3580 Cum
1275 3519 1405 3580 dilectIs
1434 3519 1527 3592 tiliis,
1556 3520 1715 3582 fratribus
1745 3519 1911 3596 Hospitalis

1133 3615 1262 3674 Sanctae
1284 3615 1399 3675 Mariae
1426 3615 1706 3676 Tbeutonicorum
1731 3613 1912 3689 Hierosolv-

1132 3710 1260 3778 mitani,
1274 3709 1468 3771 duxerimus
1479 3710 1728 3786 indulgendum,
1742 3714 1779 3772 ut
1791 3711 1850 3782 bis,
1865 3709 1911 3784 qui

1132 3823 1246 3868 eorum
1271 3807 1485 3868 confratriam
1510 3810 1761 3886 assumpserint,
1785 3809 1812 3868 si
1838 3809 1911 3868 forte
1968 3877 1969 3900 Χ

1131 3904 1234 3975 locus,
1255 3905 1289 3964 in
1311 3920 1375 3979 quo
1399 3904 1571 3986 decedunt,
1594 3905 1791 3967 interdictus
1813 3905 1911 3972 fuerit,
1968 3933 1969 3936 ¹

1131 4001 1196 4062 nisi
1220 4001 1353 4062 vinculo
1377 4003 1730 4070 excommunicationis
1749 4003 1913 4064 teneantur
1968 4005 1969 4012 ’

1132 4097 1295 4168 adstricti,
1312 4101 1368 4158 aut
1384 4099 1579 4160 nominatim
1592 4101 1660 4160 sint
1674 4099 1850 4167 interdicti,
1865 4113 1911 4156 se·
1968 4127 1969 4130 =

1131 4194 1263 4270 pultura
1280 4194 1507 4256 ecclesiastica
1526 4211 1593 4256 101
1611 4194 1729 4258 debeat
1748 4194 1909 4271 denegem
1968 4243 1969 4280 3

1131 4291 1231 4352 nimis
1247 4291 1394 4366 graviter
1415 4293 1631 4364 excederetis,
1648 4293 1688 4364 si,
1707 4293 1793 4369 quod
1808 4291 1909 4353 fratri-

1130 4388 1192 4448 bus
1208 4389 1332 4448 elsdem
1356 4390 1590 4461 concesSImus,
1609 4391 1854 4466 praesumeretis
1867 4389 1910 4448 in·

1132 4485 1289 4561 fringere,
1306 4487 1362 4562 qui
1377 4484 1461 4546 alios
1481 4487 1520 4547 ad
1540 4487 1748 4548 observanda
1768 4486 1908 4547 Ecclesia
1968 4483 1969 4490 ’

1132 4585 1289 4645 Romanae
1315 4583 1437 4644 statuta
1457 4582 1558 4644 verbo
1579 4585 1610 4645 et
1631 4585 1784 4660 exemplo
1801 4581 1909 4644 debetis
1968 4647 1969 4650 ¹

1132 4679 1329 4756 propensius
1339 4679 1530 4741 informare.
1542 4679 1681 4757 Infringi
1698 4697 1838 4758 namque
1853 4695 1908 4740 sus

1131 4777 1238 4838 tinere
1257 4776 1418 4848 nolentes,
1438 4778 1523 4854 quod
1547 4777 1704 4839 fratribus
1728 4779 1906 4839 Indulsimus
1968 4787 1969 4790 ’

1131 4873 1316 4944 antedictis,
1334 4874 1544 4935 universitati
1563 4879 1683 4936 vestrae
1706 4892 1766 4954 per
1783 4877 1908 4952 aposto

1131 4971 1195 5032 lica
1216 4971 1340 5046 scripta
1361 4969 1556 5031 mandamus
1578 4973 1676 5048 atque
1701 4973 1905 5049 praecipimus,

1131 5071 1293 5146 quatenus
1309 5067 1401 5128 nullo
1416 5069 1564 5144 tempore
1583 5069 1757 5147 quisquam
1776 5075 1905 5130 vestrum

1131 5164 1292 5242 impedire
1307 5167 1497 5240 praesumat,
1516 5165 1691 5242 quominus
1714 5181 1850 5244 corpora
1863 5165 1905 5239 ip·

1130 5277 1253 5334 sorum,
1280 5261 1335 5338 qui
1354 5261 1568 5323 confratriam
1595 5261 1828 5340 predictorum
1852 5261 1906 5322 fra·

1131 5360 1217 5420 trum
1236 5359 1489 5435 assumpserint,
1504 5360 1556 5420 vel
1576 5363 1747 5422 assument
1762 5361 1797 5421 in
1814 5360 1906 5438 poste·
1968 5363 1969 5378 ³

1129 5471 1218 5526 rum,
1245 5455 1310 5516 nisi
1339 5454 1617 5518 excommunicati
1645 5457 1700 5519 vel
1728 5456 1905 5518 nominatim
1968 5501 1969 5504 ¹

1130 5551 1901 5631 fuerintintordicti,autetiampubliceusurarii.
1968 5611 1969 5616 ,

1130 5650 1164 5710 11
1185 5665 1300 5711 eorum
1329 5649 1462 5712 valeant
1490 5653 1689 5713 caemeteriis
1718 5651 1857 5729 sepeliri,
1881 5647 1902 5704 si
1968 5647 1969 5650 ’
