3952 6294
695 305 923 366 EPISTOLAE.
947 307 1024 366 LIB.
1050 307 1087 366 V.

356 490 571 578 LXXXVII

92 627 138 684 ad
158 625 382 686 Berredtctnm
407 629 604 700 episcopum
624 627 838 687 scarensem.

362 739 380 796 i
399 753 465 796 nov.
483 738 562 796 liiii.

231 841 373 908 [ttljsgrsa
384 844 402 893 1.
416 859 448 902 a,
462 859 488 908 p.
504 845 559 902 aas,
571 857 598 894 n.
615 843 680 906 resp

104 942 233 1016 Largitur
253 943 281 998 ei
303 941 446 1000 Honorius
462 940 626 1000 facultatem
648 940 825 1000 concedendi

297 1029 434 1103 quasdam
450 1029 654 1104 indulgentias.

106 1139 273 1200 Honorius
284 1140 470 1216 episcopus,
479 1154 596 1201 servus
607 1139 858 1209 servorumbei,

75 1233 247 1296 venerabili
274 1235 407 1298 fratri...
435 1235 590 1312 episcopo
615 1235 781 1306 scarensi,
805 1251 861 1296 sa-

76 1333 163 1393 lutem
178 1335 213 1394 et
227 1333 444 1409 apostolicam
457 1332 731 1394 benedictionem.

105 1433 170 1490 Tua
194 1429 293 1492 nobis
321 1429 453 1494 devotio
485 1430 694 1511 supplicavit,
722 1433 758 1492 ut
787 1446 860 1493 cum

13 1595 14 1604 .
75 1527 212 1604 quadam
225 1528 369 1589 ecclesia
380 1528 415 1589 in
425 1529 482 1589 tua
495 1529 632 1591 dioecesi
645 1528 686 1590 ad
699 1529 859 1590 honorem

76 1626 134 1695 liei,
149 1623 293 1687 ethonae
317 1626 486 1688 memoriae
508 1624 638 1688 Nicolai
662 1625 858 1703 presbyteri,

77 1722 133 1798 qui,
149 1722 228 1782 dum
252 1723 427 1800 quemdam
456 1723 650 1785 visitaturus
677 1723 858 1796 infirmum,

77 1835 184 1895 corpus
209 1820 334 1882 Christi
359 1822 517 1897 portaret,
538 1819 581 1882 ab
602 1821 715 1897 impiis
740 1819 862 1881 imma-

78 1918 152 1976 niter
172 1917 383 1989 interfectus,
403 1917 588 1993 insignibus
617 1919 770 1979 coruscat
797 1918 862 1978 mi-

77 2013 198 2084 raculis,
217 2013 346 2090 ceperit
372 2013 528 2075 fabricari
545 2013 758 2076 visitantibus
774 2029 858 2086 eam,

78 2109 209 2187 aliquam
225 2126 363 2172 suorum
379 2112 606 2187 peccaminum
620 2111 860 2187 indulgentiam

78 2208 247 2269 concedere
267 2207 492 2284 dignaremur.
508 2210 591 2280 Quia
613 2223 692 2271 vero
716 2208 860 2269 nondum

78 2305 239 2380 superbis
267 2304 363 2365 nobis
387 2305 494 2382 potuit
520 2304 617 2384 plene
640 2304 783 2382 liquere,
800 2321 861 2366 nos

13 2391 14 2406 ²
78 2403 110 2462 de
122 2402 323 2464 discretione
346 2403 403 2463 tua
425 2403 556 2479 plenam
573 2403 607 2463 in
624 2403 762 2463 Domino
776 2401 862 2464 ndu-

79 2499 149 2559 ciam
163 2499 366 2571 obtinentes,
386 2499 586 2562 fraternitati
602 2501 668 2561 tuae
683 2499 862 2575 indulgen-

78 2596 144 2656 tiam
170 2595 364 2674 hujusmodi
397 2612 471 2658 eam
496 2595 707 2658 visitantibus
732 2597 796 2659 rite
822 2612 861 2658 ac

80 2695 199 2769 preside
213 2693 430 2765 concedendi,
444 2694 583 2756 liberam
594 2693 653 2755 tibi
665 2695 861 2756 auctoritate

80 2791 282 2866 presentium
295 2791 506 2854 concedimus
519 2791 720 2854 facultatem.

109 2891 221 2952 batum
230 2890 402 2961 Laterani,
415 2891 443 2950 ll
456 2904 561 2950 nonas
571 2888 772 2961 novembris,
782 2904 862 2966 pon·

1526 275 1547 370 J
1651 307 1712 367 aaa

915 465 1126 538 Christiano,
1153 483 1219 528 non
1249 467 1458 541 dubitamus,
1488 468 1710 531 desideratum

915 562 1074 632 effectum
1098 565 1291 638 sortiantur,
1305 566 1499 629 discretioni
1516 568 1636 628 vestrae
1653 581 1712 643 per

915 662 1106 736 apostolica
1119 663 1242 738 scripta
1257 663 1465 736 mandamus,
1483 665 1644 740 quatenus
1659 664 1714 740 ip-

915 774 989 818 sum
1004 773 1117 834 regem
1132 774 1207 820 cum
1219 761 1342 821 nostris
1358 760 1480 824 litteris
1492 760 1713 838 personaliter

915 854 1075 917 adeuntes
1097 856 1187 918 adid
1211 872 1347 919 monere
1361 859 1533 929 attentius,
1552 859 1584 919 et
1597 857 1713 920 effica-

915 954 1000 1014 citer
1024 953 1183 1016 inducere
1208 955 1381 1017 studeatis.
1412 956 1532 1018 Datum
1556 955 1714 1016 Laterani

914 1052 944 1110 ll
960 1067 1067 1113 nonas
1083 1051 1250 1124 novemb„
1274 1052 1486 1129 pontincatus
1500 1052 1606 1114 nostri
1622 1067 1710 1114 anno

918 1149 1044 1225 quinto.

1219 1256 1412 1343 LXXXIX

915 1383 966 1440 Ad
975 1382 1153 1441 Nicolaum
1162 1383 1356 1455 episcopam
1364 1382 1715 1454 insanissimam&

956 1478 1065 1540 tottcae
1078 1479 1176 1538 Sadts
1194 1479 1355 1554 legatum,
1371 1479 1405 1539 et
1421 1477 1617 1540 alatrinum
1631 1479 1711 1539 aab·

955 1577 1148 1636 diaconum.
1233 1605 1237 1616 ·

1216 1652 1315 1711 Inoa.
1334 1653 1411 1711 lito.

993 1757 1138 1822 [Rayneldi
1149 1759 1215 1808 dnn.
1232 1758 1335 1817 Eccles,
1351 1758 1383 1808 ad
1396 1771 1457 1808 ann.
1474 1758 1544 1818 fiio,
1556 1758 1568 1823 ς
1580 1758 1631 1822 ta]

916 1855 998 1914 blittit
1009 1856 1151 1914 Honorius
1162 1855 1199 1912 ad
1208 1856 1368 1924 Nicolaum,
1382 1857 1520 1929 legatum,
1531 1857 1712 1929 capitularia,

951 1943 1003 2000 sub
1018 1945 1135 2001 nomiae
1155 1946 1237 2017 regio
1259 1945 1289 2001 in
1313 1946 1394 2018 leges
1412 1944 1541 2017 publicas
1555 1943 1714 2018 redigenda

950 2040 978 2090 et
988 2032 1016 2089 in
1031 2032 1076 2090 die
1089 2033 1284 2090 coronationis
1296 2033 1326 2090 in
1340 2035 1461 2092 Basilica
1477 2034 1614 2106 principis
1627 2049 1713 2106 apos·

951 2121 1071 2180 totorum
1089 2121 1255 2179 solemniter
1270 2122 1450 2196 publicanda.

956 2231 1001 2291 De
1025 2231 1191 2292 communi
1209 2229 1350 2292 fratrum
1367 2233 1556 2293 nostrorum
1571 2231 1713 2294 consilio

916 2327 1128 2404 praesentium
1156 2327 1250 2390 vobis
1276 2329 1475 2390 auctoritate
1500 2329 1709 2401 mandamus,

916 2427 1080 2500 quatenus
1102 2423 1282 2488 efficaciter
1305 2426 1477 2498 studeatis,
1495 2429 1531 2488 ut
1548 2426 1715 2502 capitula-

916 2523 977 2594 ria,
1001 2538 1074 2598 qnae
1089 2521 1183 2584 vobis
1198 2524 1359 2587 mittimus
1374 2525 1594 2601 praesentibus
1609 2525 1714 2587 iuter-

916 2620 1019 2691 clusa,
1046 2619 1107 2680 sub
1145 2619 1405 2696 competentibus
1432 2621 1556 2694 verbis,
1583 2624 1715 2684 servata

916 2717 1092 2789 sententia,
1106 2717 1167 2778 sub
1185 2719 1318 2780 nomine
1333 2719 1426 2795 regio
1441 2719 1476 2781 in
1491 2720 1582 2796 leges
1598 2718 1712 2796 publi-

916 2830 972 2875 cas
1000 2815 1204 2890 redigantur,
1229 2816 1389 2893 nobisque
1413 2818 1588 2878 mittantur
1610 2816 1712 2892 regiae

915 2910 1015 2972 bullae
1030 2911 1185 2974 roborata
1200 2913 1393 2986 munimine,
1403 2915 1438 2975 in
1451 2915 1505 2976 die
1518 2913 1711 2976 coronatio-

80 2985 210 3047 fiflfatlffi
226 2986 333 3048 ¹1⁰⁸il'i
353 3001 442 3048 ³11¹1⁰
457 2987 581 3063 tillim&
915 3009 968 3070 nis
983 3009 1043 3070 sub
1058 3010 1225 3086 imperiali
1239 3011 1372 3073 nomine
1381 3011 1414 3072 in
1427 3011 1571 3073 Basilica
1586 3011 1714 3088 prinei-

348 3154 583 3241 LXXXVIII

81 3289 859 3364 AdieptonaasametZomorensemeptscopos,

111 3386 140 3445 at
162 3386 320 3447 wadiam
348 3389 390 3446 de
420 3389 596 3446 Morerota
624 3385 862 3446 cistarciensis

112 3485 239 3544 ordinis
253 3485 483 3544 Zamarensts
495 3483 660 3543 dtoecests.

370 3594 465 3651 Inoa.
480 3595 558 3651 itio.
762 3661 772 3678 .

218 3701 373 3766 [Maurique
384 3700 452 3751 dnn.
463 3700 628 3759 Cisterc.,lll,
639 3699 706 3764 tos]

916 3106 966 3182 pis
981 3106 1208 3183 apostolorum
1230 3108 1422 3171 solemniter
1436 3107 1646 3186 publicanda.
1664 3107 1712 3170 Ad

917 3203 987 3264 haec
1013 3203 1201 3280 prudenter,
1228 3206 1260 3266 et
1280 3206 1375 3267 caute
1390 3205 1552 3267 studeatis
1566 3205 1712 3267 investi-

915 3315 1006 3376 gare,
1023 3317 1063 3362 ac
1076 3303 1264 3379 perspicere
1276 3302 1405 3378 regium
1422 3303 1580 3375 animum,
1597 3303 1630 3364 et
1641 3317 1715 3381 pro-

916 3399 1070 3475 positum,
1094 3402 1162 3462 tam
1189 3417 1290 3478 super
1314 3401 1451 3463 vitanda
1473 3403 1589 3478 regni,
1614 3401 1715 3478 atque
1789 3447 1798 3469 ,

916 3496 1046 3574 imperii
1060 3499 1193 3569 unione,
1206 3514 1304 3576 quam
1318 3514 1418 3575 super
1430 3498 1577 3560 subsidio
1598 3501 1711 3560 Terras

917 3595 1710 3672 Sanctaeexpresseregiisauribusinculcantes;

917 3691 1001 3768 quod
1016 3692 1146 3753 videtur
1168 3693 1283 3754 contra
1298 3695 1472 3770 promissa,
1489 3697 1522 3756 et
1538 3693 1714 3771 privilegia

111 3794 254 3853 becedam
264 3795 402 3853 missione
416 3795 580 3853 nuntiorum
592 3810 626 3852 ac
641 3796 668 3851 in
682 3793 826 3853 Lxxxlv
917 3803 976 3850 sua
995 3787 1172 3851 manifesta
1194 3789 1336 3862 venisse,
1358 3806 1432 3851 curn
1448 3790 1601 3852 attilium
1616 3805 1712 3851 suum

406 3884 537 3958 epistola.
916 3888 1111 3947 coronatum
1126 3885 1161 3946 in
1172 3901 1285 3962 regem
1296 3886 1431 3960 Siciliae,
1444 3887 1478 3947 tn
1490 3889 1714 3948 Romanorum

113 3983 155 4043 td
177 3983 385 4045 audientiam
408 3984 557 4045 nostram
588 3982 748 4044 noveritis
781 3996 861 4059 per·
915 3998 1027 4058 regem
1044 3983 1129 4058 'eligi
1144 3985 1342 4060 procurarit,
1360 3986 1393 4046 et
1416 3984 1572 4061 praelatos
1588 3985 1621 4045 et
1642 4000 1715 4045 ma-

84 4081 210 4153 venisse,
227 4080 317 4159 quod
329 4080 529 4142 'carissimus
559 4078 654 4141 nobis
673 4079 708 4140 in
730 4079 860 4140 Christo
917 4080 1033 4153 gnatas
1046 4079 1141 4154 regni
1154 4079 1194 4140 ad
1212 4079 1508 4142 eoronamvocarit
1521 4079 1664 4156 imperii,
1682 4081 1713 4140 et

83 4175 155 4238 flius
183 4182 235 4252 A„
266 4178 483 4254 legionensis
516 4195 577 4240 rex
606 4177 756 4249 illustris,
783 4191 856 4238 cam
916 4175 957 4236 ab
973 4177 1022 4236 eis
1037 4176 1077 4237 de
1099 4183 1185 4238 nova
1207 4176 1376 4238 fidelitatis
1391 4177 1540 4254 exegerit
1555 4178 1588 4239 et
1602 4177 1715 4253 exigat

85 4277 228 4352 contingit
248 4277 290 4338 ad
319 4276 463 4338 nobilem
489 4277 599 4336 virum
620 4273 862 4336 Miramamoli-
913 4275 1116 4350 juramenta,
1142 4289 1201 4352 per
1225 4291 1298 4353 quae
1325 4275 1359 4335 in
1385 4274 1711 4350 sedisapostolicae,
1809 4309 1821 4334 2

87 4385 163 4446 num,
192 4391 253 4435 seu
275 4374 318 4435 ad
345 4373 493 4434 subditos
521 4375 594 4448 ejus
620 4373 756 4434 nuntios
785 4371 862 4432 des·
918 4387 1046 4432 necnon
1060 4372 1265 4448 posteritatis
1282 4387 1351 4434 suae
1362 4371 1573 4449 dispendium
1583 4370 1715 4434 videtur

85 4468 185 4543 linare,
194 4487 377 4549 nunquam,
393 4471 450 4532 aut
465 4485 542 4532 raro
558 4469 752 4530 transmittit
763 4469 858 4539 alios,
916 4467 1055 4545 praefata
1082 4469 1161 4531 unio
1190 4469 1382 4546 procurari3
1411 4468 1499 4530 unde
1524 4468 1619 4530 multi
1646 4485 1713 4530 non

86 4578 167 4638 qvvam
189 4569 336 4640 iudaeos,
353 4567 409 4644 qui
436 4568 485 4630 eis
509 4567 661 4638 consilia,
682 4566 715 4627 at
740 4565 860 4627 statum
916 4565 1084 4626 immerito
1114 4565 1333 4626 admirantur.
1370 4560 1610 4628 Necessitatem
1634 4578 1714 4627 vero

86 4663 334 4728 clnsdanorum
355 4666 536 4742 exponunt,
554 4680 594 4725 ac
618 4665 746 4726 secreta
765 4679 862 4724 rove-
916 4663 1028 4724 Terrae
1055 4663 1185 4725 Sancta
1212 4662 1432 4738 exaggeretis,
1456 4661 1542 4725 sicut
1563 4678 1618 4724 res
1641 4662 1714 4741 ipsa

87 4757 151 4833 lant,
166 4779 288 4842 exque
311 4764 417 4825 multa
440 4762 612 4839 dispendia
628 4762 710 4839 ipsis
726 4763 860 4824 contin·
917 4760 1085 4837 deposcit,
1122 4761 1331 4824 insinuantes
1370 4759 1472 4837 regia
1502 4761 1725 4831 celsitudini..

88 4862 162 4930 runt.
173 4863 239 4924 Nos
249 4863 360 4924 autem
376 4861 536 4928 volentes,
547 4859 750 4937 quantumin
766 4858 861 4927 nobis
917 4857 1081 4934 quomodo
1097 4856 1219 4920 fiducia
1234 4860 1267 4920 et
1288 4874 1364 4937 spes
1381 4857 1473 4921 illius
1485 4860 1611 4937 negotii
1626 4859 1660 4920 in
1675 4873 1714 4920 eo

89 4956 221 5028 cathale
244 4959 334 5022 malo
357 4957 504 5030 obviare,
520 4957 561 5018 ad
581 4957 733 5019 eumdem
751 4971 862 5034 regem
917 4957 993 5032 post
1015 4957 1119 5016 Deum
1141 4957 1237 5034 quasi
1261 4957 1331 5020 tota
1355 4955 1528 5036 dependet,
1551 4957 1638 5038 sicut
1655 4972 1716 5034 per

89 5053 435 5132 scribimusrogantes,
451 5056 485 5116 et
498 5055 681 5126 monentes,
698 5055 862 5132 qnatenus
917 5052 1062 5124 nuntios,
1088 5055 1122 5115 et
1144 5053 1272 5116 litteras
1300 5054 1414 5130 legati,
1444 5053 1657 5132 praelatorum
1682 5057 1715 5116 et

91 5161 150 5210 cnm
168 5169 248 5232 opus
271 5153 427 5215 babuerit
450 5152 613 5230 ejusmodi
636 5153 772 5213 nuntios
792 5152 863 5213 des·
916 5149 1078 5212 baronum
1096 5151 1264 5212 exercitus
1279 5151 1459 5214 Christiani
1473 5150 1644 5214 evidenter
1658 5167 1714 5229 ap·

89 5245 308 5329 tiaerapotius
323 5250 466 5312 destinet
480 5249 687 5311 Christianos
702 5271 709 5310 ε
726 5248 862 5311 necsibi
917 5247 1023 5327 paret,
1046 5250 1080 5310 et
1106 5248 1269 5327 quomodo
1293 5251 1402 5327 ipsum
1418 5249 1464 5311 ita
1487 5247 1652 5311 instanter
1673 5250 1714 5310 ad

92 5346 166 5416 putet
183 5349 222 5410 de
244 5346 435 5410 infidelibus
459 5345 637 5419 fidendum,
654 5348 713 5409 aut
733 5347 859 5425 eosqui
917 5362 1075 5408 coronam
1111 5347 1304 5410 vocavimus
1345 5345 1536 5424 specialiter
1574 5345 1638 5409 hac
1675 5348 1716 5409 de
1829 5415 1844 5426 ,

92 5438 220 5507 infideles
234 5445 369 5508 fuerunt
381 5445 416 5505 in
430 5445 538 5521 ipsum
554 5443 731 5516 Christum,
749 5443 862 5506 fideles
918 5459 1018 5506 causa
1034 5466 1041 5505 :
1058 5446 1091 5507 et
1105 5445 1246 5540 addatis,
1261 5444 1346 5521 quod
1359 5444 1423 5505 nisi
1436 5443 1471 5503 in
1481 5443 1620 5506 instanti
1636 5460 1715 5523 pas-

94 5552 173 5610 posse
201 5543 343 5606 existere
371 5541 581 5602 Christianis.
601 5543 644 5603 Ut
670 5556 751 5618 ergo
777 5541 860 5611 baec,
918 5541 1011 5618 sagio
1024 5543 1187 5603 exercitui
1198 5541 1386 5603 Christiano
1396 5541 1571 5617 magnilica
1583 5559 1717 5603 succur-

94 5649 151 5707 qna
171 5642 322 5717 expedire
346 5638 428 5716 ipsis
444 5639 541 5716 atque
557 5639 715 5701 universo
737 5640 862 5700 nomini
918 5643 1021 5712 ratur,
1046 5641 1095 5700 est
1120 5639 1235 5715 procul
1262 5639 1361 5700 dubio
1387 5637 1644 5712 formidandum,
1674 5657 1715 5702 ne
