3946 6304
87 343 145 405 489

86 499 256 580 plectimur
276 497 311 560 in
325 497 467 560 Domino
481 497 632 568 caritate,
647 497 793 564 habituri
806 513 879 560 ma·

84 599 131 676 gis
154 613 194 659 99
218 597 330 672 magis
352 595 556 658 favorabiles
571 596 606 657 et
618 595 790 672 benignos.
808 599 877 658 Da-

85 703 148 758 tum
163 693 251 770 apud
269 693 391 754 Urbem
412 693 576 764 Veterem,
592 693 634 754 lV
648 692 715 754 kal.
732 693 876 769 augusti,

87 791 296 870 pontificatus
311 789 417 852 nostri
433 805 521 850 anno
537 789 663 866 quinto.

464 949 500 1036 V

114 1078 164 1138 dd
182 1073 394 1138 abbatemet
416 1073 596 1136 canonicos
616 1076 844 1150 spanienses.

379 1186 414 1246 19
426 1184 488 1259 tulit
504 1187 585 1246 1220.

287 1293 365 1360 [1199.
378 1293 460 1357 llung.
476 1293 546 1351 hist,
555 1293 599 1344 xl.
611 1291 679 1358 tun]

86 1390 279 1464 ertvtlegiurn,
300 1390 336 1448 ab
358 1389 525 1534 lnnoceflntin
549 1403 622 1462 pape
637 1389 680 1447 eis
700 1403 878 1458 concessum,

398 1492 452 1536 con
475 1484 558 1536 rmat.

123 1576 290 1640 Honorius
301 1577 486 1654 episcopus,
499 1592 615 1638 servus
626 1591 797 1638 servorum
808 1575 879 1643 Dei,

87 1673 210 1736 dilectis
221 1674 303 1741 tiliis
314 1673 426 1735 abbati
436 1674 471 1735 et
483 1673 657 1734 canonicis
672 1673 880 1749 Spalatensi-

88 1770 153 1838 bus,
168 1771 313 1833 salutem
330 1772 363 1834 et
376 1769 591 1847 apostoticam
605 1769 879 1832 benedictionem.

124 1870 158 1928 ln
174 1867 298 1930 litteris
311 1866 406 1928 bonae
421 1867 589 1928 memoriae
614 1865 798 1928 Innocentii
818 1883 880 1943 pa·

89 1980 133 2038 pre
158 1963 416 2039 praedecessoris
444 1962 551 2026 nostri
576 1963 626 2024 sic
649 1963 880 2044 perspeximus

89 2061 248 2122 contineri
263 2078 272 2122 :

125 2158 339 2220 Innocentius
354 2159 539 2236 episcopus,
554 2159 616 2221 etc.

124 2257 227 2327 Quum
242 2255 331 2318 inter
344 2255 439 2318 bonae
454 2255 623 2318 memoriae
636 2257 672 2316 P.
689 2255 878 2332 praedeces-

90 2367 190 2413 sorem
216 2353 328 2424 tuum,
354 2353 457 2414 irater
475 2352 736 2429 archiepiscope,
760 2368 799 2413 99
813 2353 879 2414 tuae

90 2448 227 2510 civitatis
236 2449 379 2511 clericos
392 2449 602 2526 superventis
613 2449 764 2510 articulis
775 2465 880 2526 quaes·

89 2545 130 2606 tio
149 2548 347 2616 verteretur,
365 2561 438 2607 eam
457 2545 565 2608 felicis
578 2546 818 2608 recordationis
842 2549 876 2606 C.

90 2657 177 2717 papae
191 2643 450 2720 praedecessoris
467 2643 572 2705 nostri
592 2643 771 2704 audientiae
793 2659 881 2720 999-

90 2741 269 2812 sentarunt,
286 2741 322 2802 ut
337 2739 397 2800 sub
421 2739 527 2816 ipsius
542 2741 696 2801 examine
718 2741 879 2804 ventilata

91 2833 149 2896 1199
176 2837 288 2899 debito
317 2835 536 2899 clauderetur.
565 2839 593 2898 A
620 2836 739 2914 quibus
766 2837 879 2914 utique

90 2931 213 2994 clericis
232 2935 322 2996 idem
344 2935 420 2996 tuus
435 2934 662 3010 praedecessor
681 2934 822 3011 petebat,
845 2935 880 2996 ut

91 3031 232 3103 quarum
259 3033 387 3109 partem
408 3031 664 3094 decimationum
685 3033 719 3093 et
733 3031 877 3093 oblatio-

92 3140 162 3186 num
178 3128 217 3190 de
232 3144 373 3204 corpore
388 3128 532 3190 civitatis
545 3129 610 3190 sibi
624 3129 768 3192 debitam
782 3128 879 3190 exhi-

91 3217 207 3284 berent.
227 3223 366 3286 Petebat
380 3224 491 3294 etiam,
514 3224 611 3284 uteo
633 3225 792 3300 tempore,
814 3240 878 3300 quo

92 3317 156 3393 ipse
170 3321 222 3381 vel
249 3337 460 3384 successores
476 3320 529 3382 sui
551 3321 592 3382 ad
614 3323 797 3383 Romanam
812 3323 877 3383 119-

92 3414 218 3478 clesiam
231 3419 429 3480 accederent
444 3418 673 3490 consecrandi,
684 3433 743 3480 seu
755 3420 880 3480 Roma-

93 3524 162 3570 num
189 3513 396 3586 Pontificem,
422 3513 656 3590 imperatorem
684 3513 738 3575 vel
766 3529 878 3589 regem

93 3620 183 3668 causa
198 3609 399 3674 visitationis
413 3610 554 3682 adirent,
572 3610 687 3671 clerici
702 3609 765 3672 sihi
778 3610 878 3688 adju-

92 3703 203 3765 torium
218 3706 450 3784 impenderent
467 3707 698 3782 opportunum.
716 3707 784 3783 Ipsi
798 3722 879 3768 vero

94 3797 150 3858 sibi
163 3802 202 3862 ad
213 3803 287 3865 haec
297 3803 423 3880 pariter
433 3802 686 3878 respondebant,
703 3803 790 3880 quod
803 3819 879 3864 cum

93 3896 346 3967 predecessores
366 3899 470 3975 ipsius
489 3900 635 3976 quinque
649 3897 877 3961 hebdomada·

93 3990 163 4064 rios,
180 3997 408 4074 presbyterum
422 3996 560 4068 scilicet,
576 3997 722 4069 levitam,
739 3996 877 4058 subdia-

92 4101 212 4165 conum,
229 4094 395 4171 acolytam
422 4095 455 4155 et
479 4093 663 4164 sacristam,
691 4109 751 4172 per
774 4095 878 4156 totam

93 4182 274 4253 tenerentur
287 4191 528 4252 hebdomadam
550 4206 740 4268 procurare,
757 4192 791 4253 et
814 4191 877 4253 hoc

94 4279 136 4341 eis
145 4283 351 4362 importabile
361 4279 546 4362 videretnr3
559 4287 605 4349 ita
621 4303 695 4348 cum
705 4289 876 4350 canonicis

95 4386 319 4457 convenerunt,
336 4385 372 4447 ut
387 4401 447 4462 pro
462 4385 770 4462 recompensatione
791 4401 874 4462 pro-

93 4481 291 4543 curationum
316 4481 581 4560 supradictarum
605 4481 767 4544 haberent
794 4483 875 4560 ipsis

95 4577 231 4644 tunnam
256 4581 382 4657 partem
405 4579 663 4642 decimationum
678 4580 711 4641 et
734 4578 876 4642 oblatio-

94 4679 161 4730 num
176 4673 214 4735 de
242 4693 381 4754 corpore
397 4676 551 4748 civitatis,
579 4677 665 4737 sicut
679 4677 714 4737 in
742 4677 875 4753 scriptis

94 4759 177 4830 bonae
201 4775 368 4852 memoriae
398 4774 528 4846 Gaudii,
559 4774 698 4835 (tererdt
723 4775 756 4835 et
785 4775 874 4837 Petri

95 4865 359 4934 hradecessorum
382 4887 518 4932 suorum
534 4871 721 4933 continetur
737 4887 876 4948 expres-

96 4971 166 5021 sum·
195 4969 353 5031 Petebant
378 4970 515 5044 insuper
536 4968 710 5029 duodecim
735 4968 874 5044 prandia

96 5060 181 5120 tertis
193 5066 271 5126 anni
285 5064 519 5128 festivitatibus
535 5065 759 5142 percipienda,
775 5067 873 5142 pota-

95 5149 188 5218 tiones
209 5163 419 5224 sabbatorum
442 5167 476 5224 et
489 5163 740 5240 procuratmnes
768 5163 874 5224 tribus

96 5243 358 5330 hebdomadariis,
387 5261 529 5336 singulis
556 5257 671 5321 diebus
698 5259 873 5322 dominicis

715 340 941 404 EPISTOLAE.
965 341 1043 402 hle.
1067 344 1104 402 V.

1669 333 1730 400 490

932 499 1154 563 albanensem
1169 500 1370 581 episcopum,
1394 502 1427 562 et
1444 499 1541 562 bonae
1559 495 1728 560 memoriae

934 601 970 659 G.
994 597 1034 660 de
1058 598 1180 661 Sancto
1205 599 1361 674 apostolo
1391 599 1521 660 Sanctae
1547 596 1663 658 Mariae
1691 593 1726 654 in

935 695 1070 756 Porticu
1084 695 1287 757 cardinalem
1309 694 1475 758 concessit
1493 693 1662 756 auditores
1665 733 1725 752 .....

934 793 1117 854 Praesentia
1136 793 1317 865 constituti,
1335 793 1409 870 post
1423 791 1544 853 multas
1559 789 1726 866 discepta-

933 889 1042 952 tiones
1067 891 1099 952 et
1113 890 1340 966 allegationes,
1367 888 1493 952 saniori
1513 888 1566 948 usi
1589 885 1729 950 consilio

933 987 1046 1048 taliter
1073 986 1310 1060 convenerunt,
1338 986 1424 1064 quod
1453 983 1568 1048 clerici
1596 984 1731 1045 arehie-
1808 1033 1818 1039 .

934 1083 1069 1163 piscopo
1091 1086 1243 1161 quamam
1269 1087 1398 1161 partem
1417 1081 1674 1147 decimationum
1697 1081 1731 1142 et

935 1179 1138 1243 oblationum
1149 1197 1208 1258 per
1216 1197 1317 1244 suum·
1323 1181 1583 1259 procuratorem,
1598 1193 1730 1239 99999-

934 1277 994 1339 tim
1020 1279 1139 1354 viginti
1162 1293 1319 1356 perperos
1341 1293 1401 1356 pro
1424 1275 1730 1354 recompensatione

935 1375 1201 1452 supradictarum
1216 1377 1498 1452 procurationum,
1522 1375 1555 1435 et
1569 1372 1654 1452 quod
1674 1387 1731 1433 re-

936 1471 1067 1540 siduum
1081 1473 1216 1538 essetde
1225 1473 1298 1556 ipsa
1308 1473 1425 1550 quarta
1438 1472 1578 1534 insnum
1589 1483 1731 1532 commo-

925 1569 1280 1632 dumconverteretur
1301 1573 1335 1631 et
1349 1585 1461 1645 usum3
1482 1570 1644 1646 praeterea
1670 1581 1731 1628 sex

936 1668 1065 1729 tantum
1079 1667 1220 1743 prandia
1237 1667 1331 1729 daret
1343 1666 1468 1728 eisdem
1482 1665 1614 1728 statutis
1636 1663 1731 1726 festi·

935 1762 1330 1836 nitatibnsanui,scilicet
1342 1763 1449 1826 sancti
1463 1761 1637 1834 Dominici,
1646 1763 1730 1822 Pen-

935 1860 1093 1934 tecostes,
1121 1861 1157 1921 in
1184 1860 1404 1923 translatione
1432 1859 1523 1922 beati
1551 1857 1727 1930 Dominici,

936 1959 1044 2020 saneti
1058 1958 1237 2030 Anastasii,
1263 1959 1453 2020 sanctorum
1474 1959 1599 2019 Cosmae
1614 1958 1648 2018 et
1661 1959 1729 2018 Da-

935 2055 1050 2128 miani,
1060 2055 1093 2117 et
1102 2055 1395 2130 sanethincentii;
1406 2055 1593 2132 potationes
1607 2053 1728 2116 sabba·

935 2151 1045 2213 torum
1060 2152 1093 2212 et
1105 2151 1212 2214 trihus
1228 2150 1505 2222 hebdomadariis,
1516 2149 1657 2225 singulis
1668 2149 1730 2212 do·

936 2248 1068 2310 minicis
1090 2249 1206 2310 diebus
1229 2249 1491 2326 procurationes,
1512 2246 1553 2310 ab
1573 2246 1727 2309 omnibus
1742 2316 1761 2342 „

935 2345 1035 2408 etiam
1051 2345 1127 2408 aliis
1144 2346 1330 2425 adjutoriis,
1345 2362 1419 2424 quae
1434 2361 1453 2407 a
1469 2346 1569 2408 totius
1582 2344 1727 2406 civitatis

935 2443 1067 2504 clericis
1082 2444 1192 2506 debito
1205 2443 1390 2520 expetebat,
1406 2445 1475 2506 tam
1491 2459 1552 2520 pro
1567 2458 1613 2514 se,
1630 2457 1729 2519 quam

936 2555 995 2617 pro
1023 2541 1272 2620 suecessoribus
1299 2541 1370 2602 suis
1399 2543 1557 2618 perpetuo
1585 2538 1729 2601 reddidit

934 2637 1075 2700 clericos
1091 2641 1290 2700 memoratos
1305 2639 1479 2700 immunes.
1498 2640 1602 2710 Quam
1617 2636 1730 2713 utique

934 2737 1186 2799 conventionem
1219 2736 1428 2800 amicabilem
1453 2734 1493 2796 de
1521 2750 1664 2796 assensu
1696 2735 1730 2795 et

934 2833 1104 2895 voluntate
1119 2832 1404 2910 utriusquepartis
1416 2832 1535 2894 laetam
1548 2847 1609 2893 nos
1622 2832 1729 2892 ratam

933 2930 1093 2995 habentes
1108 2933 1141 2992 et
1156 2931 1296 3002 firmam,
1314 2946 1387 2992 eam
1401 2929 1442 2991 ad
1458 2929 1629 3006 exemplar
1638 2931 1730 3006 ejus-

934 3027 1007 3088 dem
1022 3027 1277 3105 predecessoris
1292 3028 1397 3090 nostri
1412 3026 1610 3090 auctoritate
1622 3029 1730 3104 Apos-

932 3125 1034 3188 tolica
1049 3125 1283 3188 confirmamus
1298 3127 1331 3187 et
1345 3125 1520 3202 praesentis
1538 3121 1653 3201 scrIpti
1667 3138 1728 3201 pa-

933 3223 1074 3287 trocinio
1086 3224 1339 3284 communimus.

974 3321 1043 3382 Nos
1057 3335 1148 3398 ergo,
1160 3321 1246 3398 quod
1262 3337 1362 3398 super
1382 3320 1446 3383 hoc
1459 3320 1500 3384 ab
1513 3320 1627 3383 eodem
1643 3335 1730 3398 prae-

933 3416 1107 3480 decessore
1130 3419 1244 3480 nostro
1266 3417 1470 3490 factumest,
1494 3418 1727 3496 approbantes,

933 3514 1016 3576 illud
1027 3515 1420 3592 auctoritatehpostolica
1436 3515 1681 3587 confirmamus,
1696 3517 1730 3578 et

933 3612 1107 3702 praesentis
1129 3613 1241 3690 scripti
1265 3613 1452 3691 patrocinio
1473 3614 1726 3674 communimus.

933 3707 1025 3770 Nulli
1037 3723 1117 3785 ergo
1126 3709 1261 3771 omnino
1274 3709 1444 3770 hominum
1458 3709 1558 3772 liceat
1570 3711 1656 3771 hanc
1669 3725 1730 3786 99-

932 3804 1044 3881 ginam
1060 3807 1182 3867 nostrae
1196 3806 1456 3868 confirmationis
1470 3805 1663 3882 intringere,
1675 3806 1729 3868 vel

933 3903 1063 3964 clausu
1078 3903 1257 3966 temerario
1276 3903 1453 3965 contraire.
1471 3904 1506 3965 si
1522 3904 1595 3980 quis
1617 3907 1728 3966 autem

932 4000 995 4061 hoc
1011 4001 1174 4062 attentare
1188 4001 1446 4078 praesumpserit,
1463 4001 1728 4078 indignationem
1823 4081 1825 4086 Ι

933 4098 1166 4175 omnipotentis
1177 4098 1247 4171 Dei,
1258 4101 1291 4160 et
1302 4097 1474 4161 beatorum
1490 4099 1621 4161 Petriet
1632 4099 1727 4160 Pauli

932 4195 1157 4272 apostolorum
1172 4199 1255 4273 ejus,
1269 4213 1305 4256 se
1320 4197 1452 4258 noverit
1463 4197 1686 4258 incursurum.
1706 4229 1710 4240 ·

971 4293 1089 4354 Datum
1103 4294 1189 4370 apud
1205 4293 1326 4354 Urbem
1335 4295 1499 4365 Veterem,
1514 4296 1557 4354 IV
1565 4293 1726 4354 kalendas

932 4390 1075 4466 augusti,
1092 4391 1303 4468 pontificatus
1317 4391 1422 4453 nostri
1434 4407 1522 4453 anno
1537 4391 1663 4469 quinto.

1296 4533 1353 4619 VI

1084 4665 1337 4739 recantatum
1355 4666 1566 4740 spoletanae.

1224 4774 1260 4832 29
1272 4773 1334 4848 julii
1352 4775 1431 4833 1220.

1055 4880 1147 4946 [Fejer,
1160 4881 1244 4932 Codex
1255 4881 1318 4945 dipl.
1335 4883 1429 4946 11999,
1445 4883 1488 4944 lll,
1500 4897 1519 4945 t,
1531 4883 1600 4948 191.)

930 4979 1072 5037 llonorius
1088 4979 1256 5037 electionem
1270 4979 1397 5038 Guucelli
1407 4996 1439 5038 se
1450 4979 1596 5054 probasse,
1609 4988 1638 5037 et
1653 4996 1722 5038 con·

965 5068 1154 5125 secretionem
1178 5068 1267 5141 ipsius
1287 5067 1410 5127 lloberto
1426 5069 1631 5142 vesprimiensi
1646 5070 1722 5143 epis·

964 5171 1036 5229 copo
1051 5157 1198 5226 detulisse,
1212 5157 1365 5230 spalatinis
1379 5157 1532 5231 significat.
1644 5160 1646 5166 '

969 5265 1135 5326 Honorius
1173 5266 1358 5343 episcopus,
1393 5279 1510 5327 servus
1550 5281 1722 5328 servornm

98 5345 296 5418 exhibendas.
320 5359 400 5418 Cum
420 5357 522 5433 igitur
540 5357 627 5418 idem
649 5357 875 5434 praedecessor
929 5361 1000 5432 Dei,
1013 5360 1142 5422 dilectis
1153 5361 1244 5431 tiliis,
1256 5361 1401 5438 99911919
1414 5361 1615 5440 spalatensi,
1628 5363 1723 5424 saln-

97 5447 192 5508 999199
202 5455 311 5516 multis
323 5455 355 5516 et
366 5454 470 5516 variis
484 5455 625 5531 negotiis
637 5457 816 5533 occupatus
833 5457 872 5518 ad

99 5531 160 5601 1999
176 5552 372 5628 respondere
397 5567 463 5613 nen
487 5551 626 5624 valeret,
648 5553 873 5616 venerabilem

101 5629 218 5708 tratrem
230 5649 376 5712 nostrum
386 5653 414 5712 J.
430 5649 508 5710 tunc
518 5649 771 5724 viterbiensem,
788 5668 874 5714 nunc

930 5459 994 5519 tem
1009 5458 1042 5519 et
1056 5457 1271 5534 apostolicam
1287 5457 1561 5520 benedictionem.

969 5555 1061 5617 Licet
1084 5554 1118 5616 in
1142 5554 1299 5616 dilectum
1319 5554 1436 5629 tilium,
1452 5555 1589 5619 fratrem
1604 5556 1723 5634 hospi-

919 5619 1007 5713 'talis
1023 5653 1056 5712 S.
1067 5652 1157 5728 ragis
1173 5651 1385 5728 stephanide
1400 5653 1517 5716 ordine
1530 5652 1722 5718 crucifero·
