3952 6350
66 387 120 446 mv

67 543 163 604 ratur.
186 541 275 604 Nulli
290 557 380 619 ergo,
398 545 473 615 etc,
487 543 609 604 nostrae
625 543 850 604 concessionis

68 639 250 716 intringere.
277 641 313 702 Si
328 641 401 719 quis
416 641 537 732 autem,
554 641 616 702 etc.
643 643 761 702 Datum
783 643 851 702 La-

68 739 177 810 terani,
193 739 222 799 X
234 735 394 802 kalendas
403 740 563 818 januarii,
582 753 670 801 anno
684 739 809 816 quinto.

216 1090 269 1150 Ad
283 1090 479 1162 apocopum
494 1091 692 1150 tudensem.

318 1209 353 1268 2³
367 1207 497 1268 decemb.
520 1209 598 1268 ltro.

91 1321 205 1383 snagan„
218 1319 264 1371 lib.
278 1322 310 1380 V,
322 1321 394 1384 epist.
405 1319 460 1371 287.
474 1323 532 1372 llas.
546 1319 816 1384 heremitarum]

68 1425 192 1498 Indulget
207 1427 234 1484 ei
248 1433 279 1484 ut
297 1426 403 1484 fructus
423 1425 626 1485 beneficiorum
646 1426 778 1484 dloeoesis
794 1441 853 1482 suae

97 1515 166 1572 inira
177 1515 331 1572 triennium
342 1516 516 1583 vacantium,
527 1514 643 1574 biennio
655 1516 777 1572 retinere
792 1529 854 1587 pos·

97 1605 131 1662 sit
143 1602 179 1661 ad
193 1605 424 1662 extenuationem
439 1603 598 1662 debitorum
611 1602 741 1660 ecclesio
753 1617 823 1660 sue.

101 1729 282 1802 Honorius,
310 1731 385 1803 etc„
402 1728 588 1792 venerabili
607 1727 702 1790 fratri
723 1727 850 1790 Tulleu.

67 1827 227 1904 episcopo.

99 1923 181 1995 Quia
218 1923 426 2002 episcopatus
460 1925 537 1986 tuus
571 1926 663 1988 tanto
693 1925 853 2002 premitur

65 2035 157 2082 onere
180 2020 364 2082 debitorum
381 2021 493 2099 aliquo
508 2022 654 2084 remedio
670 2021 852 2084 subvenia-

64 2119 112 2178 tur
136 2117 257 2188 eidem,
287 2120 435 2206 extrema
458 2119 616 2182 timeatur
635 2120 666 2182 ei
692 2119 852 2183 desolatio

65 2214 243 2288 imminere,
260 2215 457 2278 auctoritate
478 2215 538 2278 tibi
560 2217 772 2294 praesentium
794 2217 851 2279 in-

64 2303 241 2386 dulgemus,
256 2314 293 2374 ut
304 2310 431 2374 tructus
443 2312 679 2376 beneficiorum
692 2316 757 2377 tuae
769 2313 853 2388 dioee

64 2407 141 2468 cesis
156 2411 391 2471 vacaturorum
414 2410 502 2472 inira
524 2411 706 2473 triennium
726 2411 787 2472 tibi
811 2411 854 2471 li-

64 2505 129 2567 ceat
161 2505 299 2567 biennio
331 2507 476 2570 retinere
513 2507 547 2569 in
583 2509 852 2570 extenuationem

63 2602 241 2665 debitorum
282 2602 471 2680 hujusmodi
512 2606 763 2676 convertendos,
805 2606 852 2667 ita

63 2699 164 2760 tamen
180 2699 268 2777 quod
287 2700 418 2764 iuterim
430 2702 580 2763 ecclesiis
602 2703 637 2764 in
655 2703 774 2781 quibus
789 2701 851 2765 be-

64 2796 173 2858 nedcia
195 2797 271 2874 ipsa
289 2813 410 2860 vacare
435 2801 621 2875 contigerit,
643 2815 702 2878 per
715 2801 852 2862 idoneos

64 2890 158 2954 iacias
183 2894 330 2956 vicarios
354 2893 526 2958 deserviri.
551 2897 642 2958 Nulli
658 2912 749 2973 ergo,
775 2899 850 2971 etc,

63 2992 178 3053 nostrae
190 2993 418 3054 concessionis
433 2993 628 3070 intringere.
646 2993 681 3054 Si
697 2993 770 3071 quis
791 3011 853 3056 au-

62 3088 132 3160 tem,
149 3089 213 3150 etc.
238 3089 357 3150 Datum
383 3091 551 3161 Laterani,
568 3091 598 3152 X
622 3089 782 3152 kalendas
795 3095 851 3169 ja,-

64 3185 178 3258 marii,
196 3186 409 3262 pontificatus
420 3187 525 3249 nostri
541 3203 630 3250 anno
644 3189 769 3266 quinto.

393 3409 511 3498 CLVI

63 3552 107 3610 Ad
137 3553 297 3625 priorem
329 3553 519 3624 Hospitalis
545 3553 853 3627 Hierosolymorum

339 3651 376 3709 tm
400 3653 563 3710 maudo.

317 3769 351 3828 23
365 3769 494 3830 decemb.
517 3772 594 3830 itio.

98 3885 219 3948 steret,
227 3884 273 3934 lib.
281 3885 311 3943 V,
322 3885 397 3949 epist.
409 3885 464 3934 282.
478 3887 535 3936 tiss.
544 3887 580 3936 La
592 3887 667 3938 Porte
677 3888 712 3938 dn
722 3888 815 3952 Thali]

63 3988 131 4046 lacit
156 3991 183 4048 ei
210 3997 381 4062 potestatem
410 3991 550 4050 retinendi
577 3993 605 4050 in
632 4007 685 4051 suo
712 3995 851 4066 Hospitali

92 4079 123 4136 H.
140 4079 316 4136 monachum
338 4095 523 4154 egressume
546 4081 720 4139 monasterio
743 4083 852 4141 ordinis

92 4164 186 4224 saneti
202 4167 359 4226 Benedicti.

95 4283 274 4355 Honorino,
290 4284 365 4358 etc,
387 4284 508 4348 dilecto
524 4287 593 4350 tilio
608 4287 712 4364 priori
727 4289 852 4366 Hospi-

64 4378 135 4440 talis
156 4381 452 4458 Hierosolymitani
467 4384 502 4444 in
524 4387 677 4446 Francia.

95 4475 286 4536 Deuotionis
296 4476 363 4538 tuae
374 4477 527 4554 precibus
540 4479 702 4552 inclinati,
714 4483 753 4542 H.
762 4497 851 4558 pres·

60 4565 205 4644 byterum
228 4573 295 4648 qui,
309 4573 344 4634 ut
364 4575 501 4646 asseris,
518 4591 593 4636 cum
609 4567 689 4638 olim
703 4579 851 4654 tempore

57 4666 237 4739 juventutis
260 4671 498 4733 monasterium
511 4673 639 4734 ordinis
655 4675 768 4738 Sancti
782 4678 849 4737 Be-

60 4764 175 4827 nedicti
190 4781 251 4844 per
266 4767 483 4830 simoniacam
498 4771 696 4846 pravitatem
717 4773 851 4849 ingres-

61 4875 111 4921 sus
134 4866 168 4926 et
195 4864 346 4942 pluribus
366 4867 463 4927 annis
478 4871 693 4930 conversatus
714 4869 848 4936 ibidem,

61 4961 262 5032 postmodum
282 4961 322 5023 de
344 4963 484 5024 consilio
500 4965 680 5027 dioecesani
697 4967 749 5028 sui
774 4983 848 5028 mo-

61 5058 238 5119 nasterium
265 5059 373 5135 ipsum
403 5061 519 5122 exiens
541 5077 616 5122 cum
630 5063 751 5125 litteris
766 5065 850 5126 dim-

61 5155 166 5215 cesani
181 5155 341 5234 ejusdem,
352 5158 386 5219 ut
396 5158 438 5220 ad
450 5158 542 5238 ¹aliud
559 5161 797 5224 monasterium
813 5178 848 5222 se

59 5247 265 5324 transferret,
282 5255 407 5330 recepit
427 5255 576 5319 habitum
599 5258 792 5334 Hospitalis,
815 5259 849 5319 in

60 5359 118 5419 quo
142 5349 252 5410 studet
277 5350 491 5413 laudabiliter
519 5353 658 5415 Domino
680 5354 846 5428 famulari,

59 5441 114 5503 tibi
143 5446 308 5508 retinendi
340 5448 492 5522 liberam,
521 5467 564 5512 ex
591 5451 848 5528 dispensationis

60 5545 174 5603 nostrae
186 5545 306 5620 gratia,
315 5545 485 5608 licentiam
498 5548 720 5626 indulgemus.
731 5553 848 5614 Datum

61 5635 221 5711 Laterani,
236 5643 267 5702 X
282 5643 347 5704 kal.
360 5644 520 5720 januarii,
535 5661 623 5708 anuo
640 5649 766 5726 quinto.

682 383 909 445 EPISTOLAE.
935 385 1011 444 LIB.
1035 385 1073 442 V.

1237 568 1375 657 CLVII

1180 705 1236 764 nu
1254 705 1422 764 eumaem

1159 823 1195 881 23
1213 821 1343 882 decemb.
1369 821 1449 880 tito.

940 939 1060 1002 mereat,
1070 936 1116 988 lib.
1128 939 1160 997 V,
1172 938 1248 1004 epist.
1259 937 1315 988 286.
1326 937 1383 988 Has.
1398 938 1433 988 La
1445 936 1520 986 Porta
1530 934 1566 985 dn
1576 935 1671 999 Thoti]

908 1045 987 1102 lincit
1007 1045 1034 1102 ei
1051 1051 1222 1116 potestatem
1240 1045 1264 1102 t.
1295 1043 1502 1101 subdiaconum
1522 1057 1540 1099 e
1559 1049 1702 1098 monaste·

943 1133 986 1190 rio
999 1134 1203 1190 canonicorum
1214 1133 1390 1206 regularium
1403 1145 1554 1206 egressum
1563 1131 1592 1188 in
1607 1129 1702 1202 bospi-

943 1221 993 1278 tali
1005 1235 1060 1278 suo
1074 1220 1225 1278 retinendi.

948 1337 1126 1409 Honorius
1143 1340 1218 1411 etc,
1240 1336 1360 1400 dilecto
1375 1337 1443 1398 dlio
1460 1335 1564 1414 priori
1579 1336 1703 1413 Hospi-

907 1435 985 1497 talis
999 1435 1292 1512 Hierosolymitani
1306 1436 1342 1495 in
1355 1433 1507 1496 Francia.

947 1532 1137 1594 Deuotionis
1154 1534 1220 1594 tuae
1235 1531 1388 1609 precibus
1403 1531 1567 1602 inclinati,
1578 1530 1704 1606 magis-

908 1631 993 1691 trum
1006 1631 1035 1691 J.
1056 1628 1305 1702 subdiaconum,
1317 1630 1457 1691 latorem
1477 1627 1701 1706 praesentium,

908 1725 964 1805 qui
978 1727 1012 1787 in
1026 1726 1226 1812 monasterio
1238 1728 1473 1788 canonicorum
1484 1724 1701 1803 regularium,

909 1823 1022 1884 habitu
1035 1824 1208 1900 religionis
1223 1825 1403 1900 assumpte,
1412 1824 1619 1901 postmodum
1632 1837 1705 1882 mo-

908 1921 1054 1982 nasterio
1075 1921 1147 1998 ipso
1171 1937 1326 1996 egressus
1347 1920 1387 1981 ad
1406 1921 1604 1997 religionem
1624 1919 1705 1980 Hie·

907 2019 1137 2096 rosolymitaui
1160 2033 1195 2079 se
1218 2018 1387 2080 transtulit
1415 2016 1613 2094 Hospitalis,
1643 2015 1703 2078 tibi

908 2113 1073 2177 retinendi
1088 2115 1238 2188 liberam,
1254 2131 1297 2176 ex
1309 2113 1567 2192 dispensationis
1580 2113 1704 2174 nostrae

908 2213 1027 2289 gratia,
1045 2211 1213 2274 licentiam
1237 2213 1457 2289 indulgemus.
1472 2211 1591 2273 Datum
1607 2210 1705 2271 Late-

908 2310 994 2382 rani,
1015 2313 1045 2371 X
1057 2309 1387 2387 kalendasjanuarii,
1403 2323 1491 2372 anno
1503 2308 1629 2388 quinto.

1227 2496 1388 2584 CLVIII

927 2631 980 2691 Ad
992 2625 1140 2701 abbates,
1151 2632 1304 2730 priores,
1321 2629 1397 2701 etc„
1411 2643 1479 2705 per
1497 2631 1686 2692 wuensom

1075 2730 1294 2803 procinctam
1312 2727 1525 2790 constitutos.

956 2923 961 2932 ι
1167 2849 1203 2907 tt
1216 2847 1346 2920 decemb.
1365 2847 1444 2908 1220.

947 2955 1067 3020 [Rogant.
1079 2954 1124 3008 lib.
1136 2954 1165 3013 V,
1175 2955 1248 3018 epist.
1263 2953 1318 3005 rat.
1328 2955 1385 3004 llas.
1396 2954 1518 3006 LaPorta
1530 2953 1566 3005 dn
1574 2951 1668 3014 rheti]

908 3062 1039 3135 Praecipit
1053 3061 1104 3128 eis,
1131 3068 1162 3118 ut
1181 3059 1254 3118 lacte
1269 3061 1478 3119 contributione
1491 3077 1543 3146 pro
1557 3059 1704 3119 lacultntl-

943 3151 997 3208 bus
1010 3151 1190 3222 singulorum
1207 3149 1390 3208 medietatem
1400 3147 1560 3208 debitorum
1574 3153 1702 3228 episcopi

943 3239 1083 3297 tullensis
1097 3241 1219 3298 solvant.

948 3356 1125 3424 Honorius,
1155 3357 1230 3430 etc,
1261 3356 1390 3420 dilectis
1416 3357 1495 3419 liliis
1516 3357 1700 3436 abbatibus,

908 3453 1085 3531 prioribus,
1097 3455 1244 3528 decanis,
1257 3455 1422 3532 capitulis
1440 3457 1596 3519 universo
1612 3458 1702 3522 clero

908 3551 1064 3622 civitatis,
1078 3555 1110 3612 et
1124 3553 1278 3614 dioecesis
1291 3552 1420 3615 Tulleu.

947 3649 1017 3710 Etsi
1042 3649 1703 3731 quorumlibetproximorumonerasup-

908 3745 1067 3822 portanda
1079 3747 1144 3807 sint
1160 3747 1200 3806 ab
1217 3746 1280 3816 his,
1297 3747 1354 3824 qui
1380 3746 1561 3825 adimplere
1576 3749 1702 3813 doside-

907 3845 983 3904 rant
1013 3843 1118 3918 legem
1143 3843 1275 3914 Christi,
1311 3844 1502 3920 specialiter
1540 3846 1651 3908 tamen
1682 3863 1701 3908 a

907 3939 1047 4002 subditis
1062 3941 1251 4017 supportari
1260 3939 1461 4002 decetonera
1474 3943 1699 4019 praelatorum,

907 4053 981 4100 cum
997 4036 1145 4098 membra
1171 4038 1272 4114 capiti
1296 4037 1438 4102 debeant
1458 4041 1600 4116 compati
1636 4058 1700 4119 pa-

907 4135 1012 4197 tienti.
1029 4137 1116 4195 Sane
1130 4135 1259 4196 Tulleu.
1275 4135 1484 4214 episcopatus
1498 4138 1602 4209 tanto,
1614 4139 1701 4202 sicut

906 4232 1106 4309 accepimus,
1128 4233 1290 4308 premitur
1322 4248 1423 4295 onere
1447 4233 1643 4308 debitorum,
1665 4239 1701 4300 ut

907 4329 973 4390 nisi
1008 4330 1120 4407 aliquo
1148 4329 1297 4392 remedio
1333 4329 1551 4394 subveniatur
1579 4333 1698 4406 eidem,

906 4428 1064 4489 extremae
1079 4427 1295 4489 desolationis
1307 4429 1340 4503 ei
1348 4429 1505 4490 timeatur
1514 4431 1698 4506 periculum

906 4523 1091 4594 imminere,
1103 4540 1178 4586 cum
1194 4523 1304 4587 debita
1321 4503 1394 4602 ejus
1415 4541 1578 4590 summam
1597 4527 1699 4590 trium

906 4621 1046 4682 millium
1062 4637 1248 4684 marcarum
1273 4623 1450 4700 attingant,
1465 4627 1498 4686 et
1503 4624 1629 4702 jugiter
1642 4643 1699 4688 au-

905 4721 1056 4795 geantur,
1074 4735 1250 4780 usurarum
1276 4720 1436 4796 voragine
1455 4722 1603 4785 redditus
1626 4727 1697 4802 ejus

906 4832 990 4894 pene
1008 4817 1139 4893 penitus
1168 4815 1376 4879 absorbente.
1405 4819 1485 4880 Cum
1499 4819 1602 4897 igitur
1620 4822 1697 4884 huic

906 4914 1098 4976 necessitati
1139 4915 1386 4977 communicare
1417 4931 1477 4978 vos
1514 4917 1629 4980 deceat
1665 4923 1698 4980 et

905 5012 1051 5088 episcopi
1066 5011 1168 5073 vestri
1181 5027 1284 5076 onera
1308 5016 1515 5090 supportare,
1531 5016 1698 5077 universi-

904 5109 1006 5170 tatem
1015 5110 1162 5170 vestram
1183 5110 1554 5173 monendam-duximus
1566 5115 1599 5174 et
1612 5112 1695 5174 hor-

903 5206 1038 5268 tandam
1048 5221 1110 5283 per
1121 5207 1310 5283 apostolica
1326 5207 1420 5270 vobis
1435 5209 1557 5286 scripta
1572 5211 1695 5288 praeci-

905 5303 1025 5379 piendo
1061 5303 1267 5376 mandantes,
1295 5308 1468 5381 quatenus,
1494 5306 1581 5370 facta
1610 5323 1695 5371 con-

903 5400 1084 5462 tributione
1120 5417 1180 5478 pro
1219 5401 1430 5462 facultatibus
1470 5404 1693 5480 singulorum,

903 5497 1111 5560 medietatem
1127 5498 1266 5562 solvatIs
1282 5499 1384 5560 debiti
1398 5502 1585 5576 praetaxati,
1603 5509 1638 5566 ut
1648 5508 1696 5567 sic

903 5597 1010 5658 dictus
1028 5598 1203 5674 episcopus
1227 5597 1267 5658 de
1292 5596 1484 5674 hujusmodi
1510 5601 1694 5666 debitorum
1808 5627 1812 5634 ·

903 5695 1098 5772 pelageper
1109 5695 1273 5756 auxilium
1283 5697 1573 5768 vestras-caritatis,
1586 5715 1695 5762 emer·-
