3952 6350
271 337 355 398 ¹735

295 513 365 560 suae
385 495 425 558 de
444 494 585 558 Varedel
607 493 669 558 sibi
691 494 856 568 vendicat,
878 495 911 556 et
930 494 964 554 in
990 495 1089 556 terris

295 595 402 672 ipsius
423 609 527 655 novas
550 593 648 654 villas
672 595 793 669 praeter
815 595 887 670 ejus
912 608 1089 654 assensum

296 691 439 754 aedificat
464 691 573 752 minus
589 691 690 767 Juste
712 691 745 752 et
763 689 847 750 alias
869 693 994 751 temere
1011 693 1089 766 jura

295 789 443 867 ejusdem
458 788 606 864 usurpat,
624 802 662 848 ac
676 801 775 864 super
794 786 934 864 quadam
954 802 1090 848 consue·

295 886 420 953 tudine,
440 901 513 962 quae
537 899 656 947 manus
679 885 808 946 mortua
832 883 964 956 dicitur,
982 883 1089 944 eidem

296 983 477 1060 injuriosus
488 983 648 1054 existens,
667 981 854 1043 bominibus
870 981 939 1042 suis
953 980 992 1041 de
1004 981 1091 1042 Gon-

296 1081 392 1156 giaco
413 1079 542 1140 inhibet
561 1095 603 1140 nc
629 1079 670 1140 ad
692 1079 797 1156 ipsius
821 1081 1004 1140 exercitum
1027 1093 1088 1139 ve-

296 1176 402 1250 niant,
419 1179 455 1238 ut
465 1176 630 1248 tenentur,
645 1177 698 1236 liis
713 1177 834 1237 talibus
848 1177 954 1236 modis
969 1177 1090 1237 damna

296 1274 412 1352 gravia
427 1276 459 1336 et
476 1274 616 1350 injurias
631 1273 821 1348 irrogando.
839 1275 921 1345 Quia
938 1289 1017 1334 vero
1030 1289 1092 1334 no-

295 1373 348 1434 bis
373 1387 439 1432 non
461 1371 609 1432 constitit
627 1371 667 1431 de
687 1371 879 1447 praemissis,
898 1371 1089 1431 discretioni

296 1471 416 1533 uestras
440 1485 500 1546 per
523 1468 711 1545 apostolica
743 1468 866 1544 scripta
895 1468 1090 1528 mandamus

298 1570 471 1646 quatenus,
480 1565 630 1642 partibus
643 1565 847 1637 convocatis,
858 1563 1002 1626 audiatis
1016 1581 1092 1625 cau·

298 1679 380 1736 sam,
406 1662 440 1722 et
461 1661 547 1738 quod
570 1661 696 1737 justum
727 1659 837 1732 luerit,
869 1659 1091 1736 appellatione

298 1757 492 1837 postposita,
512 1756 677 1828 statuatis,
694 1755 853 1817 iacientes
868 1756 954 1832 quod
971 1759 1091 1817 statue-

298 1856 373 1918 ritis
395 1854 591 1916 auctoritate
612 1855 725 1914 nostra
747 1853 886 1914 firmiter
905 1852 1088 1914 observari.

298 1953 414 2014 Testes
437 1951 547 2013 autem
567 1949 623 2026 qui
647 1949 772 2011 suerint
796 1950 1028 2022 nominatius
1056 1966 1091 2009 se

298 2050 418 2126 gratia,
442 2049 518 2110 odio
541 2047 594 2110 vel
621 2047 740 2110 timore
767 2047 1004 2120 subtraxerint,
1033 2064 1092 2124 per

299 2161 473 2208 censuram
495 2145 767 2216 ecclesiasticam,
785 2145 1006 2222 appellatione
1024 2161 1092 2206 ces-

299 2244 404 2316 sante,
422 2244 548 2320 cogatis
570 2242 704 2304 veritati
726 2243 953 2305 testimonium
978 2242 1092 2319 perhi-

298 2341 387 2402 bere.
407 2340 497 2412 Quod
519 2340 549 2400 si
568 2355 634 2401 non
658 2355 772 2400 omnes
795 2340 847 2402 his
872 2339 1091 2416 exsequendis

299 2438 473 2516 potueritis
490 2437 662 2508 interesse,
680 2437 744 2498 duo
760 2439 906 2498 vestrum
921 2437 1093 2498 nihilomi-

300 2550 363 2595 nus
376 2535 612 2610 exsequantur.
625 2535 744 2595 Datum
755 2535 922 2606 Laterani,
931 2537 1005 2596 Vlll
1016 2534 1090 2595 idus

299 2631 421 2705 martii,
437 2631 647 2708 pontificatus
663 2631 768 2692 nostri
784 2647 872 2694 anno
887 2631 1015 2708 quinto.

559 2813 833 2904 GCLXXXVII

300 2953 351 3012 Ad
369 2951 608 3025 patriarcham
627 2951 1038 3024 Cortstcntz'uopotttatatem
1059 2949 1092 3010 et

338 3051 532 3123 episcopum
552 3051 838 3109 smantrtensem
858 3061 899 3108 ac
919 3051 1093 3109 arclticttc-

338 3159 462 3207 conum
475 3145 650 3206 Constant.

589 3259 607 3316 8
621 3265 705 3316 mart.
723 3259 800 3316 itti.

314 3366 363 3431 [Ex
376 3377 423 3415 ms.
436 3364 566 3422 Vaticano,
575 3364 619 3414 lib.
632 3365 663 3424 V,
676 3363 721 3414 loi.
734 3365 773 3422 86,
788 3365 860 3428 epist.
872 3365 927 3414 iae.
940 3365 1075 3429 llaynald.,

437 3437 469 3485 ed
479 3449 539 3485 ann.
554 3437 623 3494 last,
635 3435 647 3499 5
661 3437 700 3494 28,
714 3436 757 3486 sed
770 3450 821 3485 non
834 3437 953 3500 integra]

299 3533 534 3594 Constitutionem
560 3533 727 3606 synodalem
754 3549 769 3590 a
794 3533 928 3607 Pelagio,
958 3534 1092 3606 episcopo

334 3621 489 3679 Albanensi
510 3619 626 3689 editam,
645 3621 710 3678 dorn
729 3621 882 3694 legationis
903 3637 1023 3680 munere
1039 3623 1093 3679 illis

334 3710 364 3766 in
387 3707 552 3781 regionibus
572 3707 746 3780 iungeretur,
771 3710 864 3780 ipsum
888 3709 1090 3782 (patriarcham

334 3793 687 3868 constantinopolitanum)
703 3801 789 3868 atque
803 3797 969 3872 episcopum
987 3798 1088 3856 Salim·

334 3884 476 3942 liniensem
490 3883 660 3942 servandam
673 3899 773 3942 curare
783 3884 874 3957 jubet.

338 3993 516 4065 Honorius,
540 3995 615 4066 etc,
638 3992 837 4070 patriarchae
858 3995 1091 4056 Constantino-

299 4089 445 4166 politano
459 4090 492 4151 et
511 4089 665 4166 episcopo
682 4091 898 4153 Salambrian.
914 4093 947 4152 et
961 4086 1088 4153 archid.

299 4187 673 4262 Constantinopolitano.

336 4285 384 4346 Ad
402 4283 605 4345 audientiam
627 4285 773 4346 nostram
789 4285 949 4347 noveritis
967 4301 1089 4363 perva-

298 4383 399 4454 nisse,
425 4381 511 4458 quod
533 4397 608 4442 cum
630 4381 830 4443 venerabilis
854 4381 958 4444 frater
977 4387 1091 4446 noster

298 4484 335 4542 P.
354 4478 551 4541 albanensis
572 4479 758 4555 episcopus
781 4479 858 4540 dum
880 4479 914 4540 in
940 4481 1089 4556 partibus

297 4575 1090 4655 Romaniaelegationisoldciofungeretur,sync-

297 4674 365 4735 dali
391 4674 521 4734 decreto
549 4674 702 4744 vetuerit,
723 4689 766 4733 ne
796 4689 945 4750 personas
968 4675 1088 4751 aliquae

296 4771 373 4832 aliae
386 4785 483 4846 quam
495 4771 640 4831 inunctas
656 4771 947 4846 processionaliter
959 4773 1090 4848 recipe-

295 4869 413 4930 rentur
433 4865 555 4927 alicubi
576 4867 612 4926 in
634 4867 782 4942 partibus
797 4867 984 4941 antedictis,
999 4869 1032 4931 et
1047 4885 1089 4930 ne

295 4967 381 5026 lecto
403 4963 582 5039 Evangelio
605 4963 690 5024 liber
709 4963 749 5024 ad
772 4965 988 5026 osculandum
1012 4967 1088 5028 aliis

295 5077 392 5142 quam
408 5061 559 5138 personis
575 5060 760 5122 deferretur
782 5061 938 5134 inunctis,
956 5063 1088 5140 quidam

294 5163 453 5224 statutum
472 5157 662 5236 hujusmodi
676 5160 800 5220 temere
814 5159 942 5222 violare
961 5177 1089 5237 praesu-

295 5260 388 5320 munt
408 5259 443 5318 in
465 5255 657 5318 scandalum
680 5256 833 5317 aliorum.
851 5257 992 5334 Ideoque
1014 5258 1087 5318 dis-

294 5355 433 5417 cretioni
448 5356 513 5415 tuae
534 5369 593 5430 per
606 5353 795 5429 Apostolica
812 5353 935 5430 scripta
951 5355 1089 5416 manda-

294 5469 366 5515 mus
378 5453 538 5530 quatenus
554 5467 622 5522 eos,
636 5452 693 5528 qui
703 5455 818 5513 contra
832 5451 1087 5528 prohibitionem

293 5549 493 5627 hujusmodi,
524 5549 812 5609 honorificentiam
844 5551 994 5626 personis
1022 5566 1087 5612 non

293 5647 439 5708 inunctis
468 5645 624 5707 exhibere
651 5649 866 5723 praesumunt,
897 5647 938 5708 ab
967 5648 1087 5725 hujus-

911 335 1085 396 uertenti
1108 336 1152 395 111
1174 331 1322 398 OPERA.
1863 333 1909 396 nc

1144 495 1232 556 modi
1274 495 1532 572 praesumptione
1569 508 1716 582 cessare,
1755 496 1910 557 monitione

1144 593 1326 670 praemissa,
1337 607 1398 669 per
1409 607 1582 653 censuram
1596 591 1856 663 ecclesiasticam,
1865 608 1912 670 ap-

1144 690 1321 766 pellatione
1341 691 1467 752 remota
1489 704 1689 766 compescas.
1714 688 1843 760 Quodsi
1859 707 1912 751 non

1144 804 1269 860 ornnes,
1293 787 1357 848 duo
1376 789 1533 858 vestrum,
1551 790 1613 848 etc.
1630 788 1748 848 Datum
1766 786 1911 860 Laterani,

1144 888 1218 948 Vlli
1239 887 1313 947 idus
1330 887 1453 958 martii,
1471 885 1560 962 pont.
1579 884 1683 946 nostri
1708 899 1794 945 anno
1808 885 1911 961 quinto.

1146 1029 1213 1086 llaec
1227 1028 1288 1100 ipsa
1299 1027 1417 1098 epistola
1433 1041 1487 1098 qua
1501 1032 1645 1084 vetaretur
1657 1039 1693 1081 ne
1706 1024 1751 1080 eui
1765 1025 1914 1096 principatui

1180 1113 1263 1155 sacro
1287 1099 1351 1154 oleo
1375 1099 1508 1153 inunctus
1530 1103 1616 1164 esset,
1641 1095 1777 1168 religioso
1802 1095 1914 1152 instructo

1181 1170 1308 1240 agmine,
1335 1168 1451 1224 nonoris
1473 1168 1575 1238 gratie,
1602 1165 1717 1223 obviam
1741 1167 1839 1233 iretur3
1858 1181 1915 1222 nore

1180 1241 1254 1297 lecto
1270 1240 1427 1311 Evangelio
1446 1237 1517 1294 liber
1537 1237 1747 1294 exosculandas
1767 1235 1915 1304 deterretur;

1182 1325 1215 1367 ec
1230 1325 1265 1366 ne
1281 1309 1370 1366 sacris
1389 1308 1535 1365 ordinibus
1547 1307 1649 1364 initiati
1662 1307 1819 1364 tabellionis
1833 1319 1916 1363 mulius

1181 1381 1302 1438 obirent.

1185 1503 1227 1560 In
1243 1501 1359 1558 eodem
1370 1501 1468 1558 ritorto
1479 1497 1635 1572 scriptum
1647 1495 1698 1557 est
1710 1493 1851 1570 utsupra
1864 1494 1917 1554 eis-

1146 1595 1219 1657 dem
1232 1611 1338 1668 usque
1348 1613 1359 1655 .·
1373 1593 1524 1670 synodali
1536 1593 1669 1654 decreto
1682 1591 1833 1663 vetuerit,
1885 1608 1917 1651 ne

1146 1693 1220 1771 quis
1235 1694 1270 1753 in
1286 1693 1392 1753 sacris
1415 1691 1587 1753 ordinibus
1608 1690 1805 1753 constitutus
1827 1689 1916 1750 tabel-

1145 1791 1290 1851 lionatus
1306 1789 1451 1851 osticium
1470 1789 1651 1850 exerceret.
1669 1786 1854 1864 Presbyteri
1866 1789 1918 1844 l’e-

1146 1889 1309 1949 netiarum
1326 1886 1428 1948 etalii
1443 1886 1662 1947 consistentes
1678 1886 1712 1945 in
1726 1883 1828 1945 sacris
1841 1883 1917 1943 ordi-

1145 1985 1243 2046 nibus
1258 1981 1476 2045 nihilominus
1495 1997 1653 2044 exercere
1668 1981 1916 2059 praesumuntot-

1146 2083 1257 2143 ficium
1268 2083 1484 2142 memoratum
1496 2097 1531 2141 se
1540 2097 1639 2157 snper
1648 2079 1917 2156 hocApostolicum

1146 2179 1269 2242 habere
1296 2179 1506 2256 privilegium
1528 2178 1738 2240 mentientes.
1765 2177 1836 2238 ideo
1861 2175 1918 2234 dis-

1146 2278 1286 2340 cretioni
1301 2279 1421 2338 vestrae
1433 2291 1492 2352 per
1505 2275 1694 2352 Apostolica
1710 2275 1831 2352 scripta
1844 2289 1918 2332 man·

1146 2376 1274 2447 damus,
1291 2374 1454 2452 quatenus
1475 2373 1686 2451 presbyteros
1700 2373 1792 2450 ipsos
1806 2375 1836 2432 et
1851 2372 1917 2431 alios

1146 2473 1182 2535 ut
1205 2472 1246 2534 ab
1273 2471 1463 2550 hujusmodi
1490 2470 1751 2548 praesumptione
1782 2469 1918 2530 desistant

1146 2571 1327 2632 monitione
1348 2570 1532 2647 praemissa,
1554 2584 1614 2644 per
1635 2581 1811 2628 censuram
1831 2567 1919 2626 eccle-

1147 2667 1324 2738 siasticam,
1343 2666 1564 2742 appellatione
1580 2667 1719 2734 remota,
1738 2663 1860 2738 cognita
1874 2677 1919 2720 re-

1146 2765 1244 2826 ritate
1257 2763 1393 2838 cogatis.
1415 2762 1506 2834 Quod
1521 2762 1548 2821 si
1563 2777 1628 2822 non
1639 2777 1768 2832 omnes,
1783 2761 1844 2821 duo
1855 2775 1918 2818 res-

1145 2863 1244 2933 trum,
1256 2865 1317 2922 etc.
1335 2863 1452 2921 Datum
1466 2861 1627 2936 utsupra,
1643 2858 1704 2919 etc.

1394 3029 1690 3118 cccxxxviii

1147 3167 1198 3226 Act
1218 3165 1372 3224 abbatem
1389 3167 1424 3224 S.
1446 3163 1705 3233 Bartholomoet,
1727 3165 1767 3224 A.
1788 3163 1826 3221 dc
1845 3162 1918 3218 liciti.

1206 3267 1248 3323 P.
1260 3265 1300 3322 dc
1314 3264 1407 3334 capt,
1422 3264 1603 3322 cottoniana
1614 3261 1867 3321 Noviomerncs.
1932 3335 1935 3344 .

1428 3373 1461 3429 lt)
1480 3379 1562 3429 mart.
1582 3371 1659 3428 itti.

1179 3481 1298 3544 magud„
1310 3479 1354 3530 lib.
1366 3480 1397 3538 V,
1409 3479 1481 3543 epist.
1494 3477 1548 3528 its.
1563 3477 1619 3527 lllss.
1633 3477 1670 3528 La
1680 3477 1759 3527 Poste
1771 3475 1804 3526 du
1818 3473 1896 3536 thail]

1146 3579 1215 3636 Cum
1235 3573 1407 3634 llorinensis
1427 3575 1578 3647 episeopus
1597 3582 1741 3632 assereret
1756 3577 1785 3632 P.
1804 3569 1917 3646 praeposi·

1182 3663 1239 3712 tum
1256 3658 1350 3713 Sancti
1367 3655 1530 3721 audomari,
1550 3655 1680 3712 ecclesiae
1699 3669 1762 3711 suaa
1783 3651 1918 3709 custodian

1180 3751 1245 3794 cum
1262 3750 1372 3792 annexa
1389 3733 1539 3806 praebenda
1557 3735 1587 3790 P.
1604 3733 1709 3790 clerico
1725 3739 1841 3789 uxorato
1854 3725 1919 3785 tradi-

1182 3813 1268 3882 disse,
1287 3813 1367 3887 jubet
1388 3820 1419 3870 ut
1438 3812 1473 3869 de
1495 3813 1613 3868 veritate
1636 3811 1795 3882 inquirant,
1816 3817 1842 3864 et
1860 3801 1919 3878 quod

1180 3895 1350 3952 canonicum
1366 3893 1449 3950 luerit
1466 3898 1601 3950 statuant.

1185 4003 1364 4074 Honorius,
1375 4004 1449 4074 etc,
1461 3999 1590 4060 dilectis
1605 3997 1683 4058 liliis
1698 3995 1812 4058 abbati
1826 3989 1919 4055 Sancti

1145 4098 1389 4170 Bartholomaei,
1406 4103 1443 4158 Α.
1466 4095 1506 4158 de
1526 4099 1610 4158 Ham
1632 4095 1665 4157 et
1686 4095 1789 4157 Petro
1803 4091 1841 4152 de
1854 4086 1918 4163 Capi

1144 4197 1314 4257 canonicis
1328 4195 1524 4256 Noviomen.

1185 4295 1251 4353 Sua
1267 4293 1362 4352 nobis
1379 4289 1580 4353 venerabilis
1596 4289 1699 4351 irater
1709 4289 1824 4350 noster
1834 4281 1919 4345 lton'·

1144 4389 1257 4450 nensis
1272 4389 1445 4465 episcopus
1460 4387 1705 4462 significatione
1727 4377 1917 4446 monstrarit,

1145 4487 1230 4563 quod
1253 4489 1289 4547 Ρ.
1310 4485 1507 4562 praepositus
1526 4483 1677 4547 ecclesiae
1698 4481 1812 4544 Sancti
1826 4475 1919 4540 Audo-

1145 4583 1229 4644 mari
1246 4599 1314 4644 suae
1337 4583 1500 4666 dioecesis,
1518 4581 1702 4644 custodiam
1718 4578 1862 4657 ejusdem
1875 4587 1919 4633 ec·

1144 4682 1255 4742 clasiae
1271 4697 1344 4741 oum
1356 4695 1488 4740 annexa
1499 4677 1562 4740 sibi
1574 4677 1754 4755 praebenda
1767 4679 1803 4736 P.
1815 4670 1919 4735 clerico

1144 4781 1306 4840 Morinen.
1327 4777 1480 4838 dioecesis
1505 4775 1644 4838 contulit
1662 4773 1817 4842 uxorato,
1835 4779 1918 4842 snper

1144 4891 1207 4953 quo
1218 4891 1238 4936 a
1250 4875 1344 4936 nobis
1354 4875 1450 4951 petiit
1463 4873 1549 4934 idem
1560 4871 1737 4949 episcopus
1749 4862 1916 4947 providem

1143 4973 1298 5050 quocirca
1315 4970 1508 5032 discretioni
1527 4970 1648 5031 vestrae
1669 4982 1729 5044 per
1748 4961 1917 5042 apostolica

1144 5070 1266 5146 scripta
1278 5069 1472 5130 mandamus
1482 5064 1823 5144 quatenus,inquisita
1834 5069 1916 5133 super

1143 5167 1205 5228 hoc
1221 5166 1414 5242 diligentius
1429 5165 1580 5235 veritate,
1597 5161 1626 5222 si
1640 5161 1735 5222 vobis
1751 5151 1916 5221 constiterit

1142 5264 1188 5324 ita
1209 5279 1292 5335 esse,
1310 5263 1432 5324 dictam
1454 5261 1636 5322 custodiam
1656 5273 1730 5320 cum
1758 5247 1914 5333 praebenda

1143 5360 1263 5422 clerico
1297 5359 1511 5430 subtrahatis,
1536 5359 1569 5418 et
1594 5355 1755 5422 eamdem,
1783 5359 1914 5428 persona

1143 5458 1270 5518 idoneae
1286 5455 1517 5517 conserendam
1535 5451 1698 5533 [curetisl.
1716 5449 1809 5523 Quod
1824 5446 1849 5508 si
1863 5455 1914 5504 non

1142 5571 1267 5626 omnes
1285 5555 1346 5616 etc.
1358 5555 1475 5616 Datum
1490 5551 1704 5618 Laterani,Vl
1716 5549 1794 5609 idus
1809 5539 1913 5608 martii,

1143 5652 1354 5728 pontificatus
1369 5651 1474 5713 nostri
1487 5665 1574 5710 anno
1588 5647 1713 5725 quinto.
