3952 6350
214 133 232 180 l

276 301 336 364 666
897 299 1071 363 6616666
1094 271 1139 360 111
1161 301 1308 364 ornan.
1863 309 1913 370 66

591 467 758 556 CLXXV

264 587 265 592 ’
298 605 350 665 ,11
372 603 602 678 praepositum
628 604 662 664 et
684 602 871 676 capitutum
891 603 932 662 de
956 603 1054 664 Novo

609 701 741 762 Castro.

543 812 702 886 ajanuarii
727 813 806 870 1111.

428 905 663 984 [11116166161166.
675 918 758 977 Sulis..
767 919 822 976 Xll,
830 933 855 983 p.
868 916 935 984 iii]

295 1020 372 1076 lione
386 1018 459 1076 Nori
470 1017 561 1075 Casiri
574 1015 724 1074 6661166161
735 1023 764 1074 61
773 1017 802 1074 16
818 1016 993 1090 protectione
1003 1029 1055 1074 sue

613 1105 742 1178 suscipit.

316 1204 483 1266 Honorius
497 1204 810 1282 episcopusservus
822 1217 994 1264 66666666
1000 1201 1070 1274 liei,

277 1301 409 1364 dilectis
424 1301 514 1373 111116,
531 1300 709 1378 praeposito
719 1301 752 1362 et
766 1299 912 1376 capitulo
925 1298 965 1360 de
977 1300 1072 1362 Novo

278 1399 405 1472 Castro,
431 1398 571 1460 salutem
600 1398 635 1460 61
667 1395 884 1474 apostolicam
911 1394 1071 1458 benedic-

277 1495 414 1556 tionem.

318 1594 398 1653 Cum
409 1607 429 1653 a
441 1591 537 1653 nobis
548 1591 670 1668 6611166
685 1591 902 1670 quodjustum
913 1591 963 1653 est
972 1592 1005 1652 et
1016 1589 1074 1652 ho·

279 1691 422 1762 nestum,
450 1690 518 1752 tam
544 1689 639 1765 vigor
663 1689 840 1765 aequitatis,
869 1704 968 1767 quam
992 1685 1072 1750 ordo

277 1786 384 1861 exigit
397 1785 549 1856 rationis,
562 1788 599 1847 ut
609 1785 643 1846 id
654 1801 714 1863 666
724 1785 981 1847 sollicitudinem
994 1799 1073 1845 nos-

277 1885 362 1944 tram
376 1883 417 1944 ad
432 1882 577 1944 debitum
600 1883 800 1959 perducatur
821 1882 986 1944 61166166.
1008 1885 1073 1942 Ea-

278 1982 424 2060 propter,
440 1979 553 2040 dilecti
562 1979 596 2041 in
604 1980 744 2041 Domino
757 1980 830 2051 lilii,
842 1980 963 2042 vestris
972 1979 1072 2056 justis

277 2076 602 2154 precibusinclinati,
612 2093 771 2154 personas
779 2079 907 2140 vestras
918 2078 951 2139 et
962 2077 1071 2138 locum

276 2175 312 2236 in
327 2191 391 2252 quo
407 2173 520 2235 divino
534 2175 614 2236 estis
629 2174 787 2252 obsequio
802 2174 981 2250 mancipati
996 2189 1071 2234 cum

276 2271 430 2335 omnibus
444 2270 551 2342 bonis,
566 2287 639 2348 quae
654 2271 689 2332 in
708 2271 959 2348 praesentiarum
973 2271 1072 2332 66116·

277 2369 434 2431 nabiliter
461 2368 619 2446 possidet,
648 2369 763 2430 autin
791 2368 949 2440 futurum,
971 2367 1071 2446 justis

276 2465 394 2538 modis,
417 2468 597 2544 praestante
612 2467 763 2538 Domino,
782 2467 903 2543 poterit
917 2466 1068 2544 adipisci,

277 2561 340 2625 sub
355 2562 444 2626 beati
460 2564 550 2625 Petri
569 2565 602 2626 et
616 2565 729 2626 nostra
747 2564 950 2641 protectione
965 2564 1072 2624 susci-

278 2658 398 2736 pimus.
425 2658 621 2737 specialiter
639 2661 751 2722 autem
778 2659 1007 2736 possessiones
1031 2674 1071 2720 66

276 2756 343 2818 6116
354 2756 440 2818 bona
451 2756 572 2828 666166,
585 2755 671 2818 61661
681 2771 720 2817 66
735 2757 846 2818 66616
857 2757 998 2834 1661666
1009 2772 1072 2833 pa·

276 2853 371 2914 cilice
385 2853 571 2930 possidetis,
597 2851 743 2914 66111661
763 2868 823 2930 666
836 2869 894 2916 666
921 2852 1070 2915 ecclesiae

276 2951 396 3012 vestrae
411 2949 807 3027 6661661161611666161166
823 2950 1069 3024 confirmamus,

277 3047 613 3125 6166666661166661611
624 3047 807 3134 6616661616
815 3049 1068 3110 6666661666.

278 3145 372 3208 Nulli
382 3159 460 3220 ergo
476 3144 610 3205 omnino
623 3144 794 3206 bominum
804 3145 904 3206 liceat
914 3145 1000 3207 banc
1009 3161 1071 3222 pa-

277 3243 390 3320 ginam
405 3243 527 3303 nostrae
539 3241 801 3304 confirmationis
812 3243 845 3304 et
854 3243 1070 3319 protectionis

277 3340 472 3415 infringere,
486 3339 539 3400 vel
553 3340 585 3400 ei
598 3355 682 3400 ausu
696 3339 875 3400 temerario
891 3339 1067 3401 contraire.

277 3437 312 3498 Si
328 3437 526 3514 6616661666
548 3437 611 3498 boc
633 3435 797 3499 attentare
809 3438 1067 3513 praesumpserit,

277 3533 538 3610 indignationem
569 3533 900 3610 6661661661161161,
926 3536 957 3596 et
985 3533 1068 3596 bea·

275 3632 384 3693 torum
408 3629 500 3691 Petri
515 3631 548 3692 et
566 3630 663 3692 Pauli
687 3631 910 3708 apostolorum
928 3633 1012 3708 6166,
1034 3647 1069 3694 se

275 3727 406 3791 noverit
420 3727 643 3788 incursurum.

315 3827 435 3887 Datum
447 3823 614 3898 Laterani,
627 3828 655 3886 V
665 3825 740 3887 idus
751 3825 911 3904 januarii,
929 3825 1068 3904 pontiu-

274 3924 368 3985 66166
389 3921 493 3984 666161
509 3924 734 4000 annoquinto.

576 4089 766 4177 CLXXVI

273 4227 326 4290 Act
348 4225 558 4301 6666161666
578 4225 767 4298 Hospitalis
785 4225 921 4286 166616
942 4225 1069 4286 Murice

522 4323 818 4384 Tbeutonicornm.

579 4433 667 4506 6116.
682 4433 762 4492 ini.

373 4539 509 4603 [5116111116
523 4537 584 4590 Tab.
598 4538 734 4595 11166166,
746 4551 772 4601 p.
786 4537 842 4600 1811,
860 4549 885 4587 6.
898 4537 966 4602 suu]

272 4635 428 4696 confirmat
450 4636 542 4694 ordini
566 4603 807 4694 TheutonIcorum
834 4649 917 4694 usum
946 4635 1065 4693 mantel·

298 4726 391 4784 lorum
405 4731 434 4782 61
448 4725 567 4784 6116166
581 4725 704 4783 6661166
720 4722 877 4782 meandum
891 4730 1038 4782 6161111661.

313 4834 984 4910 116666166661666666,66666666666666
995 4833 1065 4905 Dei,

272 4932 351 4994 filiis
367 4934 556 4992 Hermanno
575 4931 733 5007 magistro
750 4931 782 4993 61
799 4930 968 5002 iratribus,
981 4933 1064 5004 616,

271 5031 411 5092 6616166
427 5030 459 5090 61
472 5027 688 5106 66661611666
703 5028 977 5090 benedictionem.

312 5127 583 5204 iia,quaestatuta
595 5126 1066 5202 6661666611661116661611666

273 5225 368 5287 Sedis
383 5221 565 5284 munimine
581 5223 747 5294 roborata,
761 5223 959 5284 inconcussa
974 5223 1067 5284 decet

253 5325 305 5394 ,61
319 5320 446 5382 illibata
467 5321 646 5382 6661166161
668 5319 814 5396 gaudere
835 5320 994 5397 perpetua
1008 5319 1067 5381 tir-

271 5418 397 5480 mitate.
412 5419 490 5477 cum
506 5417 608 5492 igitur
620 5417 769 5478 ordinem
785 5417 925 5479 fratrum
940 5417 1065 5494 116661-

270 5515 347 5578 talis
362 5512 656 5589 Hierosolymitani
673 5515 762 5575 circa
779 5528 942 5591 pauperes
961 5518 993 5575 et
1013 5514 1067 5573 in-

272 5613 395 5684 firmos,
420 5607 557 5672 fratrum
577 5625 657 5672 6666
679 5610 806 5673 militiae
827 5611 954 5690 'Templi
976 5610 1064 5671 circa
1117 5605 1276 5684 januarii,
1293 5602 1502 5680 pontificatus
1519 5604 1621 5666 nostri
1637 5619 1725 5666 anno
1740 5605 1852 5680 quinio.

1129 459 1270 523 clericos
1288 461 1322 522 et
1342 461 1464 523 milites
1479 477 1519 524 66
1539 462 1625 524 61166
1645 462 1766 526 iratres
1781 463 1815 524 in
1829 464 1914 529 domo
1970 465 1971 544 1

1128 560 1240 618 666166
1268 558 1452 620 statueritis
1478 559 1734 632 observandum,
1762 561 1857 638 idque
1877 565 1915 624 sii
1970 545 1971 638 1

1129 653 1224 714 Sedis
1249 655 1448 730 apostolicae
1475 657 1651 734 privilegio
1675 657 1912 736 confirmatum
1970 647 1971 728 ξ

1128 751 1328 814 auctoritate
1349 751 1443 814 vobis
1465 754 1681 830 presentium
1703 754 1913 832 indulgemus,
1970 761 1971 764 ’

1129 849 1175 920 61,
1192 848 1318 909 nullius
1348 849 1611 912 contradictione
1638 851 1801 922 obstante,
1821 852 1914 916 libere

1129 946 1269 1006 utamini
1278 947 1445 1009 mantellis
1454 948 1486 1008 61
1494 947 1737 1021 6111666611166,
1745 951 1914 1012 secundum

1128 1043 1288 1103 61616166
1313 1043 1441 1104 ordinis
1467 1045 1582 1116 666161,
1608 1049 1723 1107 666166
1752 1045 1914 1123 privilegio
1970 1087 1971 1092 κ

1128 1137 1372 1210 confirmatum,
1384 1139 1570 1201 districtius
1583 1141 1783 1212 inhibentes,
1798 1159 1839 1203 66
1849 1146 1915 1219 quis

1127 1235 1161 1296 id
1175 1236 1386 1312 aliquatenus
1399 1237 1576 1314 prohibere
1591 1240 1643 1300 vel
1658 1239 1820 1315 impedire
1835 1256 1914 1316 pra-

1128 1335 1248 1394 sumat.
1265 1333 1358 1394 Nulli
1377 1349 1459 1410 ergo
1477 1335 1612 1397 omnino
1634 1335 1807 1397 hominnm
1827 1337 1915 1398 liceat
1970 1365 1971 1416 1

1128 1429 1216 1490 banc
1229 1430 1383 1507 paginam
1399 1432 1522 1493 nostrae
1542 1434 1769 1494 concessionis
1786 1434 1914 1495 6116111-
1970 1453 1971 1512 l

1128 1524 1267 1590 bitionis
1288 1527 1483 1604 infringere,
1509 1528 1563 1592 661
1586 1530 1618 1590 61
1640 1545 1724 1591 ausu
1747 1531 1915 1592 temerario
1970 1537 1971 1592 1

1127 1624 1305 1686 666166166.
1322 1624 1356 1686 Si
1372 1625 1571 1701 6616661616
1587 1626 1649 1688 boc
1663 1627 1828 1689 attentare
1841 1644 1914 1704 prae·

1127 1721 1316 1797 sumpserit,
1332 1721 1595 1798 indignationem
1614 1724 1848 1800 omnipotentis
1863 1725 1913 1784 liei
1970 1755 1971 1808 1

1126 1817 1911 1898 etbeatornmPetrietPauliapostolorumejus,
1970 1811 1971 1906 1

1127 1929 1162 1976 66
1188 1916 1320 1977 noverit
1344 1917 1567 1978 incursurum.
1601 1919 1721 1978 Datum
1753 1919 1911 1990 Laterani,

1126 2014 1154 2072 V
1167 2012 1410 2089 idusjanuarii,
1423 2013 1685 2090 6661116666161
1696 2015 1912 2092 6666661616.

1420 2171 1631 2260 CLXXVII

1970 2109 1971 2174 1

1172 2303 1224 2366 Aa
1244 2305 1454 2380 magistrum
1473 2307 1508 2366 61
1526 2307 1660 2380 fratres
1678 2307 1871 2382 Hospitalis

1273 2403 1451 2464 1116616
1472 2403 1769 2466 Nicatonicorum.

1430 2505 1617 2578 91661111.

1177 2597 1312 2664 [Stratike.
1326 2599 1646 2660 Τι11616ο61.11166166.,
1659 2617 1685 2668 p.
1698 2602 1866 2669 1616166]

1125 2697 1223 2756 061161
1231 2697 1406 2756 Theutcnico
1416 2698 1547 2758 concedit
1557 2701 1752 2760 immunitates
1762 2703 1911 2775 Hospitalis

1438 2793 1468 2844 61
1484 2787 1605 2860 Templi.

1165 2881 1334 2948 Honorius
1345 2884 1531 2964 episcopus,
1539 2901 1656 2948 servus
1665 2903 1836 2950 servorum
1846 2889 1909 2958 Dei,

1125 2981 1254 3043 dilectis
1269 2981 1348 3043 tiliis
1363 2985 1552 3044 Hermanno
1568 2985 1728 3060 magistro
1747 2987 1781 3047 et
1799 2985 1908 3047 fratri·

1125 3078 1187 3140 bus
1208 3078 1389 3156 Hospitalis
1412 3081 1540 3144 Sanctae
1560 3082 1676 3143 Mariae
1698 3083 1911 3144 Theutonico·

1124 3191 1198 3236 rum
1218 3176 1522 3254 Hierosolymitani
1544 3179 1685 3241 salutem
1707 3181 1741 3242 61
1759 3178 1910 3256 apostoli-

1125 3288 1197 3335 cam
1211 3271 1486 3334 henedlctionem.

1164 3369 1281 3430 Vestra
1308 3369 1439 3444 religio,
1462 3373 1558 3448 cujus
1581 3370 1689 3432 bonus
1713 3372 1797 3434 odor
1820 3373 1908 3448 longo

1124 3465 1255 3542 lateque
1282 3465 1489 3540 diffunditur,
1511 3469 1691 3546 specialem
1721 3471 1907 3546 1666161166

1125 3563 1219 3624 Sedis
1237 3563 1384 3626 favorem
1399 3564 1432 3626 et
1445 3564 1588 3640 gratiam
1603 3567 1822 3642 promeretur.
1837 3571 1906 3628 cun

1123 3661 1227 3737 igitur
1241 3661 1390 3723 ordinem
1403 3661 1544 3724 fratrum
1556 3663 1738 3740 Hospitalis
1753 3665 1904 3726 Hieroso·

1123 3758 1275 3836 lymitani
1288 3758 1377 3820 circa
1391 3773 1553 3836 pauperes
1564 3759 1768 3833 6116116666,
1778 3759 1906 3822 fratrum

1122 3871 1201 3917 vero
1217 3856 1345 3916 militiae
1360 3856 1486 3932 Templi
1499 3857 1589 3918 circa
1602 3858 1743 3919 clericos
1753 3861 1787 3920 et
1796 3859 1905 3919 milites

1123 3953 1261 4014 6661166
1277 3953 1447 4014 166166616
1462 3952 1683 4015 1666666166
1697 3955 1833 4029 6666116
1844 3956 1905 4015 ins·
1970 3967 1971 4028 1

1121 4049 1256 4111 titutum
1279 4049 1491 4112 laudabiliter
1505 4050 1699 4124 observetis,
1721 4067 1782 4114 nos
1796 4053 1903 4114 66166-
1970 4031 1971 4068 ¹

1122 4147 1183 4214 tes,
1198 4148 1234 4208 ut
1249 4147 1321 4209 61116
1340 4163 1437 4224 66666
1455 4147 1490 4208 16
1511 4149 1721 4210 assecutione
1734 4149 1903 4225 Apostolici

1122 4243 1286 4314 beneficii,
1304 4242 1423 4320 quibus
1438 4244 1471 4304 in
1485 4245 1679 4320 operatione
1689 4246 1843 4308 virtutum
1856 4247 1902 4321 pio

1123 4340 1261 4402 studetis
1281 4341 1447 4417 proposito
1464 4341 1645 4418 adaequari,
1667 4357 1782 4404 omnes
1807 4343 1901 4403 liber-

1122 4439 1219 4509 tates,
1245 4437 1468 4499 immunitates
1493 4453 1532 4499 66
1558 4438 1793 4514 indulgentias,
1807 4453 1899 4500 6666·

1122 4535 1236 4596 randis
1258 4533 1408 4610 domibus
1427 4534 1659 4611 praedIctorum
1679 4537 1855 4613 Hospitalis
1874 4537 1901 4594 61

1121 4631 1247 4708 Templi
1260 4631 1303 4692 ab
1312 4633 1501 4708 apostolica
1513 4633 1596 4694 Sede
1607 4631 1899 4702 concessas,domui

1121 4731 1240 4792 6661666
1254 4728 1464 4790 6666611666
1475 4750 1483 4803 i
1495 4730 1538 4796 61,
1549 4731 1584 4792 61
1596 4731 1646 4790 616
1658 4731 1796 4792 6166161
1810 4729 1899 4790 libere

1122 4827 1207 4888 61661
1220 4826 1282 4897 1111,
1300 4823 1395 4886 vobis
1412 4826 1610 4888 anctoritate
1631 4828 1839 4903 praesentium
1852 4826 1898 4885 in-

1122 4922 1305 4998 dulgemus.
1340 4923 1432 4983 Nulli
1462 4937 1542 4998 ergo
1574 4925 1709 4985 omnino
1743 4925 1895 4986 hominum
1970 4895 1971 4954 I

1121 5020 1220 5082 liceat
1244 5020 1330 5081 hanc
1354 5021 1509 5096 paginam
1538 5021 1660 5082 nostras
1690 5019 1896 5087 concessionis
1970 4985 1971 5064 I

1121 5117 1313 5194 infringere,
1328 5117 1380 5178 661
1395 5117 1426 5178 61
1442 5132 1525 5178 6666
1540 5117 1719 5180 166666616
1736 5115 1893 5180 contraire.

1122 5215 1156 5276 si
1172 5216 1245 5293 quis
1260 5215 1370 5276 autem
1392 5213 1455 5275 hoc
1475 5215 1638 5276 attentare
1653 5213 1894 5292 praesumpserit.

1120 5312 1382 5388 indignationem
1405 5311 1641 5388 666166166116
1665 5311 1895 5385 1616116616-

1121 5426 1193 5472 rum
1207 5409 1297 5471 Petri
1313 5409 1344 5469 et
1355 5408 1451 5468 Pauli
1464 5409 1691 5486 apostolorum
1707 5413 1895 5486 61666666-

1119 5507 1207 5570 verit
1221 5507 1444 5568 incursurum.
1468 5507 1587 5568 Datum
1610 5508 1776 5578 Laterani,
1796 5503 1893 5567 vidus
