3952 6350
59 345 111 404 697

60 499 308 564 venerabilibus
337 500 493 564 fratribus
520 501 792 582 archiepiscopis,
821 507 853 566 et

61 599 232 678 episcopis,
252 601 288 661 et
311 599 439 662 dilectis
461 599 539 660 filiis
560 600 725 662 universis
740 601 852 664 ecole-

61 697 179 758 siarum
196 696 360 772 praelatis‚
378 695 418 756 ad
439 713 521 772 quos
543 696 663 758 litteras
682 697 755 760 istae
772 713 852 774 per-

60 791 218 864 venerint,
244 791 437 854 salutemet
457 793 674 868 apostolicam
697 792 854 855 benedic-

60 890 188 950 tionem.
254 879 258 887 ’

96 987 176 1047 Cum
204 986 266 1064 qui
290 985 408 1063 recipit
435 987 628 1064 prophetam
659 988 694 1048 in
721 988 853 1050 nomine

61 1083 236 1163 prophetae,
268 1083 454 1145 mercedem
481 1084 649 1161 prophetae
683 1085 851 1160 accipiat3

63 1180 271 1242 universitati
286 1180 404 1242 vestrae
425 1181 515 1243 viros
533 1182 772 1244 Praedicatores
793 1185 854 1243 Ec-

62 1278 164 1339 clesiae
189 1279 319 1338 sanctae
335 1279 613 1354 pernecessarios,
631 1294 690 1356 pro
707 1295 746 1340 ao
769 1279 854 1356 quod

64 1376 249 1438 ministrant
264 1375 422 1452 pabulum
435 1376 534 1437 Verbi
550 1378 622 1445 Dei,
637 1378 753 1438 merito
764 1393 855 1437 corn-

64 1473 264 1544 mendamus,
282 1474 317 1534 nt
331 1488 374 1534 ex
394 1473 456 1535 hoc
478 1473 663 1534 mercedem
687 1474 781 1536 vobis
797 1475 853 1534 in-

65 1569 318 1646 comparabilem
345 1571 557 1647 comparetis.
585 1573 670 1632 Hinc
695 1569 853 1647 estquod

65 1666 193 1728 dilectos
217 1668 309 1728 tilios
331 1668 577 1744 praedicatores,
592 1669 648 1744 qui
670 1671 854 1745 pauperta-

66 1766 133 1836 tem,
147 1767 180 1826 et
194 1765 388 1840 regularem
403 1765 505 1827 vitam
518 1765 670 1842 professi,
683 1765 782 1828 Verbi
795 1767 854 1826 Dei

64 1863 133 1922 suut
142 1861 425 1938 evangelizatioui
436 1862 583 1924 totaliter
596 1863 753 1940 deputati,
763 1863 854 1923 vobis

67 1959 212 2020 duximus
234 1960 437 2036 propensius
464 1961 753 2032 commendandos,
780 1961 857 2020 nni-

67 2055 251 2116 versitatem
271 2057 419 2117 vestram
443 2060 609 2131 rogantes,
632 2057 664 2119 et
686 2057 855 2118 hortantes

67 2154 224 2224 attentius,
254 2169 295 2214 ac
317 2167 375 2229 per
400 2153 590 2229 Apostolica
615 2154 739 2231 scripta
762 2153 855 2216 vobis

68 2249 266 2322 mandantes
290 2252 464 2326 quaterue,
482 2267 555 2311 curn
575 2251 615 2312 ad
642 2253 754 2328 partes
776 2267 855 2312 ves-

67 2347 128 2406 tras
142 2347 350 2408 accesserint
363 2348 404 2408 ad
421 2339 623 2423 praedicandi
640 2347 796 2420 officium,
814 2349 856 2409 ad

67 2444 145 2518 quod
172 2445 325 2522 deputati
357 2448 444 2517 sunt,
478 2445 652 2508 caritative
686 2446 856 2522 recipiatis

69 2543 204 2614 eosdem,
222 2545 257 2604 ei
281 2543 404 2619 populo
427 2543 520 2604 vobis
543 2543 729 2610 commisso,
756 2547 792 2606 ut
815 2559 858 2606 ex

70 2653 119 2697 ore
131 2640 281 2716 ipsorum
293 2640 393 2700 Verbi
409 2641 468 2702 Dei
483 2655 596 2702 semen
611 2641 729 2703 devote
750 2640 857 2702 susci-

72 2735 162 2808 piant,
188 2737 308 2798 sedulo
346 2737 573 2808 admonentes,
601 2753 660 2814 pro
687 2738 799 2800 diuina
825 2740 858 2799 et

74 2835 177 2895 nostra
194 2835 387 2896 reverentia
407 2834 440 2894 in
457 2835 526 2896 suis
542 2836 590 2896 eis
606 2836 857 2897 necessitatibus

70 2928 246 2994 liberaliter
266 2932 445 3002 assistatis,
469 2932 611 3008 benigne
631 2933 857 3008 permittentes

72 3027 265 3104 presbyteris
276 3030 478 3100 eorumdem,
491 3046 563 3092 cum
577 3030 771 3106 expedierit,
787 3046 858 3106 poe-

74 3124 236 3186 nitentium
250 3126 479 3188 confessiones
498 3127 624 3198 audire,
638 3129 671 3187 et
683 3127 857 3188 consilium

75 3219 116 3280 eis
139 3222 314 3300 injungere
334 3224 491 3294 salutare,
516 3240 590 3285 cum
612 3223 713 3284 iidem
737 3223 857 3286 iratres

76 3318 855 3396 animarumintendentesprofectibusdiscretos,

76 3416 103 3474 et
115 3419 223 3480 cautos
243 3419 392 3494 dirigant
407 3419 608 3488 sacerdotes,
628 3435 687 3496 per
699 3435 781 3495 quos
797 3435 857 3479 sa-

77 3509 171 3574 lutare
194 3517 304 3590 potest
323 3515 499 3576 consilium
520 3515 673 3592 praeberi,
689 3519 721 3577 et
745 3532 857 3578 reme-

78 3607 155 3669 dium
170 3612 323 3674 adhiberi
340 3635 347 3672 ι
365 3614 397 3673 et
410 3615 546 3690 propter
566 3615 757 3674 occasiones
772 3615 860 3674 mul-

77 3703 193 3780 tiplices
217 3711 337 3788 partiri
359 3711 514 3787 expediat
536 3710 700 3772 interdum
719 3711 753 3771 in
774 3713 858 3772 alios

79 3803 323 3868 sollicitudinem
339 3808 550 3884 pastoralem.
566 3808 661 3868 lllum
676 3809 785 3870 autem
801 3826 859 3870 su-

80 3912 129 3971 per
140 3900 189 3962 his
205 3905 365 3966 studeatis
381 3905 505 3965 eisdem
524 3905 682 3966 exhibere
697 3905 856 3978 favorem,

80 3995 110 4054 ut
123 4013 176 4071 per
190 4003 458 4079 cooperationem
472 4004 616 4063 vestram
632 4003 775 4080 suscepti
791 4003 857 4062 mi-

81 4091 196 4156 nisterii
233 4114 369 4160 cursum
406 4098 550 4160 feliciter
582 4100 856 4172 consummando,

81 4191 212 4261 optatum
234 4196 405 4258 obtineant
430 4196 482 4258 sui
509 4196 632 4258 laboris
657 4195 810 4268 fructum,
828 4199 861 4258 et

82 4282 178 4360 finem,
201 4292 342 4354 salutem
370 4293 524 4355 videlicet
552 4295 750 4354 animarum.
777 4294 859 4365 Quia

82 4395 149 4444 vero
163 4387 241 4449 sitia
257 4407 346 4466 saepe
361 4389 421 4452 snb
437 4391 547 4468 specie
561 4391 715 4452 virtutum
730 4391 859 4454 occulte

83 4477 267 4560 subintrant,
286 4489 319 4548 et
333 4489 471 4564 angelus
494 4491 626 4549 satane
648 4488 683 4548 in
705 4489 860 4564 angelum

82 4569 155 4637 lucis
180 4597 214 4644 re
240 4584 434 4661 plerumque
456 4585 610 4647 simulate
631 4586 856 4657 transformat,

83 4680 280 4743 presentium
305 4682 398 4742 robis
425 4683 623 4745 auctoritate
651 4684 858 4752 mandamus,

81 4772 240 4848 quatenus,
255 4779 285 4838 si
300 4781 356 4855 qni
371 4778 412 4840 de
427 4779 685 4842 Praedicatorum
706 4782 859 4842 Fratrum

83 4865 184 4930 ordine
203 4889 237 4934 se
259 4876 407 4938 dicentes
422 4877 455 4936 in
472 4877 591 4938 vestris
607 4877 757 4953 partibus
773 4893 861 4954 praa-

84 4957 262 5046 dicaverint,
276 4975 489 5050 adquaestum
505 4989 541 5036 se
554 4977 769 5052 pecuniarum
781 4992 861 5037 con-

85 5063 238 5140 vertendo,
263 5087 322 5148 per
341 5072 427 5148 quod
454 5073 651 5148 religionem
670 5089 784 5134 eorum
804 5073 858 5150 qui

87 5165 294 5234 paupertatem
312 5169 454 5246 professi
474 5173 551 5232 sunt
576 5170 783 5246 contingeret
808 5171 860 5231 in-

87 5246 276 5328 tartaricus
300 5267 457 5347 tanquam
480 5266 634 5328 falsarios
661 5268 812 5343 capiatis,
828 5269 862 5329 et

88 5350 292 5422 condemnetis
305 5363 576 5424 eosdemllatum
588 5365 755 5436 Laterani,
766 5367 795 5426 ll
806 5380 862 5426 no-

88 5453 139 5502 nas
158 5449 246 5530 febr,
270 5461 480 5535 pontificatus
503 5461 609 5522 nostri
629 5477 717 5522 anno
733 5462 858 5538 quinto.

683 343 911 406 EPISTOLAE.
935 347 1012 406 Llss.
1037 347 1074 410 V.

1644 351 1703 410 ses

1215 515 1397 602 dcxlvi

907 639 958 697 Ad
972 639 1252 722 arcbteptscopos
1265 643 1449 714 episcopos,
1461 643 1608 714 abbates,
1621 641 1697 714 etc,

1024 735 1057 796 et
1072 737 1158 796 ullos
1173 741 1394 797 ecclesiarum
1407 740 1581 812 praeutos.

1177 843 1341 904 lfebruarii
1359 847 1436 905 liti.

1004 948 1140 1014 [Strehlka
1153 951 1257 1002 Tabulas
1268 953 1322 1002 ord.
1337 955 1497 1012 Theutonici,
1509 969 1534 1019 p.
1545 953 1613 1020 302]

908 1048 1050 1106 Honorius
1064 1055 1141 1106 vetat
1160 1049 1195 1106 ab
1215 1049 1314 1107 ordina
1330 1051 1504 1109 Theutonico
1519 1053 1555 1110 sd
1568 1055 1701 1112 munitio·

1009 1151 1061 1194 nes
1075 1137 1229 1211 erigendas
1243 1139 1409 1196 vicesimam
1425 1143 1595 1213 extorqueri.

948 1245 1114 1306 Honorius
1126 1246 1310 1324 episeopus,
1324 1264 1438 1309 servus
1448 1265 1618 1310 servorum
1630 1251 1701 1324 Dei,

908 1341 1156 1404 uenerabilibus
1186 1343 1343 1405 fratribus
1376 1345 1634 1424 archiepiscopis
1671 1352 1704 1410 et

909 1439 1074 1517 episcopis
1089 1443 1122 1502 et
1138 1441 1266 1503 dilectis
1280 1442 1359 1503 filiis
1379 1443 1562 1515 abbatibus,
1577 1445 1702 1522 priori-

908 1535 979 1607 bus,
996 1537 1251 1610 archidiaconis,
1267 1539 1400 1600 decanis
1414 1541 1446 1602 et
1456 1541 1532 1600 aliis
1547 1541 1704 1602 acclesia-

909 1649 981 1693 rum
998 1633 1155 1710 praelatis,
1173 1637 1213 1696 ad
1228 1653 1309 1713 quos
1321 1621 1440 1698 litterae
1454 1637 1526 1699 istae
1542 1653 1704 1714 pervene-

909 1730 985 1800 rint,
1002 1731 1139 1792 salutem
1154 1733 1186 1792 et
1199 1731 1413 1809 apostolicam
1424 1733 1700 1795 benedictionem.

950 1829 1030 1890 Cum
1060 1827 1146 1889 hona
1177 1828 1334 1890 fratribus
1364 1830 1544 1908 Hospitalis
1574 1833 1703 1893 Sanctae

910 1925 1314 1988 MariaeTheutonioornm
1325 1929 1705 2004 Hierosolymitanilide·

910 2021 991 2082 lium
1020 2023 1194 2085 devotione
1229 2025 1360 2096 collata,
1388 2025 1573 2086 defensioni
1605 2029 1704 2097 terras

911 2120 1092 2207 orientalis¹
1107 2121 1139 2182 et
1162 2137 1344 2198 pauperum
1363 2123 1545 2198 receptioni
1568 2139 1607 2185 ac
1629 2140 1704 2183 sus-

910 2217 1084 2278 tentationi
1115 2219 1301 2295 prodciant,
1333 2219 1518 2295 providere,
1545 2221 1704 2296 quantum

912 2328 1095 2388 possumus,
1113 2329 1173 2376 nos
1199 2316 1338 2392 oportet,
1365 2333 1406 2377 ne
1433 2316 1473 2377 ab
1494 2317 1569 2377 aliis
1594 2317 1704 2378 minus

912 2411 1110 2470 necessariis
1125 2413 1382 2488 praesumptione
1401 2413 1513 2489 aliqua
1535 2429 1703 2492 usurpen-

911 2506 976 2567 tur.
994 2507 1149 2569 Perrenit
1171 2509 1280 2570 autem
1305 2509 1345 2570 ad
1371 2525 1442 2582 nos,
1459 2511 1544 2586 quod
1572 2511 1705 2587 quidam

870 2627 873 2634 ·
912 2603 952 2664 ab
968 2604 1016 2664 eis
1038 2606 1071 2665 et
1091 2605 1280 2666 hominibus
1299 2623 1414 2668 eorum
1438 2607 1479 2667 ad
1504 2608 1704 2669 claudendas

911 2701 1009 2761 villas
1021 2703 1120 2779 atque
1131 2705 1310 2764 castellaet
1320 2705 1706 2780 erigendasmunitiones

911 2799 1103 2859 vicesimam
1118 2803 1316 2876 extorquere
1329 2803 1532 2877 praesumunt
1543 2803 1585 2873 et,
1597 2803 1625 2862 si
1638 2819 1704 2864 non

912 2895 1077 2968 dederint,
1101 2896 1255 2958 auferunt
1278 2898 1440 2959 violenter
1469 2901 1501 2959 et
1529 2899 1704 2960 ecclesiam
1781 2946 1790 2960 .

912 2992 1105 3053 orientalem
1119 2996 1151 3055 et
1164 3009 1326 3070 pauperes
1347 2995 1558 3070 sepulchrum
1572 2997 1704 3057 Domini

911 3089 1085 3150 visitantes
1101 3090 1246 3152 indebite
1259 3107 1318 3168 pro
1331 3109 1449 3167 magna
1463 3095 1557 3169 parte
1573 3098 1705 3154 susten-

912 3187 1036 3248 tatione
1051 3187 1258 3256 defraudant,
1275 3205 1372 3264 quam
1388 3188 1508 3250 fratres
1524 3191 1704 3267 Hospitalis

913 3284 1017 3360 ipsius
1032 3285 1136 3346 multo
1151 3284 1259 3347 studio
1273 3287 1305 3348 et
1323 3286 1435 3348 labore
1449 3288 1621 3364 acquirere
1633 3303 1706 3350 rno-

912 3382 1047 3444 liuntur.
1072 3382 1177 3450 Unde,
1199 3385 1275 3460 quia
1301 3399 1360 3460 per
1381 3400 1440 3446 vos
1465 3385 1530 3446 ista
1551 3387 1705 3447 convenit

913 3480 1094 3550 emendari,
1117 3481 1326 3542 universitati
1346 3483 1465 3542 vestrae
1486 3498 1544 3559 per
1558 3485 1705 3560 Aposto-

912 3577 977 3638 lica
997 3577 1121 3653 scripta
1143 3578 1349 3650 mandamus,
1367 3579 1539 3656 quatenus,
1556 3593 1598 3640 ne
1621 3595 1707 3656 prae-

914 3673 1009 3734 dictae
1025 3688 1194 3749 supensos
1215 3674 1353 3736 ulterius
1374 3676 1534 3735 eteorum
1556 3675 1706 3737 homines

914 3769 994 3830 flant
1015 3771 1219 3840 exactiones,
1236 3770 1418 3832 districtius
1435 3771 1588 3832 inhibere
1610 3787 1708 3833 cure-

913 3869 967 3928 tis,
984 3867 1018 3928 Si
1034 3865 1107 3942 quis
1120 3869 1231 3928 autem
1249 3870 1364 3929 contra
1382 3867 1612 3928 inhibitionem
1627 3883 1708 3929 noe-

913 3965 997 4024 tram
1013 3964 1127 4023 venire
1150 3964 1408 4040 praesumpserit,
1431 3980 1490 4040 per
1509 3980 1705 4026 excommu-

913 4061 1089 4121 nicationis
1111 4061 1144 4120 et
1167 4061 1335 4122 interdicti
1362 4062 1544 4122 sententias
1562 4073 1587 4122 ‘a
1614 4063 1706 4123 tanto

914 4174 988 4218 eum
1011 4157 1172 4219 revocetis
1194 4173 1334 4219 excessu
1354 4160 1386 4218 et
1406 4159 1518 4220 taliter
1532 4159 1573 4218 ad
1589 4175 1705 4220 emen-

914 4255 1079 4315 dationem
1101 4269 1215 4314 eorum
1234 4256 1394 4329 susceptae
1410 4255 1706 4316 administrationis

914 4352 1098 4412 exerceatis
1111 4349 1272 4422 officium,
1281 4352 1317 4412 ut
1329 4353 1497 4428 saepedicti
1508 4353 1627 4414 fratres
1639 4367 1705 4414 nou

914 4450 1073 4524 cogantur
1088 4448 1220 4524 longius
1235 4447 1383 4524 proferre
1399 4449 1580 4525 querelam,
1595 4454 1628 4511 et
1646 4467 1706 4511 vos

914 4547 953 4606 de
968 4547 1108 4607 tuitione
1125 4561 1306 4622 pauperum
1319 4545 1443 4607 Christi
1456 4547 1706 4608 retributionem

914 4645 1072 4704 aeternam
1087 4642 1121 4702 in
1141 4643 1289 4703 extremo
1305 4640 1458 4703 examine
1479 4645 1628 4720 recipere
1642 4661 1706 4705 ua-

913 4741 1021 4801 leatis.
1042 4742 1160 4800 Datum
1183 4739 1350 4810 Laterani,
1368 4741 1396 4799 ll
1413 4756 1518 4801 nonas
1534 4741 1705 4814 februarii,

914 4837 1125 4915 pontificatus
1141 4837 1246 4898 nostri
1262 4853 1349 4898 anno
1365 4837 1491 4913 quinto.

1211 5007 1415 5093 tdxnvli

1202 5143 1254 5201 Ad
1272 5143 1418 5201 cosdem.

1211 5253 1228 5310 5
1243 5250 1313 5309 febr.
1331 5253 1409 5310 1221.

1006 5357 1140 5422 [Strelhhe
1155 5357 1258 5408 Tabulae
1270 5357 1324 5406 ord.
1337 5357 1499 5414 Thentonici,
1514 5373 1538 5423 p.
1550 5357 1617 5424 308]

916 5455 1031 5516 blandai
1050 5456 1183 5529 prelatis,
1198 5462 1229 5512 ut
1249 5453 1357 5512 ordinis
1376 5454 1541 5512 Theutonici
1559 5457 1708 5532 privilegia

937 5545 1089 5617 diligenter
1102 5545 1224 5618 perlecto
1240 5550 1371 5600 accurate
1386 5541 1564 5600 observande
1580 5553 1689 5602 curent.

956 5653 1315 5734 Honoriusepiscopus‚
1326 5667 1442 5714 servus
1453 5667 1624 5714 servorum
1637 5655 1705 5728 Dei,
