3952 6350
74 299 126 358 761

75 459 176 530 Quum
187 454 297 518 autem
308 453 540 531 procuratores
551 453 697 531 ipsorum
706 454 860 516 abbatum

70 553 152 632 jussi
165 551 277 614 essent
288 551 474 628 exprimere
487 567 551 628 quo
562 553 639 628 jnre
652 551 715 629 ipsi
726 551 860 614 abbatos

74 651 228 712 deberent
247 648 402 710 electioni
429 649 557 712 abbatis
584 648 765 724 supradicti
789 665 862 710 mo-

73 747 208 810 nasterii
219 745 391 819 interesse,
407 746 658 824 responderunt,
676 746 762 824 quod
782 745 861 807 olim

73 862 168 924 quum
197 845 445 906 assumerentur
471 843 506 904 in
531 859 667 904 suorum
693 843 862 905 monaste-

71 944 193 1004 riorum
216 941 350 1002 abbates
375 940 436 1002 iuit
456 941 505 1002 eis
529 940 719 1017 specialiter
743 939 859 1002 indul-

72 1041 135 1100 tum
152 1039 193 1099 ab
197 1082 257 1098 .....
282 1037 399 1099 abbate
420 1040 454 1100 et
476 1037 641 1098 conventu
664 1035 860 1097 monasterii

72 1136 242 1196 Fiscanen.
267 1135 304 1195 ut
328 1133 490 1196 haberent
512 1149 628 1195 vocem
653 1133 689 1194 in
715 1133 859 1209 capitulo

73 1233 270 1292 eorumdem.
286 1231 355 1293 Nos
370 1231 479 1292 autem
494 1229 657 1292 rationem
670 1229 860 1306 hujusmodi

72 1328 221 1390 frivolam
235 1328 437 1405 reputantes
456 1344 556 1405 super
575 1327 638 1388 boc
657 1325 698 1388 de
719 1327 860 1388 consilio

72 1426 206 1487 fratrum
239 1427 428 1488 nostrornm
460 1424 655 1502 perpetuum
691 1423 860 1485 silentium

72 1523 287 1600 imposuimus
323 1522 498 1585 abbatibus
526 1519 738 1598 supradictis.
776 1521 860 1594 Quia

72 1637 147 1681 vero
161 1636 222 1697 pro
237 1619 356 1682 abbate
379 1619 493 1682 Sancti
506 1619 643 1680 Taurini
659 1619 720 1680 snit
737 1619 862 1696 specia-

73 1718 144 1779 liter
166 1717 346 1794 allegatum
368 1717 455 1794 quod
479 1717 584 1778 estin
605 1716 702 1794 quasi
722 1731 860 1793 posses-

72 1816 160 1875 sione
183 1813 376 1891 hujusmodi
394 1812 481 1891 jnris
502 1830 577 1875 cum
598 1811 861 1890 praedecessores

73 1911 120 1972 sui
138 1911 254 1972 vocari
270 1909 506 1972 consueverint
530 1910 571 1971 ad
596 1909 776 1970 electiones
801 1907 862 1969 ab·

71 2007 177 2068 batum
200 2007 394 2069 monasterii
411 2005 591 2084 saepedicti,
608 2023 669 2068 nec
684 2021 784 2083 super
797 2005 861 2067 hoc

71 2104 160 2165 nobis
176 2103 250 2166 lieri
275 2105 381 2181 potuit
406 2105 503 2182 plena
521 2105 613 2176 tides,
636 2103 676 2166 de
696 2119 861 2165 consensu

71 2204 318 2276 procuratorum
329 2201 434 2278 ipsius
444 2202 584 2275 abbatis,
596 2202 629 2263 et
641 2200 771 2279 praelati
785 2218 859 2263 mo-

72 2300 204 2361 nasterii
223 2315 284 2376 per
299 2299 489 2376 Apostolica
505 2299 599 2361 vobis
622 2299 745 2376 scripta
765 2314 861 2359 man-

72 2393 192 2468 damus,
217 2398 391 2474 quotenne,
415 2395 543 2458 vocatis
565 2397 623 2473 qui
637 2395 761 2457 tuerint
781 2411 861 2458 evo-

72 2493 173 2565 candi,
200 2495 235 2556 et
257 2494 380 2556 auditis
404 2493 483 2554 hinc
508 2494 587 2556 inde
609 2492 799 2571 propositis,
830 2493 860 2554 si

70 2588 166 2652 abbas
177 2592 261 2668 ipse,
270 2591 356 2652 intra
369 2607 516 2652 mensem
530 2607 548 2653 a
563 2592 679 2668 primae
692 2591 860 2653 citationis

70 2687 182 2760 edicto,
199 2688 392 2764 probaverit
411 2705 446 2750 se
464 2689 504 2750 de
522 2687 761 2750 consuetudine
783 2702 859 2748 ser-

70 2784 860 2863 ratacircapraedecessoresipsiusesseinquasi
907 2793 911 2802 ·

71 2884 275 2956 possessione
295 2883 454 2959 praedicta
477 2883 698 2958 cognoscatis,
712 2883 861 2958 postmo-

71 2977 142 3038 dum
162 2979 203 3040 de
227 2980 385 3056 praedicto
407 2980 596 3057 contemptu
615 2981 648 3042 et
667 2979 742 3040 aliis
765 2978 861 3039 solli-

70 3075 130 3136 cite
148 3077 335 3148 veritatem,
350 3078 383 3140 et
408 3077 494 3154 quod
524 3076 720 3138 canonicum
747 3074 857 3146 inerit,

72 3173 289 3248 appellatione
312 3174 505 3251 postposita,
532 3173 697 3236 statuatis.
719 3174 754 3235 Si
778 3157 865 3234 rero‘

72 3267 151 3330 idem
166 3270 270 3332 abbas
281 3273 351 3348 jam
366 3271 488 3332 dictam
503 3270 775 3332 consuetudinem
792 3284 859 3329 non

70 3365 256 3438 probaverit
274 3367 362 3428 inira
384 3369 562 3428 torminum
579 3366 857 3443 suprascriptum,

72 3474 125 3520 vos
139 3465 246 3526 eidem
261 3481 362 3541 super
383 3465 457 3536 hoc,
476 3464 698 3542 appellatione
719 3462 857 3535 remota,

73 3556 234 3620 silentium
259 3561 478 3638 imponentes,
504 3561 696 3638 praedictam
718 3559 859 3622 electio-

74 3667 142 3714 nem
159 3659 195 3718 et
214 3673 390 3734 personam
417 3658 514 3720 electi
536 3657 714 3734 diligenter
729 3657 860 3717 exami-

72 3765 146 3813 nare
169 3755 304 3827 curetis,
330 3756 363 3817 et
384 3755 414 3816 si
436 3770 614 3832 personam
639 3755 805 3826 idoneam,
827 3754 860 3815 et

73 3847 260 3912 electionem
273 3852 468 3913 canonicam
478 3851 685 3923 inveneritis,
697 3866 771 3911 eam
784 3865 860 3911 auc·

71 3944 195 4010 toritate
209 3949 335 4021 nostra,
354 3947 484 4010 sublato
499 3948 732 4025 appellationis
753 3945 860 4008 obsta·

72 4043 149 4116 culo,
166 4045 379 4106 confirmetis
400 4045 557 4122 Alioquin
577 4045 747 4106 cassantes
765 4059 859 4104 earn-

73 4137 139 4200 dem
152 4141 291 4218 praelato
305 4143 509 4206 monasterio
525 4141 656 4204 faciatis
667 4141 706 4202 de
717 4156 858 4218 persona

73 4231 184 4300 idonea
212 4253 326 4301 coram
355 4239 450 4302 robis
478 4240 642 4301 canonice
672 4237 856 4316 provideri,

72 4327 152 4394 idem
170 4335 306 4408 tacturi,
323 4336 352 4398 si
367 4334 452 4398 sorte
470 4336 542 4413 ipso
565 4333 683 4396 abbate
698 4333 859 4412 probante

73 4431 337 4495 consuetudinem
351 4433 587 4510 supradictam,
599 4431 749 4493 eamdem
766 4432 858 4494 elec-

72 4521 187 4588 tionem
202 4529 380 4604 contigerit
396 4529 535 4591 irritari.
549 4529 663 4590 Testes
678 4529 789 4590 autem
802 4528 858 4606 qui

73 4617 187 4687 inerint
201 4625 374 4699 nominati,
396 4627 425 4688 si
445 4643 481 4687 se
498 4625 618 4702 gratia,
635 4626 723 4698 odic,
736 4626 790 4688 vel
809 4626 858 4687 ti-

73 4731 158 4782 nore
170 4723 406 4796 subtraxerint,
422 4739 565 4785 censura
580 4722 693 4795 simili,
708 4722 859 4800 appella-

72 4813 154 4878 tione
169 4822 331 4893 cessante,
353 4820 532 4897 compellas
553 4819 689 4883 veritati
708 4820 860 4881 testimo-

74 4910 157 4973 ninm
171 4915 358 4992 perbibere.
379 4917 489 4978 Nullis
503 4916 624 4978 litteris
638 4915 856 4988 obstantibus,

74 5007 100 5066 si
114 5027 183 5086 quae
202 5014 418 5090 apparuerint
443 5015 565 5092 praeter
586 5029 761 5074 assensum
780 5027 859 5088 par-

74 5101 179 5170 tiuma
195 5111 278 5172 Sede
297 5111 487 5189 Apostolica
508 5110 705 5187 impetratae.
721 5109 812 5180 Quod
829 5108 858 5168 si

74 5213 133 5262 non
148 5221 270 5280 omnes,
285 5211 347 5270 etc.
370 5210 489 5270 Datum
504 5207 673 5278 Laterani,
691 5209 737 5268 lll
752 5221 858 5269 nonas

75 5301 192 5376 aprilis,
208 5303 419 5382 pontificatus
434 5304 542 5367 nostri
556 5320 644 5366 anno
663 5304 788 5382 quinto.

695 295 923 358 EPISTOLAE.
946 297 1023 360 LIB.
1047 299 1086 359 V.

1650 301 1710 362 roa

1222 483 1405 574 CCCXVI

955 615 1006 676 Ad
1019 587 1243 679 Benedictcm
1257 621 1453 694 apocopam
1465 617 1682 682 doemonem.

1204 737 1321 812 sapio.
1339 739 1417 798 lesi.
1508 723 1511 730 '

1032 849 1177 916 [Liljessrem
1190 852 1299 904 Svenskt
1310 853 1384 917 dipl,
1395 855 1415 912 l,
1428 853 1482 914 223,
1494 869 1520 904 n.
1531 855 1598 920 ida]

916 964 950 1024 Ei
963 965 1094 1023 concedit
1113 965 1277 1024 lacrdtntem
1291 967 1393 1026 iterum
1413 968 1580 1028 absolvendi
1592 984 1643 1028 eos
1658 971 1707 1042 qni

1010 1054 1040 1111 in
1054 1065 1196 1112 canonem
1207 1055 1273 1112 latae
1287 1057 1436 1114 sententia
1448 1055 1617 1114 inciderant.

954 1171 1120 1232 Honorius
1132 1172 1444 1249 episcopusservus
1455 1173 1704 1246 servoranei,

914 1267 1098 1328 venerabili
1130 1268 1226 1330 tratri
1229 1309 1302 1330 ......
1339 1270 1493 1347 episcopo
1528 1271 1704 1343 scarensi,

915 1363 1099 1426 salutemet
1111 1366 1326 1441 apostolicam
1337 1365 1611 1429 benedictionem.

955 1461 1187 1524 Fraternitatis
1210 1463 1276 1524 tuae
1301 1463 1454 1540 precibus
1471 1463 1634 1536 inclinati,
1649 1479 1706 1526 eos

916 1557 972 1634 qni
987 1558 1027 1619 de
1041 1557 1176 1620 dioecesl
1189 1560 1248 1621 tua
1262 1558 1297 1620 in
1311 1574 1473 1622 canonem
1484 1559 1561 1622 latae
1571 1561 1707 1622 senten-

914 1655 970 1717 tiaa
998 1654 1194 1724 incidentes,
1224 1656 1558 1733 apraedecessoribus
1576 1657 1644 1719 tuis
1665 1656 1706 1718 de

915 1751 1002 1813 lacto
1013 1751 1156 1816 absoluti
1169 1753 1379 1816 lueruntnon
1393 1753 1592 1816 habentibus
1607 1769 1708 1831 super

915 1849 978 1911 hoc
990 1865 1010 1911 a
1026 1849 1110 1912 Sede
1128 1850 1318 1928 apostolica
1331 1851 1502 1913 licentiam
1515 1849 1706 1928 specialem,

914 1947 1036 2009 iterum
1059 1947 1157 2024 juxta
1185 1947 1324 2010 sormam
1339 1947 1496 2009 Ecclesiae
1511 1946 1703 2009 absolvendi

915 2043 1054 2105 liberam
1069 2042 1129 2105 tibi
1144 2044 1342 2107 auctoritate
1355 2043 1567 2120 praesentium
1583 2057 1706 2106 conce·

915 2141 1022 2202 dimus
1043 2140 1245 2203 facultatem.
1261 2141 1379 2202 Datum
1395 2139 1561 2213 Laterani,
1578 2141 1624 2201 Ill
1641 2154 1706 2201 no·

915 2253 975 2298 nas
988 2237 1115 2315 aprilis,
1132 2237 1343 2316 pontificatus
1357 2237 1463 2301 nostri
1478 2253 1565 2300 anno
1578 2236 1703 2314 quinto.

1207 2443 1410 2532 CCCXVII

955 2584 1008 2647 Ad
1025 2587 1204 2648 azolinum
1218 2589 1452 2650 marchionem
1472 2585 1664 2646 Esteosem.

1201 2707 1219 2766 6
1237 2708 1318 2780 april.
1333 2708 1413 2766 tart.

992 2820 1131 2885 [Raynsld
1145 2821 1237 2872 Annal.
1249 2821 1348 2882 eccles,
1361 2821 1393 2872 nd
1405 2835 1464 2875 ann.
1479 2821 1548 2880 tras,
1559 2821 1571 2885 ς
1581 2819 1633 2885 aa]

914 2928 951 2985 Ut
968 2933 1066 2984 contra
1088 2927 1233 2984 civitatem
1255 2927 1465 2986 anconitanam
1489 2935 1521 2984 et
1538 2927 1705 2985 comitatum
1727 2951 1739 2966 .

1151 3015 1242 3088 ipsius
1256 3014 1327 3072 nibil
1342 3021 1470 3074 attentet.

954 3130 1623 3207 Honorinsepiscopus,servassemornm
1634 3131 1717 3204 Del,

915 3227 1034 3289 dilecto
1045 3227 1113 3288 tilio
1128 3226 1277 3300 Azolino,
1290 3227 1475 3290 marchioni
1488 3227 1628 3301 Estensi,
1646 3243 1703 3289 sa-

914 3323 1027 3384 lutem.

955 3423 1035 3482 Gum
1054 3423 1222 3484 civitatem
1237 3422 1492 3495 anconitanam,
1512 3422 1544 3483 et
1565 3415 1706 3483 comita·

915 3517 983 3578 tum
1002 3519 1107 3595 ipsius
1132 3521 1167 3580 in
1191 3520 1381 3580 demanium
1399 3519 1597 3596 Apostolicee
1613 3518 1707 3580 Sedis

914 3615 1107 3676 duxerimus
1126 3615 1330 3688 retinendos,
1349 3617 1516 3678 nobilitati
1530 3617 1595 3677 tuae
1615 3631 1707 3691 prae-

914 3713 1057 3773 sentium
1084 3713 1281 3775 anctoritate
1305 3713 1519 3784 mandamns,
1545 3711 1707 3788 quatenus
1814 3746 1817 3754 ι

914 3807 1028 3869 contra
1044 3823 1117 3870 eam
1130 3810 1163 3871 et
1177 3808 1368 3870 comitatum
1380 3808 1485 3885 ipsius
1495 3807 1580 3868 nillil
1593 3806 1706 3867 atten-

913 3905 973 3977 tes,
990 3905 1043 3967 rel
1071 3905 1176 3966 facias
1200 3905 1367 3976 attentari,
1391 3904 1476 3981 quod
1495 3903 1535 3964 ad
1551 3915 1707 3977 guerram

913 4002 1088 4078 pertineat,
1101 4002 1154 4063 rel
1166 4017 1226 4079 per
1238 4000 1324 4078 quod
1339 4000 1445 4078 possit
1459 3997 1624 4061 discordia
1643 4013 1705 4057 su-

912 4097 1029 4159 boriri.
1055 4099 1174 4160 Datum
1198 4098 1366 4169 Laterani,
1396 4099 1472 4158 Vlll
1498 4096 1543 4156 id.
1572 4093 1704 4172 aprilis,

913 4195 1125 4273 pontificatus
1139 4195 1245 4258 nostri
1260 4209 1347 4254 anno
1363 4193 1489 4272 quinto.

1199 4399 1424 4488 CCCXVIII

952 4545 1005 4604 Act
1020 4541 1262 4618 suppuratum
1277 4541 1420 4603 electum
1434 4540 1468 4602 et
1479 4539 1666 4613 conticitum

1211 4640 1413 4700 Coloniensi.
1603 4639 1604 4644 ’

1204 4759 1221 4816 6
1236 4758 1317 4831 april.
1338 4759 1417 4817 tait.

1055 4873 1169 4938 [Ennea
1179 4871 1294 4933 Quellen,
1308 4875 1326 4921 t.
1337 4871 1369 4932 ll,
1383 4887 1409 4936 p.
1421 4870 1461 4930 83,
1477 4884 1504 4921 n.
1519 4871 1570 4936 da]

913 4982 1042 5038 Testatur
1056 4978 1111 5036 sibi
1127 4978 1179 5036 loo
1197 4991 1310 5035 marcas
1329 4976 1441 5050 argenti
1457 4975 1617 5048 persolutus
1632 4988 1706 5036 esse.

953 5103 1120 5166 Honorius
1131 5102 1319 5180 episcopus,
1328 5115 1620 5170 serrusservorum
1633 5100 1705 5172 Dei,

914 5201 1043 5264 dilectis
1057 5200 1136 5261 tiliis
1161 5201 1268 5261 electo
1293 5199 1327 5260 et
1347 5196 1491 5274 capitulo
1507 5196 1707 5266 Coloniensi,

914 5299 1055 5364 salutem
1072 5297 1106 5360 et
1117 5296 1333 5372 apostolicam
1352 5293 1626 5355 benedictionem.

954 5399 1060 5468 Quum
1081 5394 1219 5455 dilectus
1235 5393 1325 5451 illins
1351 5389 1514 5451 Henricus
1541 5389 1581 5449 de
1603 5392 1709 5450 Para-

914 5492 1037 5570 gniano
1064 5490 1286 5554 subdiaconus
1314 5485 1434 5570 noster
1450 5485 1581 5550 centum
1605 5500 1707 5546 sexa-

914 5589 1006 5666 ginta
1029 5603 1159 5653 marcas
1189 5583 1427 5660 argentone
1448 5577 1521 5653 nh,
1544 5579 1709 5657 quondam
