<?xml version="1.0" encoding="UTF-8"?>
<!DOCTYPE html PUBLIC "-//W3C//DTD XHTML 1.0 Transitional//EN"
    "http://www.w3.org/TR/xhtml1/DTD/xhtml1-transitional.dtd">
<html xmlns="http://www.w3.org/1999/xhtml" xml:lang="en" lang="en">
 <head>
  <title>
</title>
<meta http-equiv="Content-Type" content="text/html;charset=utf-8" />
  <meta name='ocr-system' content='tesseract 3.04.00' />
  <meta name='ocr-capabilities' content='ocr_page ocr_carea ocr_par ocr_line ocrx_word'/>
</head>
<body>
  <div class='ocr_page' id='page_1' title='image "./mediiaevibiblio01bottgoog_0187.png"; bbox 0 0 3988 6306; ppageno 0'>
   <div class='ocr_carea' id='block_1_1' title="bbox 293 301 1925 588">
    <p class='ocr_par' dir='ltr' id='par_1_1' title="bbox 293 301 1925 588">
     <span class='ocr_line' id='line_1_1' title="bbox 293 301 1923 436; baseline -0.025 1"><span class='ocrx_word' id='word_1_1' title='bbox 293 366 353 427; x_wconf 83' lang='grc'><strong>347</strong></span> <span class='ocrx_word' id='word_1_2' title='bbox 544 301 562 318; x_wconf 62' lang='lat'><em>³</em></span> <span class='ocrx_word' id='word_1_3' title='bbox 917 355 1091 436; x_wconf 80' lang='lat' dir='ltr'><strong>liONOitll</strong></span> <span class='ocrx_word' id='word_1_4' title='bbox 1115 354 1158 416; x_wconf 85' lang='grc' dir='ltr'><strong>ΙΙΙ</strong></span> <span class='ocrx_word' id='word_1_5' title='bbox 1181 353 1328 416; x_wconf 70' lang='lat' dir='ltr'><strong>OPERA·</strong></span> <span class='ocrx_word' id='word_1_6' title='bbox 1873 356 1923 416; x_wconf 72' lang='lat'><strong>348</strong></span> 
     </span>
     <span class='ocr_line' id='line_1_2' title="bbox 646 483 1925 588; baseline -0.013 -24"><span class='ocrx_word' id='word_1_7' title='bbox 646 499 741 588; x_wconf 63' lang='grc' dir='ltr'><strong>[ΠΙ</strong></span> <span class='ocrx_word' id='word_1_8' title='bbox 1067 527 1070 534; x_wconf 91' lang='grc'>-</span> <span class='ocrx_word' id='word_1_9' title='bbox 1146 485 1213 547; x_wconf 85' lang='lat' dir='ltr'><strong>tius</strong></span> <span class='ocrx_word' id='word_1_10' title='bbox 1240 484 1346 550; x_wconf 83' lang='lat' dir='ltr'><strong>veiint</strong></span> <span class='ocrx_word' id='word_1_11' title='bbox 1370 483 1403 546; x_wconf 86' lang='lat' dir='ltr'><strong>et</strong></span> <span class='ocrx_word' id='word_1_12' title='bbox 1431 483 1567 547; x_wconf 83' lang='lat' dir='ltr'><strong>valeant</strong></span> <span class='ocrx_word' id='word_1_13' title='bbox 1594 499 1731 548; x_wconf 81' lang='lat' dir='ltr'><strong>currere</strong></span> <span class='ocrx_word' id='word_1_14' title='bbox 1748 485 1781 548; x_wconf 83' lang='lat' dir='ltr'><strong>in</strong></span> <span class='ocrx_word' id='word_1_15' title='bbox 1805 485 1925 548; x_wconf 89' lang='lat' dir='ltr'><strong>odorem</strong></span> 
     </span>
    </p>
   </div>
   <div class='ocr_carea' id='block_1_2' title="bbox 1147 581 1929 856">
    <p class='ocr_par' dir='ltr' id='par_1_2' title="bbox 1147 581 1929 856">
     <span class='ocr_line' id='line_1_3' title="bbox 1147 581 1928 660; baseline 0 -16"><span class='ocrx_word' id='word_1_16' title='bbox 1147 583 1326 660; x_wconf 87' lang='lat' dir='ltr'><strong>fragrantis</strong></span> <span class='ocrx_word' id='word_1_17' title='bbox 1341 582 1458 660; x_wconf 88' lang='lat' dir='ltr'><strong>gratiae</strong></span> <span class='ocrx_word' id='word_1_18' title='bbox 1478 585 1557 645; x_wconf 89' lang='lat' dir='ltr'><strong>Jesu</strong></span> <span class='ocrx_word' id='word_1_19' title='bbox 1577 582 1713 654; x_wconf 84' lang='lat' dir='ltr'><strong>Christi,</strong></span> <span class='ocrx_word' id='word_1_20' title='bbox 1727 581 1768 644; x_wconf 89' lang='lat' dir='ltr'><strong>ad</strong></span> <span class='ocrx_word' id='word_1_21' title='bbox 1780 582 1928 644; x_wconf 90' lang='lat' dir='ltr'><strong>haurian-</strong></span> 
     </span>
     <span class='ocr_line' id='line_1_4' title="bbox 1147 678 1929 758; baseline 0 -16"><span class='ocrx_word' id='word_1_22' title='bbox 1147 681 1224 742; x_wconf 93' lang='lat' dir='ltr'><strong>dum</strong></span> <span class='ocrx_word' id='word_1_23' title='bbox 1244 695 1347 758; x_wconf 87' lang='lat' dir='ltr'><strong>aquas</strong></span> <span class='ocrx_word' id='word_1_24' title='bbox 1372 679 1466 742; x_wconf 85' lang='lat' dir='ltr'><strong>vivas</strong></span> <span class='ocrx_word' id='word_1_25' title='bbox 1488 695 1563 741; x_wconf 90' lang='lat' dir='ltr'><strong>cum</strong></span> <span class='ocrx_word' id='word_1_26' title='bbox 1590 679 1714 757; x_wconf 86' lang='lat' dir='ltr'><strong>gaudio</strong></span> <span class='ocrx_word' id='word_1_27' title='bbox 1742 678 1929 742; x_wconf 85' lang='lat' dir='ltr'><strong>delentibus</strong></span> 
     </span>
     <span class='ocr_line' id='line_1_5' title="bbox 1149 775 1929 856; baseline 0.001 -17"><span class='ocrx_word' id='word_1_28' title='bbox 1149 777 1343 840; x_wconf 83' lang='lat' dir='ltr'><strong>salvatoris.</strong></span> <span class='ocrx_word' id='word_1_29' title='bbox 1360 776 1526 848; x_wconf 89' lang='lat' dir='ltr'><strong>Quosdam</strong></span> <span class='ocrx_word' id='word_1_30' title='bbox 1546 775 1659 840; x_wconf 85' lang='lat' dir='ltr'><strong>obices</strong></span> <span class='ocrx_word' id='word_1_31' title='bbox 1679 793 1832 840; x_wconf 82' lang='lat' dir='ltr'><strong>amovere</strong></span> <span class='ocrx_word' id='word_1_32' title='bbox 1844 779 1929 856; x_wconf 93' lang='lat' dir='ltr'><strong>cupi·</strong></span> 
     </span>
    </p>
   </div>
   <div class='ocr_carea' id='block_1_3' title="bbox 293 620 1094 797">
    <p class='ocr_par' dir='ltr' id='par_1_3' title="bbox 293 620 1094 797">
     <span class='ocr_line' id='line_1_6' title="bbox 293 620 1093 702; baseline -0.015 -10"><span class='ocrx_word' id='word_1_33' title='bbox 293 629 347 692; x_wconf 71' lang='lat' dir='ltr'><strong>Ad</strong></span> <span class='ocrx_word' id='word_1_34' title='bbox 369 629 639 702; x_wconf 71' lang='lat' dir='ltr'><strong>archiepiscopos</strong></span> <span class='ocrx_word' id='word_1_35' title='bbox 659 625 693 686; x_wconf 84' lang='lat' dir='ltr'><strong>et</strong></span> <span class='ocrx_word' id='word_1_36' title='bbox 716 625 890 697; x_wconf 63' lang='lat' dir='ltr'><strong>macanos</strong></span> <span class='ocrx_word' id='word_1_37' title='bbox 904 620 1093 683; x_wconf 72' lang='lat' dir='ltr'><strong>eleuteros</strong></span> 
     </span>
     <span class='ocr_line' id='line_1_7' title="bbox 333 722 1094 797; baseline -0.017 -8"><span class='ocrx_word' id='word_1_38' title='bbox 333 729 554 788; x_wconf 79' lang='lat' dir='ltr'><strong>ecclesiaram</strong></span> <span class='ocrx_word' id='word_1_39' title='bbox 568 723 734 797; x_wconf 73' lang='lat' dir='ltr'><strong>prelatos</strong></span> <span class='ocrx_word' id='word_1_40' title='bbox 746 736 814 796; x_wconf 80' lang='lat' dir='ltr'><strong>per</strong></span> <span class='ocrx_word' id='word_1_41' title='bbox 826 722 996 782; x_wconf 81' lang='lat' dir='ltr'><strong>Sweciam</strong></span> <span class='ocrx_word' id='word_1_42' title='bbox 1011 733 1094 778; x_wconf 80' lang='lat' dir='ltr'><strong>cou-</strong></span> 
     </span>
    </p>
   </div>
   <div class='ocr_carea' id='block_1_4' title="bbox 334 824 1930 958">
    <p class='ocr_par' dir='ltr' id='par_1_4' title="bbox 334 824 1930 958">
     <span class='ocr_line' id='line_1_8' title="bbox 334 824 1910 888; baseline -0.016 -2"><span class='ocrx_word' id='word_1_43' title='bbox 334 824 485 886; x_wconf 81' lang='lat' dir='ltr'><strong>stitutos.</strong></span> <span class='ocrx_word' id='word_1_44' title='bbox 1295 875 1302 887; x_wconf 61' lang='lat'>‚</span> <span class='ocrx_word' id='word_1_45' title='bbox 1355 874 1388 887; x_wconf 92' lang='lat'><strong>..</strong></span> <span class='ocrx_word' id='word_1_46' title='bbox 1457 873 1463 886; x_wconf 56' lang='grc'><strong><em>,</em></strong></span> <span class='ocrx_word' id='word_1_47' title='bbox 1548 875 1557 887; x_wconf 54' lang='grc'>,</span> <span class='ocrx_word' id='word_1_48' title='bbox 1905 877 1910 888; x_wconf 32' lang='grc' dir='ltr'>Ι</span> 
     </span>
     <span class='ocr_line' id='line_1_9' title="bbox 552 873 1930 958; baseline -0.007 -12"><span class='ocrx_word' id='word_1_49' title='bbox 552 899 586 957; x_wconf 74' lang='lat'><strong>22</strong></span> <span class='ocrx_word' id='word_1_50' title='bbox 602 896 737 956; x_wconf 68' lang='lat' dir='ltr'><strong>novemb,</strong></span> <span class='ocrx_word' id='word_1_51' title='bbox 755 895 834 954; x_wconf 71' lang='lat' dir='ltr'><strong>lili.</strong></span> <span class='ocrx_word' id='word_1_52' title='bbox 1148 892 1220 936; x_wconf 90' lang='lat' dir='ltr'><strong>mus</strong></span> <span class='ocrx_word' id='word_1_53' title='bbox 1246 875 1323 936; x_wconf 83' lang='lat' dir='ltr'><strong>huic</strong></span> <span class='ocrx_word' id='word_1_54' title='bbox 1352 876 1465 936; x_wconf 81' lang='lat' dir='ltr'><strong>itineri</strong></span> <span class='ocrx_word' id='word_1_55' title='bbox 1486 873 1687 958; x_wconf 68' lang='lat' dir='ltr'><strong>obsistentes</strong></span> <span class='ocrx_word' id='word_1_56' title='bbox 1710 878 1743 936; x_wconf 89' lang='lat' dir='ltr'><strong>et</strong></span> <span class='ocrx_word' id='word_1_57' title='bbox 1757 891 1930 936; x_wconf 80' lang='lat' dir='ltr'><strong>necassalia</strong></span> 
     </span>
    </p>
   </div>
   <div class='ocr_carea' id='block_1_5' title="bbox 212 967 1940 5342">
    <p class='ocr_par' dir='ltr' id='par_1_5' title="bbox 212 967 1938 3782">
     <span class='ocr_line' id='line_1_10' title="bbox 296 967 1931 1074; baseline -0.006 -15"><span class='ocrx_word' id='word_1_58' title='bbox 296 1007 440 1074; x_wconf 65' lang='lat' dir='ltr'><strong>[uiuum.</strong></span> <span class='ocrx_word' id='word_1_59' title='bbox 453 967 563 1058; x_wconf 63' lang='lat' dir='ltr'><strong>sienim</strong></span> <span class='ocrx_word' id='word_1_60' title='bbox 575 1004 682 1070; x_wconf 82' lang='lat' dir='ltr'><strong>diplom.</strong></span> <span class='ocrx_word' id='word_1_61' title='bbox 692 1005 712 1058; x_wconf 87' lang='lat' dir='ltr'><strong>l.</strong></span> <span class='ocrx_word' id='word_1_62' title='bbox 726 1003 780 1060; x_wconf 83' lang='lat' dir='ltr'><strong>reo.</strong></span> <span class='ocrx_word' id='word_1_63' title='bbox 791 1017 818 1052; x_wconf 82' lang='lat' dir='ltr'><strong>n.</strong></span> <span class='ocrx_word' id='word_1_64' title='bbox 831 1001 884 1052; x_wconf 82' lang='lat' dir='ltr'><strong>rm.</strong></span> <span class='ocrx_word' id='word_1_65' title='bbox 895 1000 990 1052; x_wconf 80' lang='lat' dir='ltr'><strong>Dullm.</strong></span> <span class='ocrx_word' id='word_1_66' title='bbox 999 1000 1092 1050; x_wconf 74' lang='lat' dir='ltr'><strong>aoma—</strong></span> <span class='ocrx_word' id='word_1_67' title='bbox 1148 971 1298 1050; x_wconf 69' lang='lat' dir='ltr'><strong>iuaedam</strong></span> <span class='ocrx_word' id='word_1_68' title='bbox 1323 971 1501 1032; x_wconf 63' lang='lat' dir='ltr'><strong>annectere</strong></span> <span class='ocrx_word' id='word_1_69' title='bbox 1525 970 1578 1034; x_wconf 84' lang='lat' dir='ltr'><strong>his</strong></span> <span class='ocrx_word' id='word_1_70' title='bbox 1599 987 1672 1049; x_wconf 71' lang='lat' dir='ltr'><strong>(11¹ae</strong></span> <span class='ocrx_word' id='word_1_71' title='bbox 1688 971 1730 1032; x_wconf 82' lang='lat' dir='ltr'><strong>ab</strong></span> <span class='ocrx_word' id='word_1_72' title='bbox 1754 975 1931 1033; x_wconf 63' lang='lat' dir='ltr'><strong>isst000880·</strong></span> 
     </span>
     <span class='ocr_line' id='line_1_11' title="bbox 315 1068 1931 1146; baseline -0.009 -18"><span class='ocrx_word' id='word_1_73' title='bbox 315 1071 1068 1136; x_wconf 79' lang='lat' dir='ltr'><strong>num,ed.&#39;f&#39;aur.,lll.3iit.ilartene,&#39;flres.anecd.l,tiitt.]</strong></span> <span class='ocrx_word' id='word_1_74' title='bbox 1147 1069 1376 1131; x_wconf 76' lang='lat' dir='ltr'><strong>pihusnostris</strong></span> <span class='ocrx_word' id='word_1_75' title='bbox 1392 1069 1480 1130; x_wconf 79' lang='lat' dir='ltr'><strong>edita</strong></span> <span class='ocrx_word' id='word_1_76' title='bbox 1497 1068 1629 1130; x_wconf 74' lang='lat' dir='ltr'><strong>suntab</strong></span> <span class='ocrx_word' id='word_1_77' title='bbox 1642 1070 1734 1142; x_wconf 52' lang='lat' dir='ltr'><strong>olim,</strong></span> <span class='ocrx_word' id='word_1_78' title='bbox 1757 1069 1797 1130; x_wconf 72' lang='lat' dir='ltr'><strong>ad</strong></span> <span class='ocrx_word' id='word_1_79' title='bbox 1821 1086 1931 1146; x_wconf 69' lang='lat' dir='ltr'><strong>propa.</strong></span> 
     </span>
     <span class='ocr_line' id='line_1_12' title="bbox 294 1164 1931 1248; baseline -0.005 -14"><span class='ocrx_word' id='word_1_80' title='bbox 294 1177 374 1248; x_wconf 82' lang='lat' dir='ltr'><strong>Quod</strong></span> <span class='ocrx_word' id='word_1_81' title='bbox 401 1176 497 1234; x_wconf 89' lang='lat' dir='ltr'><strong>clerici</strong></span> <span class='ocrx_word' id='word_1_82' title='bbox 526 1174 636 1248; x_wconf 81' lang='lat' dir='ltr'><strong>possint</strong></span> <span class='ocrx_word' id='word_1_83' title='bbox 664 1171 777 1230; x_wconf 89' lang='lat' dir='ltr'><strong>studere</strong></span> <span class='ocrx_word' id='word_1_84' title='bbox 804 1173 832 1228; x_wconf 91' lang='lat' dir='ltr'><strong>in</strong></span> <span class='ocrx_word' id='word_1_85' title='bbox 862 1170 1017 1242; x_wconf 84' lang='lat' dir='ltr'><strong>Theologia</strong></span> <span class='ocrx_word' id='word_1_86' title='bbox 1044 1184 1093 1240; x_wconf 90' lang='lat' dir='ltr'><strong>per</strong></span> <span class='ocrx_word' id='word_1_87' title='bbox 1147 1166 1314 1240; x_wconf 90' lang='lat' dir='ltr'><strong>gationem</strong></span> <span class='ocrx_word' id='word_1_88' title='bbox 1339 1166 1531 1244; x_wconf 82' lang='lat' dir='ltr'><strong>propaginis</strong></span> <span class='ocrx_word' id='word_1_89' title='bbox 1558 1165 1636 1228; x_wconf 80' lang='lat' dir='ltr'><strong>ritis</strong></span> <span class='ocrx_word' id='word_1_90' title='bbox 1663 1183 1753 1228; x_wconf 81' lang='lat' dir='ltr'><strong>verae</strong></span> <span class='ocrx_word' id='word_1_91' title='bbox 1779 1164 1836 1245; x_wconf 83' lang='lat'><strong>(7).</strong></span> <span class='ocrx_word' id='word_1_92' title='bbox 1864 1169 1931 1228; x_wconf 89' lang='lat' dir='ltr'><strong>Cum</strong></span> 
     </span>
     <span class='ocr_line' id='line_1_13' title="bbox 329 1257 1934 1342; baseline -0.004 -19"><span class='ocrx_word' id='word_1_93' title='bbox 329 1267 453 1338; x_wconf 82' lang='lat' dir='ltr'><strong>quinqua</strong></span> <span class='ocrx_word' id='word_1_94' title='bbox 467 1279 558 1320; x_wconf 83' lang='lat' dir='ltr'><strong>annos</strong></span> <span class='ocrx_word' id='word_1_95' title='bbox 584 1270 613 1320; x_wconf 82' lang='lat' dir='ltr'><strong>at</strong></span> <span class='ocrx_word' id='word_1_96' title='bbox 633 1263 726 1320; x_wconf 86' lang='lat' dir='ltr'><strong>nultus</strong></span> <span class='ocrx_word' id='word_1_97' title='bbox 740 1261 769 1317; x_wconf 83' lang='lat' dir='ltr'><strong>tn</strong></span> <span class='ocrx_word' id='word_1_98' title='bbox 789 1259 901 1334; x_wconf 83' lang='lat' dir='ltr'><strong>tegibus</strong></span> <span class='ocrx_word' id='word_1_99' title='bbox 923 1267 951 1315; x_wconf 84' lang='lat' dir='ltr'><strong>et</strong></span> <span class='ocrx_word' id='word_1_100' title='bbox 972 1257 1092 1314; x_wconf 79' lang='lat' dir='ltr'><strong>eeclesia</strong></span> <span class='ocrx_word' id='word_1_101' title='bbox 1148 1263 1461 1340; x_wconf 78' lang='lat' dir='ltr'><strong>itaquedesillgulis</strong></span> <span class='ocrx_word' id='word_1_102' title='bbox 1472 1265 1652 1340; x_wconf 77' lang='lat' dir='ltr'><strong>provinciis</strong></span> <span class='ocrx_word' id='word_1_103' title='bbox 1664 1265 1934 1342; x_wconf 75' lang='lat' dir='ltr'><strong>puellaespeciosae</strong></span> 
     </span>
     <span class='ocr_line' id='line_1_14' title="bbox 329 1346 1934 1439; baseline -0.005 -11"><span class='ocrx_word' id='word_1_104' title='bbox 329 1355 420 1428; x_wconf 72' lang='lat' dir='ltr'><strong>ffl³l0l</strong></span> <span class='ocrx_word' id='word_1_105' title='bbox 435 1351 639 1422; x_wconf 78' lang='lat' dir='ltr'><strong>dehethalmre</strong></span> <span class='ocrx_word' id='word_1_106' title='bbox 650 1350 795 1409; x_wconf 67' lang='lat' dir='ltr'><strong>‘¹⁰020l0m</strong></span> <span class='ocrx_word' id='word_1_107' title='bbox 812 1347 839 1404; x_wconf 74' lang='lat'><strong>&#39;¹¹¹</strong></span> <span class='ocrx_word' id='word_1_108' title='bbox 856 1346 1011 1420; x_wconf 82' lang='lat' dir='ltr'><strong>theologia.</strong></span> <span class='ocrx_word' id='word_1_109' title='bbox 1148 1376 1188 1422; x_wconf 88' lang='lat' dir='ltr'><strong>ac</strong></span> <span class='ocrx_word' id='word_1_110' title='bbox 1201 1362 1348 1438; x_wconf 87' lang='lat' dir='ltr'><strong>virgines</strong></span> <span class='ocrx_word' id='word_1_111' title='bbox 1364 1377 1423 1439; x_wconf 93' lang='lat' dir='ltr'><strong>pro</strong></span> <span class='ocrx_word' id='word_1_112' title='bbox 1439 1375 1518 1436; x_wconf 85' lang='lat' dir='ltr'><strong>rega</strong></span> <span class='ocrx_word' id='word_1_113' title='bbox 1532 1365 1688 1434; x_wconf 72' lang='lat' dir='ltr'><strong>assuero,</strong></span> <span class='ocrx_word' id='word_1_114' title='bbox 1706 1363 1763 1438; x_wconf 93' lang='lat' dir='ltr'><strong>qui</strong></span> <span class='ocrx_word' id='word_1_115' title='bbox 1781 1361 1934 1423; x_wconf 78' lang='lat' dir='ltr'>beatitudo</span> 
     </span>
     <span class='ocr_line' id='line_1_15' title="bbox 334 1453 1935 1540; baseline -0.005 -14"><span class='ocrx_word' id='word_1_116' title='bbox 334 1462 502 1528; x_wconf 87' lang='lat' dir='ltr'><strong>Honorius</strong></span> <span class='ocrx_word' id='word_1_117' title='bbox 514 1461 700 1540; x_wconf 87' lang='lat' dir='ltr'><strong>episcopus,</strong></span> <span class='ocrx_word' id='word_1_118' title='bbox 712 1474 828 1520; x_wconf 89' lang='lat' dir='ltr'><strong>servus</strong></span> <span class='ocrx_word' id='word_1_119' title='bbox 839 1471 1009 1518; x_wconf 87' lang='lat' dir='ltr'><strong>servorum</strong></span> <span class='ocrx_word' id='word_1_120' title='bbox 1022 1453 1091 1526; x_wconf 89' lang='lat' dir='ltr'><strong>Dei,</strong></span> <span class='ocrx_word' id='word_1_121' title='bbox 1149 1457 1281 1528; x_wconf 86' lang='lat' dir='ltr'><strong>dicitur,</strong></span> <span class='ocrx_word' id='word_1_122' title='bbox 1308 1474 1368 1536; x_wconf 91' lang='lat' dir='ltr'><strong>per</strong></span> <span class='ocrx_word' id='word_1_123' title='bbox 1404 1458 1545 1520; x_wconf 80' lang='lat' dir='ltr'>ancillas</span> <span class='ocrx_word' id='word_1_124' title='bbox 1587 1459 1693 1536; x_wconf 89' lang='lat' dir='ltr'><strong>quaeri</strong></span> <span class='ocrx_word' id='word_1_125' title='bbox 1736 1458 1882 1530; x_wconf 85' lang='lat' dir='ltr'><strong>debeant,</strong></span> <span class='ocrx_word' id='word_1_126' title='bbox 1908 1461 1935 1518; x_wconf 84' lang='lat' dir='ltr'><strong>et</strong></span> 
     </span>
     <span class='ocr_line' id='line_1_16' title="bbox 294 1549 1936 1636; baseline -0.005 -12"><span class='ocrx_word' id='word_1_127' title='bbox 294 1559 541 1636; x_wconf 88' lang='lat' dir='ltr'><strong>venerabilibus</strong></span> <span class='ocrx_word' id='word_1_128' title='bbox 573 1557 732 1620; x_wconf 86' lang='lat' dir='ltr'><strong>fratribus</strong></span> <span class='ocrx_word' id='word_1_129' title='bbox 769 1553 1029 1632; x_wconf 82' lang='lat' dir='ltr'><strong>archiepiscopis</strong></span> <span class='ocrx_word' id='word_1_130' title='bbox 1062 1549 1095 1612; x_wconf 88' lang='lat' dir='ltr'><strong>et</strong></span> <span class='ocrx_word' id='word_1_131' title='bbox 1148 1553 1269 1618; x_wconf 86' lang='lat' dir='ltr'><strong>adduci</strong></span> <span class='ocrx_word' id='word_1_132' title='bbox 1298 1555 1338 1618; x_wconf 86' lang='lat' dir='ltr'><strong>ad</strong></span> <span class='ocrx_word' id='word_1_133' title='bbox 1368 1570 1479 1618; x_wconf 89' lang='lat' dir='ltr'><strong>arcem</strong></span> <span class='ocrx_word' id='word_1_134' title='bbox 1508 1557 1541 1616; x_wconf 91' lang='lat' dir='ltr'><strong>et</strong></span> <span class='ocrx_word' id='word_1_135' title='bbox 1569 1555 1691 1618; x_wconf 83' lang='lat' dir='ltr'><strong>maeuia</strong></span> <span class='ocrx_word' id='word_1_136' title='bbox 1726 1555 1883 1624; x_wconf 75' lang='lat' dir='ltr'><strong>civitatis,</strong></span> <span class='ocrx_word' id='word_1_137' title='bbox 1908 1557 1936 1616; x_wconf 88' lang='lat' dir='ltr'><strong>et</strong></span> 
     </span>
     <span class='ocr_line' id='line_1_17' title="bbox 294 1650 1933 1738; baseline -0.006 -17"><span class='ocrx_word' id='word_1_138' title='bbox 294 1659 459 1738; x_wconf 89' lang='lat' dir='ltr'><strong>episcopis</strong></span> <span class='ocrx_word' id='word_1_139' title='bbox 473 1657 641 1720; x_wconf 89' lang='lat' dir='ltr'><strong>etdilectis</strong></span> <span class='ocrx_word' id='word_1_140' title='bbox 653 1654 867 1718; x_wconf 88' lang='lat' dir='ltr'><strong>filiiscaeteris</strong></span> <span class='ocrx_word' id='word_1_141' title='bbox 877 1650 1093 1714; x_wconf 89' lang='lat' dir='ltr'><strong>ecclesiarum</strong></span> <span class='ocrx_word' id='word_1_142' title='bbox 1149 1667 1209 1728; x_wconf 88' lang='lat' dir='ltr'><strong>par</strong></span> <span class='ocrx_word' id='word_1_143' title='bbox 1250 1669 1385 1716; x_wconf 87' lang='lat' dir='ltr'><strong>manum</strong></span> <span class='ocrx_word' id='word_1_144' title='bbox 1421 1652 1525 1730; x_wconf 84' lang='lat' dir='ltr'><strong>Aggei</strong></span> <span class='ocrx_word' id='word_1_145' title='bbox 1557 1652 1721 1714; x_wconf 90' lang='lat' dir='ltr'><strong>mundum</strong></span> <span class='ocrx_word' id='word_1_146' title='bbox 1754 1652 1933 1714; x_wconf 83' lang='lat' dir='ltr'><strong>muliebrem</strong></span> 
     </span>
     <span class='ocr_line' id='line_1_18' title="bbox 295 1748 1933 1836; baseline -0.006 -17"><span class='ocrx_word' id='word_1_147' title='bbox 295 1757 443 1836; x_wconf 87' lang='lat' dir='ltr'><strong>praelatis</strong></span> <span class='ocrx_word' id='word_1_148' title='bbox 454 1754 487 1817; x_wconf 88' lang='lat' dir='ltr'><strong>et</strong></span> <span class='ocrx_word' id='word_1_149' title='bbox 499 1754 653 1832; x_wconf 88' lang='lat' dir='ltr'><strong>capitulis</strong></span> <span class='ocrx_word' id='word_1_150' title='bbox 662 1769 721 1830; x_wconf 90' lang='lat' dir='ltr'><strong>per</strong></span> <span class='ocrx_word' id='word_1_151' title='bbox 732 1751 895 1814; x_wconf 83' lang='lat' dir='ltr'><strong>sueciam</strong></span> <span class='ocrx_word' id='word_1_152' title='bbox 907 1748 1095 1812; x_wconf 87' lang='lat' dir='ltr'><strong>constitutis</strong></span> <span class='ocrx_word' id='word_1_153' title='bbox 1150 1750 1317 1827; x_wconf 87' lang='lat' dir='ltr'><strong>accipere,</strong></span> <span class='ocrx_word' id='word_1_154' title='bbox 1353 1750 1621 1823; x_wconf 85' lang='lat' dir='ltr'><strong>necessariorum</strong></span> <span class='ocrx_word' id='word_1_155' title='bbox 1655 1750 1813 1814; x_wconf 86' lang='lat' dir='ltr'><strong>videlicet</strong></span> <span class='ocrx_word' id='word_1_156' title='bbox 1843 1749 1933 1810; x_wconf 89' lang='lat' dir='ltr'><strong>fulci-</strong></span> 
     </span>
     <span class='ocr_line' id='line_1_19' title="bbox 295 1845 1933 1930; baseline -0.005 -15"><span class='ocrx_word' id='word_1_157' title='bbox 295 1854 435 1916; x_wconf 84' lang='lat' dir='ltr'><strong>salutem</strong></span> <span class='ocrx_word' id='word_1_158' title='bbox 456 1852 489 1913; x_wconf 91' lang='lat' dir='ltr'><strong>et</strong></span> <span class='ocrx_word' id='word_1_159' title='bbox 504 1845 1009 1930; x_wconf 76' lang='lat' dir='ltr'><strong>apostolicambenedictionem.</strong></span> <span class='ocrx_word' id='word_1_160' title='bbox 1141 1849 1271 1920; x_wconf 67' lang='lat' dir='ltr'><strong>&#39;mentm</strong></span> <span class='ocrx_word' id='word_1_161' title='bbox 1293 1848 1445 1910; x_wconf 82' lang='lat' dir='ltr'><strong>volumus</strong></span> <span class='ocrx_word' id='word_1_162' title='bbox 1464 1848 1497 1909; x_wconf 89' lang='lat' dir='ltr'><strong>et</strong></span> <span class='ocrx_word' id='word_1_163' title='bbox 1514 1848 1711 1910; x_wconf 86' lang='lat' dir='ltr'>mandamus</span> <span class='ocrx_word' id='word_1_164' title='bbox 1734 1849 1770 1910; x_wconf 85' lang='lat' dir='ltr'><strong>ut</strong></span> <span class='ocrx_word' id='word_1_165' title='bbox 1786 1848 1933 1909; x_wconf 88' lang='lat' dir='ltr'><strong>statutum</strong></span> 
     </span>
     <span class='ocr_line' id='line_1_20' title="bbox 337 1941 1934 2028; baseline -0.006 -16"><span class='ocrx_word' id='word_1_166' title='bbox 337 1953 442 2028; x_wconf 84' lang='lat' dir='ltr'><strong>Super</strong></span> <span class='ocrx_word' id='word_1_167' title='bbox 465 1947 632 2028; x_wconf 90' lang='lat' dir='ltr'><strong>speculam</strong></span> <span class='ocrx_word' id='word_1_168' title='bbox 665 1946 808 2018; x_wconf 87' lang='lat' dir='ltr'><strong>Domini,</strong></span> <span class='ocrx_word' id='word_1_169' title='bbox 837 1945 914 2006; x_wconf 90' lang='lat' dir='ltr'><strong>licet</strong></span> <span class='ocrx_word' id='word_1_170' title='bbox 936 1941 1092 2004; x_wconf 89' lang='lat' dir='ltr'><strong>immeriti</strong></span> <span class='ocrx_word' id='word_1_171' title='bbox 1148 1946 1272 2008; x_wconf 89' lang='lat' dir='ltr'><strong>editum</strong></span> <span class='ocrx_word' id='word_1_172' title='bbox 1298 1946 1334 2007; x_wconf 90' lang='lat' dir='ltr'><strong>in</strong></span> <span class='ocrx_word' id='word_1_173' title='bbox 1359 1946 1506 2008; x_wconf 84' lang='lat' dir='ltr'><strong>Concilio</strong></span> <span class='ocrx_word' id='word_1_174' title='bbox 1533 1946 1684 2022; x_wconf 86' lang='lat' dir='ltr'><strong>generali</strong></span> <span class='ocrx_word' id='word_1_175' title='bbox 1710 1946 1751 2006; x_wconf 92' lang='lat' dir='ltr'><strong>de</strong></span> <span class='ocrx_word' id='word_1_176' title='bbox 1780 1945 1934 2024; x_wconf 80' lang='lat' dir='ltr'><strong>magistris</strong></span> 
     </span>
     <span class='ocr_line' id='line_1_21' title="bbox 295 2039 1934 2121; baseline -0.005 -12"><span class='ocrx_word' id='word_1_177' title='bbox 295 2043 488 2118; x_wconf 88' lang='lat' dir='ltr'><strong>constituti,</strong></span> <span class='ocrx_word' id='word_1_178' title='bbox 526 2044 603 2105; x_wconf 94' lang='lat' dir='ltr'><strong>dum</strong></span> <span class='ocrx_word' id='word_1_179' title='bbox 637 2043 814 2120; x_wconf 85' lang='lat' dir='ltr'><strong>diligenter</strong></span> <span class='ocrx_word' id='word_1_180' title='bbox 842 2041 945 2104; x_wconf 91' lang='lat' dir='ltr'><strong>multo</strong></span> <span class='ocrx_word' id='word_1_181' title='bbox 971 2039 1093 2101; x_wconf 89' lang='lat' dir='ltr'><strong>intuitu</strong></span> <span class='ocrx_word' id='word_1_182' title='bbox 1148 2043 1315 2120; x_wconf 85' lang='lat' dir='ltr'><strong>theologis</strong></span> <span class='ocrx_word' id='word_1_183' title='bbox 1338 2043 1562 2121; x_wconf 75' lang='lat' dir='ltr'><strong>persingulas</strong></span> <span class='ocrx_word' id='word_1_184' title='bbox 1577 2043 1780 2120; x_wconf 85' lang='lat' dir='ltr'><strong>metropoles</strong></span> <span class='ocrx_word' id='word_1_185' title='bbox 1795 2043 1934 2104; x_wconf 90' lang='lat' dir='ltr'><strong>statuen-</strong></span> 
     </span>
     <span class='ocr_line' id='line_1_22' title="bbox 212 2125 1933 2222; baseline -0.004 -16"><span class='ocrx_word' id='word_1_186' title='bbox 212 2125 221 2138; x_wconf 72' lang='grc'>’</span> <span class='ocrx_word' id='word_1_187' title='bbox 294 2143 558 2222; x_wconf 89' lang='lat' dir='ltr'><strong>contemplamur</strong></span> <span class='ocrx_word' id='word_1_188' title='bbox 589 2142 713 2203; x_wconf 89' lang='lat' dir='ltr'><strong>statum</strong></span> <span class='ocrx_word' id='word_1_189' title='bbox 735 2139 901 2201; x_wconf 86' lang='lat' dir='ltr'><strong>ecclesiae</strong></span> <span class='ocrx_word' id='word_1_190' title='bbox 926 2137 1093 2214; x_wconf 88' lang='lat' dir='ltr'><strong>generalis</strong></span> <span class='ocrx_word' id='word_1_191' title='bbox 1149 2141 1199 2202; x_wconf 89' lang='lat' dir='ltr'><strong>dis</strong></span> <span class='ocrx_word' id='word_1_192' title='bbox 1223 2141 1465 2204; x_wconf 86' lang='lat' dir='ltr'><strong>inviolabiliter</strong></span> <span class='ocrx_word' id='word_1_193' title='bbox 1493 2141 1699 2210; x_wconf 83' lang='lat' dir='ltr'><strong>observetur,</strong></span> <span class='ocrx_word' id='word_1_194' title='bbox 1730 2141 1933 2202; x_wconf 81' lang='lat' dir='ltr'><strong>decernentes</strong></span> 
     </span>
     <span class='ocr_line' id='line_1_23' title="bbox 296 2231 1934 2318; baseline -0.003 -15"><span class='ocrx_word' id='word_1_195' title='bbox 296 2242 446 2304; x_wconf 90' lang='lat' dir='ltr'><strong>dolemus</strong></span> <span class='ocrx_word' id='word_1_196' title='bbox 476 2240 654 2318; x_wconf 90' lang='lat' dir='ltr'><strong>plurimum</strong></span> <span class='ocrx_word' id='word_1_197' title='bbox 684 2237 717 2299; x_wconf 88' lang='lat' dir='ltr'><strong>et</strong></span> <span class='ocrx_word' id='word_1_198' title='bbox 737 2239 898 2298; x_wconf 75' lang='lat' dir='ltr'><strong>testamur</strong></span> <span class='ocrx_word' id='word_1_199' title='bbox 917 2234 976 2314; x_wconf 84' lang='lat'><strong>(1),</strong></span> <span class='ocrx_word' id='word_1_200' title='bbox 1007 2231 1093 2312; x_wconf 90' lang='lat' dir='ltr'><strong>quod</strong></span> <span class='ocrx_word' id='word_1_201' title='bbox 1148 2239 1286 2316; x_wconf 86' lang='lat' dir='ltr'><strong>insuper</strong></span> <span class='ocrx_word' id='word_1_202' title='bbox 1301 2240 1340 2300; x_wconf 90' lang='lat' dir='ltr'><strong>de</strong></span> <span class='ocrx_word' id='word_1_203' title='bbox 1360 2239 1500 2301; x_wconf 88' lang='lat' dir='ltr'><strong>consilio</strong></span> <span class='ocrx_word' id='word_1_204' title='bbox 1522 2241 1662 2302; x_wconf 79' lang='lat' dir='ltr'><strong>fratrum</strong></span> <span class='ocrx_word' id='word_1_205' title='bbox 1686 2241 1884 2310; x_wconf 89' lang='lat' dir='ltr'><strong>nostrorum,</strong></span> <span class='ocrx_word' id='word_1_206' title='bbox 1899 2253 1934 2298; x_wconf 84' lang='lat' dir='ltr'><strong>ac</strong></span> 
     </span>
     <span class='ocr_line' id='line_1_24' title="bbox 295 2331 1932 2414; baseline -0.005 -13"><span class='ocrx_word' id='word_1_207' title='bbox 295 2357 368 2402; x_wconf 92' lang='lat' dir='ltr'><strong>cum</strong></span> <span class='ocrx_word' id='word_1_208' title='bbox 389 2338 474 2400; x_wconf 88' lang='lat' dir='ltr'><strong>albae</strong></span> <span class='ocrx_word' id='word_1_209' title='bbox 503 2337 570 2399; x_wconf 90' lang='lat' dir='ltr'><strong>sint</strong></span> <span class='ocrx_word' id='word_1_210' title='bbox 588 2337 744 2412; x_wconf 81' lang='lat' dir='ltr'><strong>regiones</strong></span> <span class='ocrx_word' id='word_1_211' title='bbox 763 2333 805 2396; x_wconf 89' lang='lat' dir='ltr'><strong>ad</strong></span> <span class='ocrx_word' id='word_1_212' title='bbox 829 2348 968 2394; x_wconf 87' lang='lat' dir='ltr'><strong>messem</strong></span> <span class='ocrx_word' id='word_1_213' title='bbox 988 2331 1095 2410; x_wconf 92' lang='lat' dir='ltr'><strong>pluri·</strong></span> <span class='ocrx_word' id='word_1_214' title='bbox 1149 2334 1297 2398; x_wconf 89' lang='lat' dir='ltr'><strong>districte</strong></span> <span class='ocrx_word' id='word_1_215' title='bbox 1321 2333 1544 2414; x_wconf 87' lang='lat' dir='ltr'><strong>praecipiendo</strong></span> <span class='ocrx_word' id='word_1_216' title='bbox 1567 2336 1776 2408; x_wconf 73' lang='lat' dir='ltr'><strong>mandendae,</strong></span> <span class='ocrx_word' id='word_1_217' title='bbox 1798 2336 1844 2408; x_wconf 88' lang='lat' dir='ltr'><strong>ut,</strong></span> <span class='ocrx_word' id='word_1_218' title='bbox 1864 2333 1932 2412; x_wconf 88' lang='lat' dir='ltr'><strong>qnia</strong></span> 
     </span>
     <span class='ocr_line' id='line_1_25' title="bbox 294 2429 1936 2512; baseline -0.004 -14"><span class='ocrx_word' id='word_1_219' title='bbox 294 2454 393 2510; x_wconf 87' lang='lat' dir='ltr'><strong>mam,</strong></span> <span class='ocrx_word' id='word_1_220' title='bbox 417 2436 450 2498; x_wconf 90' lang='lat' dir='ltr'><strong>et</strong></span> <span class='ocrx_word' id='word_1_221' title='bbox 477 2433 623 2512; x_wconf 89' lang='lat' dir='ltr'><strong>operarii</strong></span> <span class='ocrx_word' id='word_1_222' title='bbox 650 2433 717 2494; x_wconf 88' lang='lat' dir='ltr'><strong>sint</strong></span> <span class='ocrx_word' id='word_1_223' title='bbox 740 2431 916 2510; x_wconf 89' lang='lat' dir='ltr'><strong>perpauci,</strong></span> <span class='ocrx_word' id='word_1_224' title='bbox 944 2429 1094 2508; x_wconf 87' lang='lat' dir='ltr'><strong>plerique</strong></span> <span class='ocrx_word' id='word_1_225' title='bbox 1149 2449 1249 2510; x_wconf 92' lang='lat' dir='ltr'><strong>super</strong></span> <span class='ocrx_word' id='word_1_226' title='bbox 1270 2433 1333 2495; x_wconf 90' lang='lat' dir='ltr'><strong>hoc</strong></span> <span class='ocrx_word' id='word_1_227' title='bbox 1357 2435 1492 2512; x_wconf 91' lang='lat' dir='ltr'><strong>propter</strong></span> <span class='ocrx_word' id='word_1_228' title='bbox 1513 2434 1684 2496; x_wconf 88' lang='lat' dir='ltr'><strong>raritatem</strong></span> <span class='ocrx_word' id='word_1_229' title='bbox 1709 2433 1936 2512; x_wconf 85' lang='lat' dir='ltr'><strong>magistrorum</strong></span> 
     </span>
     <span class='ocr_line' id='line_1_26' title="bbox 295 2526 1936 2610; baseline -0.003 -16"><span class='ocrx_word' id='word_1_230' title='bbox 295 2533 415 2610; x_wconf 85' lang='lat' dir='ltr'><strong>vigiles</strong></span> <span class='ocrx_word' id='word_1_231' title='bbox 440 2531 495 2610; x_wconf 89' lang='lat' dir='ltr'><strong>qui</strong></span> <span class='ocrx_word' id='word_1_232' title='bbox 515 2529 673 2592; x_wconf 88' lang='lat' dir='ltr'><strong>tenentur</strong></span> <span class='ocrx_word' id='word_1_233' title='bbox 692 2527 858 2589; x_wconf 86' lang='lat' dir='ltr'><strong>custodire</strong></span> <span class='ocrx_word' id='word_1_234' title='bbox 881 2526 1011 2588; x_wconf 84' lang='lat' dir='ltr'><strong>Domini</strong></span> <span class='ocrx_word' id='word_1_235' title='bbox 1037 2526 1092 2588; x_wconf 77' lang='lat' dir='ltr'><strong>si·</strong></span> <span class='ocrx_word' id='word_1_236' title='bbox 1148 2547 1184 2591; x_wconf 89' lang='lat' dir='ltr'><strong>sa</strong></span> <span class='ocrx_word' id='word_1_237' title='bbox 1213 2535 1348 2608; x_wconf 86' lang='lat' dir='ltr'><strong>possent</strong></span> <span class='ocrx_word' id='word_1_238' title='bbox 1381 2532 1484 2609; x_wconf 90' lang='lat' dir='ltr'><strong>aliqui</strong></span> <span class='ocrx_word' id='word_1_239' title='bbox 1517 2531 1873 2604; x_wconf 79' lang='lat' dir='ltr'><strong>forsitanexcusare,</strong></span> <span class='ocrx_word' id='word_1_240' title='bbox 1898 2529 1936 2592; x_wconf 87' lang='lat' dir='ltr'><strong>ab</strong></span> 
     </span>
     <span class='ocr_line' id='line_1_27' title="bbox 295 2623 1938 2706; baseline -0.005 -10"><span class='ocrx_word' id='word_1_241' title='bbox 295 2646 404 2700; x_wconf 85' lang='lat' dir='ltr'><strong>neam,</strong></span> <span class='ocrx_word' id='word_1_242' title='bbox 420 2627 587 2690; x_wconf 78' lang='lat' dir='ltr'><strong>dormiunt</strong></span> <span class='ocrx_word' id='word_1_243' title='bbox 600 2641 750 2688; x_wconf 78' lang='lat' dir='ltr'><strong>somnum</strong></span> <span class='ocrx_word' id='word_1_244' title='bbox 767 2641 873 2696; x_wconf 75' lang='lat'>81111111,</span> <span class='ocrx_word' id='word_1_245' title='bbox 891 2640 951 2685; x_wconf 79' lang='lat'>1100</span> <span class='ocrx_word' id='word_1_246' title='bbox 966 2623 1093 2684; x_wconf 74' lang='lat' dir='ltr'><strong>zizania</strong></span> <span class='ocrx_word' id='word_1_247' title='bbox 1148 2628 1366 2692; x_wconf 85' lang='lat' dir='ltr'><strong>ecclesiarum</strong></span> <span class='ocrx_word' id='word_1_248' title='bbox 1391 2628 1537 2706; x_wconf 76' lang='lat' dir='ltr'><strong>praelatis</strong></span> <span class='ocrx_word' id='word_1_249' title='bbox 1558 2630 1591 2690; x_wconf 92' lang='lat' dir='ltr'><strong>et</strong></span> <span class='ocrx_word' id='word_1_250' title='bbox 1610 2629 1766 2706; x_wconf 88' lang='lat' dir='ltr'><strong>capitulis</strong></span> <span class='ocrx_word' id='word_1_251' title='bbox 1787 2628 1828 2690; x_wconf 92' lang='lat' dir='ltr'><strong>ad</strong></span> <span class='ocrx_word' id='word_1_252' title='bbox 1849 2629 1938 2690; x_wconf 74' lang='lat' dir='ltr'><strong>theii-</strong></span> 
     </span>
     <span class='ocr_line' id='line_1_28' title="bbox 297 2721 1936 2808; baseline -0.001 -19"><span class='ocrx_word' id='word_1_253' title='bbox 297 2727 436 2789; x_wconf 92' lang='lat' dir='ltr'><strong>nimium</strong></span> <span class='ocrx_word' id='word_1_254' title='bbox 455 2725 682 2788; x_wconf 82' lang='lat' dir='ltr'><strong>excrescentia</strong></span> <span class='ocrx_word' id='word_1_255' title='bbox 698 2724 731 2784; x_wconf 92' lang='lat' dir='ltr'><strong>in</strong></span> <span class='ocrx_word' id='word_1_256' title='bbox 743 2722 929 2800; x_wconf 88' lang='lat' dir='ltr'><strong>manipnlos</strong></span> <span class='ocrx_word' id='word_1_257' title='bbox 946 2721 987 2782; x_wconf 89' lang='lat' dir='ltr'><strong>ad</strong></span> <span class='ocrx_word' id='word_1_258' title='bbox 1003 2736 1094 2782; x_wconf 90' lang='lat' dir='ltr'><strong>com·</strong></span> <span class='ocrx_word' id='word_1_259' title='bbox 1148 2725 1245 2804; x_wconf 81' lang='lat' dir='ltr'><strong>logice</strong></span> <span class='ocrx_word' id='word_1_260' title='bbox 1260 2727 1477 2808; x_wconf 81' lang='lat' dir='ltr'><strong>professionis</strong></span> <span class='ocrx_word' id='word_1_261' title='bbox 1492 2728 1638 2789; x_wconf 91' lang='lat' dir='ltr'><strong>studium</strong></span> <span class='ocrx_word' id='word_1_262' title='bbox 1658 2727 1764 2806; x_wconf 84' lang='lat' dir='ltr'><strong>aliqui</strong></span> <span class='ocrx_word' id='word_1_263' title='bbox 1786 2727 1936 2790; x_wconf 89' lang='lat' dir='ltr'><strong>docibiles</strong></span> 
     </span>
     <span class='ocr_line' id='line_1_29' title="bbox 294 2820 1936 2902; baseline -0.002 -15"><span class='ocrx_word' id='word_1_264' title='bbox 294 2824 479 2887; x_wconf 89' lang='lat' dir='ltr'><strong>burendnm</strong></span> <span class='ocrx_word' id='word_1_265' title='bbox 517 2821 687 2900; x_wconf 87' lang='lat' dir='ltr'><strong>colligunt,</strong></span> <span class='ocrx_word' id='word_1_266' title='bbox 719 2821 870 2899; x_wconf 87' lang='lat' dir='ltr'><strong>quamvis</strong></span> <span class='ocrx_word' id='word_1_267' title='bbox 903 2836 942 2880; x_wconf 90' lang='lat' dir='ltr'><strong>ea</strong></span> <span class='ocrx_word' id='word_1_268' title='bbox 967 2820 1093 2897; x_wconf 86' lang='lat' dir='ltr'><strong>jugiter</strong></span> <span class='ocrx_word' id='word_1_269' title='bbox 1148 2821 1364 2898; x_wconf 87' lang='lat' dir='ltr'><strong>destinentur,</strong></span> <span class='ocrx_word' id='word_1_270' title='bbox 1381 2825 1552 2902; x_wconf 86' lang='lat' dir='ltr'><strong>quiquam</strong></span> <span class='ocrx_word' id='word_1_271' title='bbox 1568 2825 1657 2887; x_wconf 89' lang='lat' dir='ltr'><strong>docti</strong></span> <span class='ocrx_word' id='word_1_272' title='bbox 1678 2825 1813 2898; x_wconf 89' lang='lat' dir='ltr'><strong>fuerint,</strong></span> <span class='ocrx_word' id='word_1_273' title='bbox 1840 2826 1872 2885; x_wconf 92' lang='lat' dir='ltr'><strong>in</strong></span> <span class='ocrx_word' id='word_1_274' title='bbox 1885 2821 1936 2885; x_wconf 92' lang='lat' dir='ltr'><strong>Dei</strong></span> 
     </span>
     <span class='ocr_line' id='line_1_30' title="bbox 295 2915 1935 3002; baseline -0.007 -10"><span class='ocrx_word' id='word_1_275' title='bbox 295 2923 537 3000; x_wconf 72' lang='lat' dir='ltr'><strong>superseminet</strong></span> <span class='ocrx_word' id='word_1_276' title='bbox 564 2921 730 2992; x_wconf 75' lang='lat' dir='ltr'><strong>inimicus,</strong></span> <span class='ocrx_word' id='word_1_277' title='bbox 752 2933 891 2996; x_wconf 68' lang='lat' dir='ltr'><strong>cumque</strong></span> <span class='ocrx_word' id='word_1_278' title='bbox 909 2915 1091 2998; x_wconf 66' lang='lat' dir='ltr'><strong>lacteustss)</strong></span> <span class='ocrx_word' id='word_1_279' title='bbox 1148 2923 1290 2985; x_wconf 88' lang='lat' dir='ltr'><strong>ecclesia</strong></span> <span class='ocrx_word' id='word_1_280' title='bbox 1305 2923 1397 2985; x_wconf 75' lang='lat' dir='ltr'><strong>velut</strong></span> <span class='ocrx_word' id='word_1_281' title='bbox 1408 2923 1565 3002; x_wconf 86' lang='lat' dir='ltr'><strong>splendor</strong></span> <span class='ocrx_word' id='word_1_282' title='bbox 1575 2922 1724 3000; x_wconf 84' lang='lat' dir='ltr'><strong>fulgeant</strong></span> <span class='ocrx_word' id='word_1_283' title='bbox 1735 2921 1935 2991; x_wconf 86' lang='lat' dir='ltr'><strong>firmamenti,</strong></span> 
     </span>
     <span class='ocr_line' id='line_1_31' title="bbox 295 3015 1935 3100; baseline -0.004 -17"><span class='ocrx_word' id='word_1_284' title='bbox 295 3023 328 3083; x_wconf 92' lang='lat' dir='ltr'><strong>et</strong></span> <span class='ocrx_word' id='word_1_285' title='bbox 352 3021 510 3098; x_wconf 82' lang='lat' dir='ltr'><strong>parvulus</strong></span> <span class='ocrx_word' id='word_1_286' title='bbox 531 3017 664 3082; x_wconf 88' lang='lat' dir='ltr'><strong>deficiat</strong></span> <span class='ocrx_word' id='word_1_287' title='bbox 685 3018 719 3078; x_wconf 93' lang='lat' dir='ltr'><strong>in</strong></span> <span class='ocrx_word' id='word_1_288' title='bbox 742 3017 871 3094; x_wconf 89' lang='lat' dir='ltr'><strong>plateis,</strong></span> <span class='ocrx_word' id='word_1_289' title='bbox 886 3016 944 3076; x_wconf 81' lang='lat' dir='ltr'><strong>rix</strong></span> <span class='ocrx_word' id='word_1_290' title='bbox 962 3017 1012 3078; x_wconf 89' lang='lat' dir='ltr'><strong>est</strong></span> <span class='ocrx_word' id='word_1_291' title='bbox 1036 3015 1090 3094; x_wconf 90' lang='lat' dir='ltr'><strong>qui</strong></span> <span class='ocrx_word' id='word_1_292' title='bbox 1147 3036 1190 3082; x_wconf 82' lang='lat' dir='ltr'><strong>ex</strong></span> <span class='ocrx_word' id='word_1_293' title='bbox 1213 3020 1331 3098; x_wconf 87' lang='lat' dir='ltr'><strong>quihus</strong></span> <span class='ocrx_word' id='word_1_294' title='bbox 1354 3020 1562 3100; x_wconf 88' lang='lat' dir='ltr'><strong>postmodum</strong></span> <span class='ocrx_word' id='word_1_295' title='bbox 1582 3020 1677 3098; x_wconf 92' lang='lat' dir='ltr'><strong>copia</strong></span> <span class='ocrx_word' id='word_1_296' title='bbox 1700 3021 1806 3098; x_wconf 88' lang='lat' dir='ltr'><strong>possit</strong></span> <span class='ocrx_word' id='word_1_297' title='bbox 1829 3018 1935 3080; x_wconf 88' lang='lat' dir='ltr'><strong>haberi</strong></span> 
     </span>
     <span class='ocr_line' id='line_1_32' title="bbox 296 3113 1936 3196; baseline -0.005 -16"><span class='ocrx_word' id='word_1_298' title='bbox 296 3119 429 3196; x_wconf 89' lang='lat' dir='ltr'><strong>frangat</strong></span> <span class='ocrx_word' id='word_1_299' title='bbox 443 3117 729 3196; x_wconf 88' lang='lat' dir='ltr'><strong>panemparvulis‚</strong></span> <span class='ocrx_word' id='word_1_300' title='bbox 742 3117 799 3176; x_wconf 89' lang='lat' dir='ltr'><strong>aut</strong></span> <span class='ocrx_word' id='word_1_301' title='bbox 814 3114 966 3192; x_wconf 90' lang='lat' dir='ltr'><strong>propinet</strong></span> <span class='ocrx_word' id='word_1_302' title='bbox 980 3113 1092 3175; x_wconf 90' lang='lat' dir='ltr'><strong>sitien·</strong></span> <span class='ocrx_word' id='word_1_303' title='bbox 1148 3117 1317 3180; x_wconf 78' lang='lat' dir='ltr'><strong>doctorum</strong></span> <span class='ocrx_word' id='word_1_304' title='bbox 1344 3118 1400 3195; x_wconf 90' lang='lat' dir='ltr'><strong>qul</strong></span> <span class='ocrx_word' id='word_1_305' title='bbox 1428 3117 1519 3180; x_wconf 82' lang='lat' dir='ltr'><strong>velut</strong></span> <span class='ocrx_word' id='word_1_306' title='bbox 1556 3117 1662 3180; x_wconf 83' lang='lat' dir='ltr'><strong>stallae</strong></span> <span class='ocrx_word' id='word_1_307' title='bbox 1697 3119 1732 3178; x_wconf 91' lang='lat' dir='ltr'><strong>in</strong></span> <span class='ocrx_word' id='word_1_308' title='bbox 1769 3117 1936 3196; x_wconf 82' lang='lat' dir='ltr'><strong>perpetuas</strong></span> 
     </span>
     <span class='ocr_line' id='line_1_33' title="bbox 296 3211 1938 3294; baseline -0.004 -17"><span class='ocrx_word' id='word_1_309' title='bbox 296 3214 384 3278; x_wconf 89' lang='lat' dir='ltr'><strong>tibus</strong></span> <span class='ocrx_word' id='word_1_310' title='bbox 409 3231 528 3292; x_wconf 89' lang='lat' dir='ltr'><strong>aquam</strong></span> <span class='ocrx_word' id='word_1_311' title='bbox 555 3213 726 3290; x_wconf 87' lang='lat' dir='ltr'><strong>sapientiae</strong></span> <span class='ocrx_word' id='word_1_312' title='bbox 750 3211 916 3284; x_wconf 83' lang='lat' dir='ltr'><strong>salutaris,</strong></span> <span class='ocrx_word' id='word_1_313' title='bbox 940 3227 978 3272; x_wconf 89' lang='lat' dir='ltr'><strong>eo</strong></span> <span class='ocrx_word' id='word_1_314' title='bbox 1006 3211 1091 3288; x_wconf 89' lang='lat' dir='ltr'><strong>quod</strong></span> <span class='ocrx_word' id='word_1_315' title='bbox 1147 3215 1348 3288; x_wconf 78' lang='lat' dir='ltr'><strong>aeternitates</strong></span> <span class='ocrx_word' id='word_1_316' title='bbox 1377 3217 1539 3287; x_wconf 90' lang='lat' dir='ltr'><strong>mansuri,</strong></span> <span class='ocrx_word' id='word_1_317' title='bbox 1562 3215 1602 3277; x_wconf 91' lang='lat' dir='ltr'><strong>ad</strong></span> <span class='ocrx_word' id='word_1_318' title='bbox 1629 3216 1794 3294; x_wconf 86' lang='lat' dir='ltr'><strong>justitiam</strong></span> <span class='ocrx_word' id='word_1_319' title='bbox 1813 3213 1938 3276; x_wconf 77' lang='lat' dir='ltr'><strong>valeant</strong></span> 
     </span>
     <span class='ocr_line' id='line_1_34' title="bbox 296 3309 1938 3390; baseline -0.002 -16"><span class='ocrx_word' id='word_1_320' title='bbox 296 3313 424 3374; x_wconf 90' lang='lat' dir='ltr'><strong>modica</strong></span> <span class='ocrx_word' id='word_1_321' title='bbox 440 3315 490 3373; x_wconf 88' lang='lat' dir='ltr'><strong>est</strong></span> <span class='ocrx_word' id='word_1_322' title='bbox 502 3313 536 3372; x_wconf 92' lang='lat' dir='ltr'><strong>iu</strong></span> <span class='ocrx_word' id='word_1_323' title='bbox 555 3313 643 3372; x_wconf 89' lang='lat' dir='ltr'><strong>terra</strong></span> <span class='ocrx_word' id='word_1_324' title='bbox 660 3309 799 3372; x_wconf 88' lang='lat' dir='ltr'><strong>scientia</strong></span> <span class='ocrx_word' id='word_1_325' title='bbox 815 3309 956 3370; x_wconf 86' lang='lat' dir='ltr'><strong>Domini.</strong></span> <span class='ocrx_word' id='word_1_326' title='bbox 1148 3313 1306 3390; x_wconf 87' lang='lat' dir='ltr'><strong>plurimos</strong></span> <span class='ocrx_word' id='word_1_327' title='bbox 1322 3313 1466 3386; x_wconf 88' lang='lat' dir='ltr'><strong>erudire,</strong></span> <span class='ocrx_word' id='word_1_328' title='bbox 1478 3311 1596 3390; x_wconf 90' lang='lat' dir='ltr'><strong>quibus</strong></span> <span class='ocrx_word' id='word_1_329' title='bbox 1615 3313 1645 3378; x_wconf 87' lang='lat' dir='ltr'><strong>si</strong></span> <span class='ocrx_word' id='word_1_330' title='bbox 1659 3313 1786 3390; x_wconf 91' lang='lat' dir='ltr'><strong>proprii</strong></span> <span class='ocrx_word' id='word_1_331' title='bbox 1802 3327 1938 3390; x_wconf 79' lang='lat' dir='ltr'><strong>proven-</strong></span> 
     </span>
     <span class='ocr_line' id='line_1_35' title="bbox 337 3405 1936 3489; baseline -0.002 -19"><span class='ocrx_word' id='word_1_332' title='bbox 337 3411 421 3482; x_wconf 88' lang='lat' dir='ltr'><strong>Quia</strong></span> <span class='ocrx_word' id='word_1_333' title='bbox 440 3409 574 3487; x_wconf 92' lang='lat' dir='ltr'><strong>plurimi</strong></span> <span class='ocrx_word' id='word_1_334' title='bbox 597 3408 688 3469; x_wconf 83' lang='lat' dir='ltr'><strong>velut</strong></span> <span class='ocrx_word' id='word_1_335' title='bbox 709 3407 864 3468; x_wconf 90' lang='lat' dir='ltr'><strong>illusores</strong></span> <span class='ocrx_word' id='word_1_336' title='bbox 881 3405 941 3468; x_wconf 85' lang='lat' dir='ltr'><strong>filii</strong></span> <span class='ocrx_word' id='word_1_337' title='bbox 957 3407 1091 3484; x_wconf 87' lang='lat' dir='ltr'><strong>accepta</strong></span> <span class='ocrx_word' id='word_1_338' title='bbox 1146 3413 1263 3472; x_wconf 80' lang='lat' dir='ltr'><strong>ventus</strong></span> <span class='ocrx_word' id='word_1_339' title='bbox 1279 3411 1497 3472; x_wconf 88' lang='lat' dir='ltr'><strong>ecclesiastici</strong></span> <span class='ocrx_word' id='word_1_340' title='bbox 1510 3426 1577 3470; x_wconf 90' lang='lat' dir='ltr'><strong>non</strong></span> <span class='ocrx_word' id='word_1_341' title='bbox 1597 3409 1777 3478; x_wconf 80' lang='lat' dir='ltr'><strong>sufiiciunt,</strong></span> <span class='ocrx_word' id='word_1_342' title='bbox 1795 3408 1936 3489; x_wconf 88' lang='lat' dir='ltr'><strong>praedicti</strong></span> 
     </span>
     <span class='ocr_line' id='line_1_36' title="bbox 293 3503 1934 3586; baseline -0.004 -15"><span class='ocrx_word' id='word_1_343' title='bbox 293 3525 360 3571; x_wconf 92' lang='lat' dir='ltr'><strong>non</strong></span> <span class='ocrx_word' id='word_1_344' title='bbox 370 3509 498 3569; x_wconf 86' lang='lat' dir='ltr'><strong>modica</strong></span> <span class='ocrx_word' id='word_1_345' title='bbox 513 3507 662 3586; x_wconf 91' lang='lat' dir='ltr'><strong>portione</strong></span> <span class='ocrx_word' id='word_1_346' title='bbox 671 3503 1089 3577; x_wconf 72' lang='lat' dir='ltr'><strong>substantialesuclrristi,</strong></span> <span class='ocrx_word' id='word_1_347' title='bbox 1146 3509 1334 3570; x_wconf 86' lang='lat' dir='ltr'><strong>necessaria</strong></span> <span class='ocrx_word' id='word_1_348' title='bbox 1348 3507 1620 3581; x_wconf 81' lang='lat' dir='ltr'><strong>subministrent3</strong></span> <span class='ocrx_word' id='word_1_349' title='bbox 1638 3507 1794 3571; x_wconf 88' lang='lat' dir='ltr'><strong>docentes</strong></span> <span class='ocrx_word' id='word_1_350' title='bbox 1816 3523 1891 3570; x_wconf 88' lang='lat' dir='ltr'><strong>vero</strong></span> <span class='ocrx_word' id='word_1_351' title='bbox 1904 3507 1934 3566; x_wconf 92' lang='lat' dir='ltr'><strong>in</strong></span> 
     </span>
     <span class='ocr_line' id='line_1_37' title="bbox 293 3602 1933 3700; baseline -0.002 -30"><span class='ocrx_word' id='word_1_352' title='bbox 293 3608 520 3683; x_wconf 88' lang='lat' dir='ltr'><strong>comparatum</strong></span> <span class='ocrx_word' id='word_1_353' title='bbox 534 3603 581 3684; x_wconf 88' lang='lat'><strong>(3)</strong></span> <span class='ocrx_word' id='word_1_354' title='bbox 597 3604 660 3665; x_wconf 89' lang='lat' dir='ltr'><strong>sibi</strong></span> <span class='ocrx_word' id='word_1_355' title='bbox 674 3604 714 3664; x_wconf 92' lang='lat' dir='ltr'><strong>de</strong></span> <span class='ocrx_word' id='word_1_356' title='bbox 729 3602 801 3680; x_wconf 90' lang='lat' dir='ltr'><strong>ipsa</strong></span> <span class='ocrx_word' id='word_1_357' title='bbox 816 3603 955 3678; x_wconf 89' lang='lat' dir='ltr'><strong>siliquas</strong></span> <span class='ocrx_word' id='word_1_358' title='bbox 968 3619 1091 3664; x_wconf 88' lang='lat' dir='ltr'><strong>vacuas</strong></span> <span class='ocrx_word' id='word_1_359' title='bbox 1145 3607 1331 3682; x_wconf 85' lang='lat' dir='ltr'><strong>theologica</strong></span> <span class='ocrx_word' id='word_1_360' title='bbox 1349 3606 1516 3675; x_wconf 86' lang='lat' dir='ltr'><strong>facultate,</strong></span> <span class='ocrx_word' id='word_1_361' title='bbox 1532 3606 1609 3666; x_wconf 91' lang='lat' dir='ltr'><strong>dum</strong></span> <span class='ocrx_word' id='word_1_362' title='bbox 1623 3606 1656 3700; x_wconf 75' lang='lat' dir='ltr'><strong>in</strong></span> <span class='ocrx_word' id='word_1_363' title='bbox 1677 3605 1801 3668; x_wconf 87' lang='lat' dir='ltr'><strong>scholis</strong></span> <span class='ocrx_word' id='word_1_364' title='bbox 1814 3605 1933 3666; x_wconf 88' lang='lat' dir='ltr'><strong>docue-</strong></span> 
     </span>
     <span class='ocr_line' id='line_1_38' title="bbox 293 3699 1936 3782; baseline -0.005 -14"><span class='ocrx_word' id='word_1_365' title='bbox 293 3706 326 3768; x_wconf 87' lang='lat' dir='ltr'><strong>et</strong></span> <span class='ocrx_word' id='word_1_366' title='bbox 340 3719 478 3768; x_wconf 86' lang='lat' dir='ltr'><strong>sonoros</strong></span> <span class='ocrx_word' id='word_1_367' title='bbox 494 3717 566 3780; x_wconf 76' lang='lat' dir='ltr'><strong>quse</strong></span> <span class='ocrx_word' id='word_1_368' title='bbox 582 3718 648 3764; x_wconf 90' lang='lat' dir='ltr'><strong>non</strong></span> <span class='ocrx_word' id='word_1_369' title='bbox 665 3699 798 3774; x_wconf 86' lang='lat' dir='ltr'><strong>satiant,</strong></span> <span class='ocrx_word' id='word_1_370' title='bbox 816 3701 849 3762; x_wconf 90' lang='lat' dir='ltr'><strong>et</strong></span> <span class='ocrx_word' id='word_1_371' title='bbox 866 3716 985 3778; x_wconf 90' lang='lat' dir='ltr'><strong>aquarn</strong></span> <span class='ocrx_word' id='word_1_372' title='bbox 1001 3700 1090 3762; x_wconf 87' lang='lat' dir='ltr'><strong>lau·</strong></span> <span class='ocrx_word' id='word_1_373' title='bbox 1145 3704 1222 3778; x_wconf 90' lang='lat' dir='ltr'><strong>rint,</strong></span> <span class='ocrx_word' id='word_1_374' title='bbox 1240 3704 1272 3765; x_wconf 88' lang='lat' dir='ltr'><strong>et</strong></span> <span class='ocrx_word' id='word_1_375' title='bbox 1287 3703 1457 3767; x_wconf 89' lang='lat' dir='ltr'><strong>studentes</strong></span> <span class='ocrx_word' id='word_1_376' title='bbox 1471 3703 1505 3766; x_wconf 89' lang='lat' dir='ltr'><strong>in</strong></span> <span class='ocrx_word' id='word_1_377' title='bbox 1522 3703 1604 3782; x_wconf 88' lang='lat' dir='ltr'><strong>ipsa,</strong></span> <span class='ocrx_word' id='word_1_378' title='bbox 1619 3703 1749 3780; x_wconf 88' lang='lat' dir='ltr'><strong>integre</strong></span> <span class='ocrx_word' id='word_1_379' title='bbox 1766 3720 1824 3782; x_wconf 90' lang='lat' dir='ltr'><strong>per</strong></span> <span class='ocrx_word' id='word_1_380' title='bbox 1838 3715 1936 3766; x_wconf 88' lang='lat' dir='ltr'><strong>anuos</strong></span> 
     </span>
    </p>

    <p class='ocr_par' dir='ltr' id='par_1_6' title="bbox 273 3795 1940 5342">
     <span class='ocr_line' id='line_1_39' title="bbox 273 3795 1940 3880; baseline -0.003 -17"><span class='ocrx_word' id='word_1_381' title='bbox 273 3795 274 3800; x_wconf 70' lang='grc'>’</span> <span class='ocrx_word' id='word_1_382' title='bbox 294 3803 385 3864; x_wconf 86' lang='lat' dir='ltr'><strong>riuut</strong></span> <span class='ocrx_word' id='word_1_383' title='bbox 400 3817 474 3862; x_wconf 91' lang='lat' dir='ltr'><strong>cum</strong></span> <span class='ocrx_word' id='word_1_384' title='bbox 498 3799 597 3862; x_wconf 89' lang='lat' dir='ltr'><strong>situla</strong></span> <span class='ocrx_word' id='word_1_385' title='bbox 620 3798 838 3860; x_wconf 86' lang='lat' dir='ltr'><strong>Samaritanae</strong></span> <span class='ocrx_word' id='word_1_386' title='bbox 859 3797 899 3859; x_wconf 89' lang='lat' dir='ltr'><strong>de</strong></span> <span class='ocrx_word' id='word_1_387' title='bbox 920 3799 1018 3876; x_wconf 87' lang='lat' dir='ltr'><strong>puteo</strong></span> <span class='ocrx_word' id='word_1_388' title='bbox 1038 3799 1089 3859; x_wconf 88' lang='lat' dir='ltr'><strong>vel</strong></span> <span class='ocrx_word' id='word_1_389' title='bbox 1146 3802 1290 3879; x_wconf 91' lang='lat' dir='ltr'><strong>quinque</strong></span> <span class='ocrx_word' id='word_1_390' title='bbox 1306 3801 1491 3880; x_wconf 89' lang='lat' dir='ltr'><strong>percipiant</strong></span> <span class='ocrx_word' id='word_1_391' title='bbox 1505 3802 1546 3863; x_wconf 92' lang='lat' dir='ltr'><strong>de</strong></span> <span class='ocrx_word' id='word_1_392' title='bbox 1571 3801 1706 3863; x_wconf 90' lang='lat' dir='ltr'><strong>licentia</strong></span> <span class='ocrx_word' id='word_1_393' title='bbox 1722 3801 1819 3862; x_wconf 88' lang='lat' dir='ltr'><strong>Sedis</strong></span> <span class='ocrx_word' id='word_1_394' title='bbox 1838 3805 1940 3877; x_wconf 81' lang='lat' dir='ltr'><strong>Apos-</strong></span> 
     </span>
     <span class='ocr_line' id='line_1_40' title="bbox 293 3880 1936 3976; baseline -0.004 -15"><span class='ocrx_word' id='word_1_395' title='bbox 293 3901 439 3961; x_wconf 89' lang='lat' dir='ltr'><strong>torrente</strong></span> <span class='ocrx_word' id='word_1_396' title='bbox 481 3911 642 3975; x_wconf 87' lang='lat' dir='ltr'><strong>aquarum</strong></span> <span class='ocrx_word' id='word_1_397' title='bbox 680 3895 862 3958; x_wconf 90' lang='lat' dir='ltr'><strong>infidelium</strong></span> <span class='ocrx_word' id='word_1_398' title='bbox 895 3913 967 3974; x_wconf 89' lang='lat' dir='ltr'><strong>quae</strong></span> <span class='ocrx_word' id='word_1_399' title='bbox 1001 3895 1089 3958; x_wconf 90' lang='lat' dir='ltr'><strong>sitim</strong></span> <span class='ocrx_word' id='word_1_400' title='bbox 1146 3899 1253 3960; x_wconf 86' lang='lat' dir='ltr'><strong>tolicae</strong></span> <span class='ocrx_word' id='word_1_401' title='bbox 1275 3880 1454 3976; x_wconf 80' lang='lat' dir='ltr'><strong>proventu&#39;s</strong></span> <span class='ocrx_word' id='word_1_402' title='bbox 1470 3897 1737 3976; x_wconf 75' lang='lat' dir='ltr'><strong>praebendarum,</strong></span> <span class='ocrx_word' id='word_1_403' title='bbox 1758 3899 1792 3961; x_wconf 89' lang='lat' dir='ltr'><strong>et</strong></span> <span class='ocrx_word' id='word_1_404' title='bbox 1807 3911 1936 3958; x_wconf 90' lang='lat' dir='ltr'><strong>suorum</strong></span> 
     </span>
     <span class='ocr_line' id='line_1_41' title="bbox 293 3993 1936 4074; baseline -0.003 -17"><span class='ocrx_word' id='word_1_405' title='bbox 293 3994 464 4074; x_wconf 89' lang='lat' dir='ltr'><strong>hydropici</strong></span> <span class='ocrx_word' id='word_1_406' title='bbox 478 4011 544 4056; x_wconf 90' lang='lat' dir='ltr'><strong>nou</strong></span> <span class='ocrx_word' id='word_1_407' title='bbox 567 3993 729 4064; x_wconf 89' lang='lat' dir='ltr'><strong>relevant,</strong></span> <span class='ocrx_word' id='word_1_408' title='bbox 751 3993 808 4054; x_wconf 92' lang='lat' dir='ltr'><strong>sed</strong></span> <span class='ocrx_word' id='word_1_409' title='bbox 828 3993 971 4055; x_wconf 92' lang='lat' dir='ltr'><strong>irritant.</strong></span> <span class='ocrx_word' id='word_1_410' title='bbox 992 3995 1090 4055; x_wconf 85' lang='lat' dir='ltr'><strong>Tales</strong></span> <span class='ocrx_word' id='word_1_411' title='bbox 1144 3995 1391 4067; x_wconf 84' lang='lat' dir='ltr'><strong>beneficiorum,</strong></span> <span class='ocrx_word' id='word_1_412' title='bbox 1407 4013 1472 4057; x_wconf 90' lang='lat' dir='ltr'><strong>non</strong></span> <span class='ocrx_word' id='word_1_413' title='bbox 1488 3995 1759 4074; x_wconf 87' lang='lat' dir='ltr'><strong>obstantealiqua</strong></span> <span class='ocrx_word' id='word_1_414' title='bbox 1772 3993 1936 4059; x_wconf 87' lang='lat' dir='ltr'><strong>contraria</strong></span> 
     </span>
     <span class='ocr_line' id='line_1_42' title="bbox 292 4089 1937 4172; baseline -0.003 -17"><span class='ocrx_word' id='word_1_415' title='bbox 292 4095 444 4172; x_wconf 88' lang='lat' dir='ltr'><strong>equidem</strong></span> <span class='ocrx_word' id='word_1_416' title='bbox 459 4094 590 4153; x_wconf 91' lang='lat' dir='ltr'><strong>hortum</strong></span> <span class='ocrx_word' id='word_1_417' title='bbox 604 4090 807 4162; x_wconf 89' lang='lat' dir='ltr'><strong>conclusum,</strong></span> <span class='ocrx_word' id='word_1_418' title='bbox 827 4089 880 4150; x_wconf 86' lang='lat' dir='ltr'><strong>eui</strong></span> <span class='ocrx_word' id='word_1_419' title='bbox 904 4107 971 4155; x_wconf 88' lang='lat' dir='ltr'><strong>non</strong></span> <span class='ocrx_word' id='word_1_420' title='bbox 994 4106 1088 4153; x_wconf 88' lang='lat' dir='ltr'><strong>com·</strong></span> <span class='ocrx_word' id='word_1_421' title='bbox 1122 4099 1124 4108; x_wconf 81' lang='grc'>’</span> <span class='ocrx_word' id='word_1_422' title='bbox 1145 4093 1448 4156; x_wconf 83' lang='lat' dir='ltr'><strong>cousuetudinerel</strong></span> <span class='ocrx_word' id='word_1_423' title='bbox 1460 4095 1593 4166; x_wconf 83' lang='lat' dir='ltr'><strong>statuto,</strong></span> <span class='ocrx_word' id='word_1_424' title='bbox 1611 4109 1709 4172; x_wconf 88' lang='lat' dir='ltr'><strong>quum</strong></span> <span class='ocrx_word' id='word_1_425' title='bbox 1726 4093 1865 4154; x_wconf 89' lang='lat' dir='ltr'><strong>denario</strong></span> <span class='ocrx_word' id='word_1_426' title='bbox 1879 4091 1937 4152; x_wconf 88' lang='lat' dir='ltr'><strong>de-</strong></span> 
     </span>
     <span class='ocr_line' id='line_1_43' title="bbox 291 4187 1933 4266; baseline -0.002 -13"><span class='ocrx_word' id='word_1_427' title='bbox 291 4191 439 4254; x_wconf 87' lang='lat' dir='ltr'><strong>municat</strong></span> <span class='ocrx_word' id='word_1_428' title='bbox 472 4189 613 4258; x_wconf 84' lang='lat' dir='ltr'><strong>alienus,</strong></span> <span class='ocrx_word' id='word_1_429' title='bbox 645 4187 700 4247; x_wconf 91' lang='lat' dir='ltr'><strong>nbi</strong></span> <span class='ocrx_word' id='word_1_430' title='bbox 729 4187 816 4248; x_wconf 78' lang='lat' dir='ltr'><strong>fons’</strong></span> <span class='ocrx_word' id='word_1_431' title='bbox 830 4189 880 4249; x_wconf 87' lang='lat' dir='ltr'><strong>est</strong></span> <span class='ocrx_word' id='word_1_432' title='bbox 911 4190 944 4250; x_wconf 91' lang='lat' dir='ltr'><strong>et</strong></span> <span class='ocrx_word' id='word_1_433' title='bbox 971 4192 1089 4265; x_wconf 90' lang='lat' dir='ltr'><strong>puteus</strong></span> <span class='ocrx_word' id='word_1_434' title='bbox 1145 4191 1293 4258; x_wconf 86' lang='lat' dir='ltr'><strong>fraudari</strong></span> <span class='ocrx_word' id='word_1_435' title='bbox 1310 4207 1375 4254; x_wconf 92' lang='lat' dir='ltr'><strong>non</strong></span> <span class='ocrx_word' id='word_1_436' title='bbox 1393 4189 1533 4254; x_wconf 87' lang='lat' dir='ltr'><strong>debeant</strong></span> <span class='ocrx_word' id='word_1_437' title='bbox 1550 4191 1584 4252; x_wconf 93' lang='lat' dir='ltr'><strong>in</strong></span> <span class='ocrx_word' id='word_1_438' title='bbox 1599 4191 1696 4255; x_wconf 86' lang='lat' dir='ltr'><strong>vinea</strong></span> <span class='ocrx_word' id='word_1_439' title='bbox 1711 4192 1843 4252; x_wconf 87' lang='lat' dir='ltr'><strong>Domini</strong></span> <span class='ocrx_word' id='word_1_440' title='bbox 1859 4205 1933 4266; x_wconf 89' lang='lat' dir='ltr'><strong>ope-</strong></span> 
     </span>
     <span class='ocr_line' id='line_1_44' title="bbox 293 4285 1932 4368; baseline -0.002 -18"><span class='ocrx_word' id='word_1_441' title='bbox 293 4305 455 4368; x_wconf 90' lang='lat' dir='ltr'><strong>aquarum</strong></span> <span class='ocrx_word' id='word_1_442' title='bbox 475 4287 674 4354; x_wconf 83' lang='lat' dir='ltr'><strong>virentium,</strong></span> <span class='ocrx_word' id='word_1_443' title='bbox 688 4285 879 4346; x_wconf 89' lang='lat' dir='ltr'><strong>deserentes</strong></span> <span class='ocrx_word' id='word_1_444' title='bbox 895 4301 933 4346; x_wconf 91' lang='lat' dir='ltr'><strong>ac</strong></span> <span class='ocrx_word' id='word_1_445' title='bbox 957 4286 1088 4349; x_wconf 88' lang='lat' dir='ltr'><strong>fodien-</strong></span> <span class='ocrx_word' id='word_1_446' title='bbox 1144 4289 1265 4351; x_wconf 90' lang='lat' dir='ltr'><strong>rantes.</strong></span> <span class='ocrx_word' id='word_1_447' title='bbox 1283 4289 1361 4350; x_wconf 86' lang='lat' dir='ltr'><strong>llaec</strong></span> <span class='ocrx_word' id='word_1_448' title='bbox 1376 4291 1486 4354; x_wconf 88' lang='lat' dir='ltr'><strong>autem</strong></span> <span class='ocrx_word' id='word_1_449' title='bbox 1499 4289 1650 4356; x_wconf 90' lang='lat' dir='ltr'><strong>volumus</strong></span> <span class='ocrx_word' id='word_1_450' title='bbox 1666 4289 1865 4351; x_wconf 89' lang='lat' dir='ltr'><strong>inconcusse</strong></span> <span class='ocrx_word' id='word_1_451' title='bbox 1876 4286 1932 4348; x_wconf 79' lang='lat' dir='ltr'><strong>ol&gt;-</strong></span> 
     </span>
     <span class='ocr_line' id='line_1_45' title="bbox 291 4380 1929 4464; baseline -0.004 -14"><span class='ocrx_word' id='word_1_452' title='bbox 291 4391 341 4450; x_wconf 88' lang='lat' dir='ltr'><strong>tes</strong></span> <span class='ocrx_word' id='word_1_453' title='bbox 366 4387 430 4448; x_wconf 90' lang='lat' dir='ltr'><strong>sibi</strong></span> <span class='ocrx_word' id='word_1_454' title='bbox 459 4385 634 4453; x_wconf 90' lang='lat' dir='ltr'><strong>cisternas,</strong></span> <span class='ocrx_word' id='word_1_455' title='bbox 661 4399 734 4462; x_wconf 87' lang='lat' dir='ltr'><strong>quae</strong></span> <span class='ocrx_word' id='word_1_456' title='bbox 754 4399 873 4460; x_wconf 90' lang='lat' dir='ltr'><strong>aquam</strong></span> <span class='ocrx_word' id='word_1_457' title='bbox 903 4380 1087 4464; x_wconf 82' lang='lat' dir='ltr'><strong>non‘prae-</strong></span> <span class='ocrx_word' id='word_1_458' title='bbox 1144 4385 1274 4448; x_wconf 89' lang='lat' dir='ltr'><strong>servari</strong></span> <span class='ocrx_word' id='word_1_459' title='bbox 1306 4385 1445 4454; x_wconf 90' lang='lat' dir='ltr'><strong>firmiter</strong></span> <span class='ocrx_word' id='word_1_460' title='bbox 1471 4385 1694 4464; x_wconf 90' lang='lat' dir='ltr'><strong>disponentes,</strong></span> <span class='ocrx_word' id='word_1_461' title='bbox 1718 4386 1804 4463; x_wconf 93' lang='lat' dir='ltr'><strong>quod</strong></span> <span class='ocrx_word' id='word_1_462' title='bbox 1827 4385 1929 4446; x_wconf 88' lang='lat' dir='ltr'><strong>feria-</strong></span> 
     </span>
     <span class='ocr_line' id='line_1_46' title="bbox 292 4479 1937 4563; baseline -0.004 -17"><span class='ocrx_word' id='word_1_463' title='bbox 292 4486 406 4547; x_wconf 81' lang='lat' dir='ltr'><strong>ralent</strong></span> <span class='ocrx_word' id='word_1_464' title='bbox 432 4485 613 4554; x_wconf 88' lang='lat' dir='ltr'><strong>continere,</strong></span> <span class='ocrx_word' id='word_1_465' title='bbox 653 4479 749 4560; x_wconf 91' lang='lat' dir='ltr'><strong>quasi</strong></span> <span class='ocrx_word' id='word_1_466' title='bbox 784 4497 850 4541; x_wconf 91' lang='lat' dir='ltr'><strong>non</strong></span> <span class='ocrx_word' id='word_1_467' title='bbox 882 4479 1089 4544; x_wconf 85' lang='lat' dir='ltr'><strong>invenientes</strong></span> <span class='ocrx_word' id='word_1_468' title='bbox 1144 4499 1216 4544; x_wconf 89' lang='lat' dir='ltr'><strong>mus</strong></span> <span class='ocrx_word' id='word_1_469' title='bbox 1238 4497 1336 4560; x_wconf 86' lang='lat' dir='ltr'><strong>poena</strong></span> <span class='ocrx_word' id='word_1_470' title='bbox 1354 4481 1464 4544; x_wconf 81' lang='lat' dir='ltr'><strong>debita</strong></span> <span class='ocrx_word' id='word_1_471' title='bbox 1487 4484 1751 4559; x_wconf 86' lang='lat' dir='ltr'><strong>transgressores</strong></span> <span class='ocrx_word' id='word_1_472' title='bbox 1772 4481 1832 4563; x_wconf 91' lang='lat'><strong>(8).</strong></span> <span class='ocrx_word' id='word_1_473' title='bbox 1853 4485 1937 4543; x_wconf 88' lang='lat' dir='ltr'><strong>Sane</strong></span> 
     </span>
     <span class='ocr_line' id='line_1_47' title="bbox 293 4578 1936 4660; baseline -0.002 -18"><span class='ocrx_word' id='word_1_474' title='bbox 293 4597 428 4660; x_wconf 86' lang='lat' dir='ltr'><strong>pascua.</strong></span> <span class='ocrx_word' id='word_1_475' title='bbox 446 4581 606 4643; x_wconf 82' lang='lat' dir='ltr'><strong>rastidito</strong></span> <span class='ocrx_word' id='word_1_476' title='bbox 620 4595 752 4650; x_wconf 90' lang='lat' dir='ltr'><strong>manna,</strong></span> <span class='ocrx_word' id='word_1_477' title='bbox 768 4578 845 4640; x_wconf 92' lang='lat' dir='ltr'><strong>dum</strong></span> <span class='ocrx_word' id='word_1_478' title='bbox 861 4579 1029 4656; x_wconf 89' lang='lat' dir='ltr'><strong>suspirant</strong></span> <span class='ocrx_word' id='word_1_479' title='bbox 1048 4579 1088 4641; x_wconf 90' lang='lat' dir='ltr'><strong>ad</strong></span> <span class='ocrx_word' id='word_1_480' title='bbox 1144 4579 1221 4642; x_wconf 89' lang='lat' dir='ltr'><strong>licet</strong></span> <span class='ocrx_word' id='word_1_481' title='bbox 1247 4579 1351 4642; x_wconf 81' lang='lat' dir='ltr'><strong>fallax</strong></span> <span class='ocrx_word' id='word_1_482' title='bbox 1370 4581 1414 4642; x_wconf 90' lang='lat' dir='ltr'><strong>sit</strong></span> <span class='ocrx_word' id='word_1_483' title='bbox 1436 4580 1544 4656; x_wconf 89' lang='lat' dir='ltr'><strong>gratia</strong></span> <span class='ocrx_word' id='word_1_484' title='bbox 1562 4582 1756 4642; x_wconf 87' lang='lat' dir='ltr'><strong>caeterarum</strong></span> <span class='ocrx_word' id='word_1_485' title='bbox 1777 4579 1936 4642; x_wconf 87' lang='lat' dir='ltr'><strong>scientia-</strong></span> 
     </span>
     <span class='ocr_line' id='line_1_48' title="bbox 292 4675 1934 4756; baseline -0.003 -15"><span class='ocrx_word' id='word_1_486' title='bbox 292 4679 429 4756; x_wconf 85' lang='lat' dir='ltr'><strong>AEgypti</strong></span> <span class='ocrx_word' id='word_1_487' title='bbox 440 4677 519 4739; x_wconf 86' lang='lat' dir='ltr'><strong>allia</strong></span> <span class='ocrx_word' id='word_1_488' title='bbox 529 4679 562 4739; x_wconf 90' lang='lat' dir='ltr'><strong>et</strong></span> <span class='ocrx_word' id='word_1_489' title='bbox 570 4693 725 4755; x_wconf 88' lang='lat' dir='ltr'><strong>pepones,</strong></span> <span class='ocrx_word' id='word_1_490' title='bbox 736 4677 875 4738; x_wconf 90' lang='lat' dir='ltr'><strong>currunt</strong></span> <span class='ocrx_word' id='word_1_491' title='bbox 883 4675 923 4738; x_wconf 88' lang='lat' dir='ltr'><strong>ad</strong></span> <span class='ocrx_word' id='word_1_492' title='bbox 932 4678 1089 4740; x_wconf 89' lang='lat' dir='ltr'><strong>scientias</strong></span> <span class='ocrx_word' id='word_1_493' title='bbox 1144 4678 1265 4740; x_wconf 89' lang='lat' dir='ltr'><strong>rumai</strong></span> <span class='ocrx_word' id='word_1_494' title='bbox 1283 4691 1370 4739; x_wconf 83' lang='lat' dir='ltr'><strong>vana</strong></span> <span class='ocrx_word' id='word_1_495' title='bbox 1385 4677 1485 4739; x_wconf 87' lang='lat' dir='ltr'><strong>etiam</strong></span> <span class='ocrx_word' id='word_1_496' title='bbox 1501 4677 1722 4755; x_wconf 87' lang='lat' dir='ltr'><strong>pulchritudo,</strong></span> <span class='ocrx_word' id='word_1_497' title='bbox 1742 4695 1842 4756; x_wconf 91' lang='lat' dir='ltr'><strong>quum</strong></span> <span class='ocrx_word' id='word_1_498' title='bbox 1863 4677 1934 4737; x_wconf 92' lang='lat' dir='ltr'><strong>fru-</strong></span> 
     </span>
     <span class='ocr_line' id='line_1_49' title="bbox 292 4770 1938 4853; baseline -0.001 -17"><span class='ocrx_word' id='word_1_499' title='bbox 292 4775 475 4836; x_wconf 87' lang='lat' dir='ltr'><strong>lucrativas</strong></span> <span class='ocrx_word' id='word_1_500' title='bbox 489 4770 548 4851; x_wconf 77' lang='lat'><strong>(4),</strong></span> <span class='ocrx_word' id='word_1_501' title='bbox 566 4774 749 4834; x_wconf 88' lang='lat' dir='ltr'><strong>statuentes</strong></span> <span class='ocrx_word' id='word_1_502' title='bbox 764 4772 798 4832; x_wconf 94' lang='lat' dir='ltr'><strong>in</strong></span> <span class='ocrx_word' id='word_1_503' title='bbox 811 4771 858 4852; x_wconf 80' lang='lat'><strong>(5)</strong></span> <span class='ocrx_word' id='word_1_504' title='bbox 873 4774 997 4835; x_wconf 88' lang='lat' dir='ltr'><strong>terram</strong></span> <span class='ocrx_word' id='word_1_505' title='bbox 1012 4789 1089 4834; x_wconf 92' lang='lat' dir='ltr'><strong>suos</strong></span> <span class='ocrx_word' id='word_1_506' title='bbox 1145 4778 1290 4837; x_wconf 90' lang='lat' dir='ltr'><strong>mantum</strong></span> <span class='ocrx_word' id='word_1_507' title='bbox 1306 4774 1487 4836; x_wconf 87' lang='lat' dir='ltr'><strong>electorum</strong></span> <span class='ocrx_word' id='word_1_508' title='bbox 1500 4779 1532 4838; x_wconf 89' lang='lat' dir='ltr'><strong>et</strong></span> <span class='ocrx_word' id='word_1_509' title='bbox 1546 4777 1658 4837; x_wconf 84' lang='lat' dir='ltr'><strong>vinum</strong></span> <span class='ocrx_word' id='word_1_510' title='bbox 1668 4776 1859 4853; x_wconf 87' lang='lat' dir='ltr'><strong>germinans</strong></span> <span class='ocrx_word' id='word_1_511' title='bbox 1868 4773 1938 4836; x_wconf 87' lang='lat' dir='ltr'><strong>vir-</strong></span> 
     </span>
     <span class='ocr_line' id='line_1_50' title="bbox 293 4868 1938 4952; baseline -0.003 -18"><span class='ocrx_word' id='word_1_512' title='bbox 293 4871 407 4935; x_wconf 90' lang='lat' dir='ltr'><strong>oculos</strong></span> <span class='ocrx_word' id='word_1_513' title='bbox 437 4868 618 4930; x_wconf 90' lang='lat' dir='ltr'><strong>declinare.</strong></span> <span class='ocrx_word' id='word_1_514' title='bbox 648 4871 691 4931; x_wconf 91' lang='lat' dir='ltr'><strong>Ut</strong></span> <span class='ocrx_word' id='word_1_515' title='bbox 717 4870 821 4944; x_wconf 83' lang='lat' dir='ltr'><strong>igitur</strong></span> <span class='ocrx_word' id='word_1_516' title='bbox 840 4885 900 4946; x_wconf 90' lang='lat' dir='ltr'><strong>per</strong></span> <span class='ocrx_word' id='word_1_517' title='bbox 920 4871 1088 4948; x_wconf 85' lang='lat' dir='ltr'><strong>interpre-</strong></span> <span class='ocrx_word' id='word_1_518' title='bbox 1143 4874 1238 4949; x_wconf 86' lang='lat' dir='ltr'><strong>gines</strong></span> <span class='ocrx_word' id='word_1_519' title='bbox 1264 4875 1360 4952; x_wconf 82' lang='lat' dir='ltr'><strong>juxta</strong></span> <span class='ocrx_word' id='word_1_520' title='bbox 1390 4873 1590 4949; x_wconf 87' lang='lat' dir='ltr'><strong>Prophetam</strong></span> <span class='ocrx_word' id='word_1_521' title='bbox 1615 4874 1658 4936; x_wconf 90' lang='lat' dir='ltr'><strong>sit</strong></span> <span class='ocrx_word' id='word_1_522' title='bbox 1685 4873 1808 4934; x_wconf 91' lang='lat' dir='ltr'><strong>honum</strong></span> <span class='ocrx_word' id='word_1_523' title='bbox 1839 4883 1938 4947; x_wconf 92' lang='lat' dir='ltr'><strong>super</strong></span> 
     </span>
     <span class='ocr_line' id='line_1_51' title="bbox 291 4965 1935 5048; baseline -0.002 -16"><span class='ocrx_word' id='word_1_524' title='bbox 291 4971 435 5033; x_wconf 85' lang='lat' dir='ltr'><strong>tationes</strong></span> <span class='ocrx_word' id='word_1_525' title='bbox 466 4965 513 5048; x_wconf 87' lang='lat'><strong>(6)</strong></span> <span class='ocrx_word' id='word_1_526' title='bbox 549 4965 678 5027; x_wconf 83' lang='lat' dir='ltr'><strong>validas</strong></span> <span class='ocrx_word' id='word_1_527' title='bbox 715 4967 872 5044; x_wconf 86' lang='lat' dir='ltr'><strong>tanquam</strong></span> <span class='ocrx_word' id='word_1_528' title='bbox 900 4984 960 5045; x_wconf 92' lang='lat' dir='ltr'><strong>per</strong></span> <span class='ocrx_word' id='word_1_529' title='bbox 985 4969 1089 5046; x_wconf 89' lang='lat' dir='ltr'><strong>patris</strong></span> <span class='ocrx_word' id='word_1_530' title='bbox 1144 4971 1256 5032; x_wconf 92' lang='lat' dir='ltr'><strong>omnia</strong></span> <span class='ocrx_word' id='word_1_531' title='bbox 1277 4971 1370 5032; x_wconf 89' lang='lat' dir='ltr'><strong>etsit</strong></span> <span class='ocrx_word' id='word_1_532' title='bbox 1388 4969 1574 5047; x_wconf 91' lang='lat' dir='ltr'><strong>pulchrum,</strong></span> <span class='ocrx_word' id='word_1_533' title='bbox 1602 4971 1679 5048; x_wconf 90' lang='lat' dir='ltr'><strong>qula</strong></span> <span class='ocrx_word' id='word_1_534' title='bbox 1703 4973 1816 5032; x_wconf 87' lang='lat' dir='ltr'><strong>tamen</strong></span> <span class='ocrx_word' id='word_1_535' title='bbox 1835 4983 1935 5044; x_wconf 86' lang='lat' dir='ltr'><strong>regu-</strong></span> 
     </span>
     <span class='ocr_line' id='line_1_52' title="bbox 290 5061 1934 5144; baseline -0.004 -14"><span class='ocrx_word' id='word_1_536' title='bbox 290 5067 442 5136; x_wconf 83' lang='lat' dir='ltr'><strong>rerhera,</strong></span> <span class='ocrx_word' id='word_1_537' title='bbox 468 5063 529 5124; x_wconf 92' lang='lat' dir='ltr'><strong>filii</strong></span> <span class='ocrx_word' id='word_1_538' title='bbox 555 5061 746 5124; x_wconf 90' lang='lat' dir='ltr'><strong>aberrantes</strong></span> <span class='ocrx_word' id='word_1_539' title='bbox 774 5063 815 5123; x_wconf 91' lang='lat' dir='ltr'><strong>ad</strong></span> <span class='ocrx_word' id='word_1_540' title='bbox 840 5064 956 5126; x_wconf 88' lang='lat' dir='ltr'><strong>matris</strong></span> <span class='ocrx_word' id='word_1_541' title='bbox 987 5065 1088 5127; x_wconf 89' lang='lat' dir='ltr'><strong>ubera</strong></span> <span class='ocrx_word' id='word_1_542' title='bbox 1144 5069 1232 5129; x_wconf 88' lang='lat' dir='ltr'><strong>lares</strong></span> <span class='ocrx_word' id='word_1_543' title='bbox 1247 5066 1391 5144; x_wconf 87' lang='lat' dir='ltr'><strong>quidam,</strong></span> <span class='ocrx_word' id='word_1_544' title='bbox 1406 5066 1583 5128; x_wconf 88' lang='lat' dir='ltr'><strong>claustrale</strong></span> <span class='ocrx_word' id='word_1_545' title='bbox 1599 5067 1769 5128; x_wconf 87' lang='lat' dir='ltr'><strong>silentium</strong></span> <span class='ocrx_word' id='word_1_546' title='bbox 1784 5067 1934 5141; x_wconf 88' lang='lat' dir='ltr'><strong>etlegem</strong></span> 
     </span>
     <span class='ocr_line' id='line_1_53' title="bbox 291 5159 1937 5242; baseline -0.004 -14"><span class='ocrx_word' id='word_1_547' title='bbox 291 5163 449 5236; x_wconf 82' lang='lat' dir='ltr'><strong>revocati,</strong></span> <span class='ocrx_word' id='word_1_548' title='bbox 465 5161 557 5222; x_wconf 83' lang='lat' dir='ltr'><strong>velut</strong></span> <span class='ocrx_word' id='word_1_549' title='bbox 578 5159 660 5237; x_wconf 90' lang='lat' dir='ltr'><strong>pulli</strong></span> <span class='ocrx_word' id='word_1_550' title='bbox 676 5159 866 5236; x_wconf 87' lang='lat' dir='ltr'><strong>aquilarum</strong></span> <span class='ocrx_word' id='word_1_551' title='bbox 882 5164 1006 5238; x_wconf 89' lang='lat' dir='ltr'><strong>queant</strong></span> <span class='ocrx_word' id='word_1_552' title='bbox 1029 5179 1091 5224; x_wconf 82' lang='lat' dir='ltr'><strong>es·</strong></span> <span class='ocrx_word' id='word_1_553' title='bbox 1145 5165 1276 5226; x_wconf 93' lang='lat' dir='ltr'><strong>Domini</strong></span> <span class='ocrx_word' id='word_1_554' title='bbox 1297 5163 1426 5225; x_wconf 88' lang='lat' dir='ltr'><strong>animas</strong></span> <span class='ocrx_word' id='word_1_555' title='bbox 1455 5167 1712 5236; x_wconf 89' lang='lat' dir='ltr'><strong>convertentem,</strong></span> <span class='ocrx_word' id='word_1_556' title='bbox 1747 5167 1780 5226; x_wconf 88' lang='lat' dir='ltr'><strong>et</strong></span> <span class='ocrx_word' id='word_1_557' title='bbox 1805 5165 1937 5242; x_wconf 90' lang='lat' dir='ltr'><strong>sapien·</strong></span> 
     </span>
     <span class='ocr_line' id='line_1_54' title="bbox 292 5257 1935 5342; baseline -0.005 -16"><span class='ocrx_word' id='word_1_558' title='bbox 292 5263 434 5342; x_wconf 88' lang='lat' dir='ltr'><strong>peditius</strong></span> <span class='ocrx_word' id='word_1_559' title='bbox 450 5259 617 5330; x_wconf 83' lang='lat' dir='ltr'><strong>advolare,</strong></span> <span class='ocrx_word' id='word_1_560' title='bbox 634 5257 849 5319; x_wconf 88' lang='lat' dir='ltr'><strong>acinofleuse</strong></span> <span class='ocrx_word' id='word_1_561' title='bbox 865 5262 964 5336; x_wconf 88' lang='lat' dir='ltr'><strong>atque</strong></span> <span class='ocrx_word' id='word_1_562' title='bbox 980 5259 1090 5322; x_wconf 89' lang='lat' dir='ltr'><strong>liben—</strong></span> <span class='ocrx_word' id='word_1_563' title='bbox 1144 5263 1223 5325; x_wconf 91' lang='lat' dir='ltr'><strong>tiam</strong></span> <span class='ocrx_word' id='word_1_564' title='bbox 1248 5261 1381 5324; x_wconf 88' lang='lat' dir='ltr'><strong>dantem</strong></span> <span class='ocrx_word' id='word_1_565' title='bbox 1406 5263 1553 5340; x_wconf 87' lang='lat' dir='ltr'><strong>parvulis</strong></span> <span class='ocrx_word' id='word_1_566' title='bbox 1576 5279 1674 5340; x_wconf 90' lang='lat' dir='ltr'><strong>quam</strong></span> <span class='ocrx_word' id='word_1_567' title='bbox 1697 5278 1799 5340; x_wconf 89' lang='lat' dir='ltr'><strong>super</strong></span> <span class='ocrx_word' id='word_1_568' title='bbox 1822 5275 1935 5326; x_wconf 89' lang='lat' dir='ltr'><strong>aurum</strong></span> 
     </span>
    </p>
   </div>
   <div class='ocr_carea' id='block_1_6' title="bbox 292 5397 1934 5764">
    <p class='ocr_par' dir='ltr' id='par_1_7' title="bbox 328 5397 1798 5486">
     <span class='ocr_line' id='line_1_55' title="bbox 328 5397 1798 5486; baseline 0 -24"><span class='ocrx_word' id='word_1_569' title='bbox 328 5402 368 5476; x_wconf 88' lang='lat' dir='ltr'><strong>(l)</strong></span> <span class='ocrx_word' id='word_1_570' title='bbox 389 5404 537 5460; x_wconf 80' lang='lat' dir='ltr'><strong>lfarteme:</strong></span> <span class='ocrx_word' id='word_1_571' title='bbox 552 5399 706 5482; x_wconf 76' lang='lat' dir='ltr'><strong>tristamur.</strong></span> <span class='ocrx_word' id='word_1_572' title='bbox 746 5397 787 5472; x_wconf 77' lang='lat' dir='ltr'><strong>(t)</strong></span> <span class='ocrx_word' id='word_1_573' title='bbox 803 5399 930 5481; x_wconf 69' lang='lat' dir='ltr'><strong>lifericus</strong></span> <span class='ocrx_word' id='word_1_574' title='bbox 945 5399 1087 5484; x_wconf 43' lang='lat' dir='ltr'><strong>stacteus.</strong></span> <span class='ocrx_word' id='word_1_575' title='bbox 1180 5402 1218 5476; x_wconf 74' lang='grc' dir='ltr'><strong>(ὅ)</strong></span> <span class='ocrx_word' id='word_1_576' title='bbox 1231 5405 1359 5460; x_wconf 77' lang='lat' dir='ltr'><strong>Murteae</strong></span> <span class='ocrx_word' id='word_1_577' title='bbox 1374 5418 1383 5458; x_wconf 92' lang='lat'><em>:</em></span> <span class='ocrx_word' id='word_1_578' title='bbox 1399 5401 1445 5462; x_wconf 87' lang='lat' dir='ltr'><strong>ad.</strong></span> <span class='ocrx_word' id='word_1_579' title='bbox 1484 5404 1522 5486; x_wconf 67' lang='lat' dir='ltr'><strong>tii)</strong></span> <span class='ocrx_word' id='word_1_580' title='bbox 1537 5404 1664 5462; x_wconf 82' lang='lat' dir='ltr'><strong>Maricae</strong></span> <span class='ocrx_word' id='word_1_581' title='bbox 1676 5419 1685 5460; x_wconf 93' lang='lat'><em>:</em></span> <span class='ocrx_word' id='word_1_582' title='bbox 1699 5402 1798 5462; x_wconf 80' lang='lat' dir='ltr'><strong>verba.</strong></span> 
     </span>
    </p>

    <p class='ocr_par' dir='ltr' id='par_1_8' title="bbox 329 5469 1737 5560">
     <span class='ocr_line' id='line_1_56' title="bbox 329 5469 1737 5560; baseline 0.001 -32"><span class='ocrx_word' id='word_1_583' title='bbox 329 5477 369 5560; x_wconf 62' lang='grc'><strong>(3)</strong></span> <span class='ocrx_word' id='word_1_584' title='bbox 397 5475 524 5528; x_wconf 80' lang='lat' dir='ltr'><strong>Moriere</strong></span> <span class='ocrx_word' id='word_1_585' title='bbox 545 5488 554 5528; x_wconf 91' lang='lat'><em>:</em></span> <span class='ocrx_word' id='word_1_586' title='bbox 579 5485 644 5544; x_wconf 87' lang='lat' dir='ltr'><strong>qum</strong></span> <span class='ocrx_word' id='word_1_587' title='bbox 674 5471 769 5554; x_wconf 87' lang='lat' dir='ltr'><strong>plures</strong></span> <span class='ocrx_word' id='word_1_588' title='bbox 797 5469 927 5526; x_wconf 81' lang='lat' dir='ltr'><strong>videntur</strong></span> <span class='ocrx_word' id='word_1_589' title='bbox 960 5472 1090 5556; x_wconf 77' lang='lat' dir='ltr'><strong>illusores</strong></span> <span class='ocrx_word' id='word_1_590' title='bbox 1180 5475 1221 5544; x_wconf 82' lang='lat'><strong>(7)</strong></span> <span class='ocrx_word' id='word_1_591' title='bbox 1237 5475 1388 5558; x_wconf 70' lang='lat' dir='ltr'><strong>Mortem:</strong></span> <span class='ocrx_word' id='word_1_592' title='bbox 1403 5475 1426 5546; x_wconf 77' lang='lat' dir='ltr'><strong>f.</strong></span> <span class='ocrx_word' id='word_1_593' title='bbox 1444 5475 1509 5557; x_wconf 77' lang='lat' dir='ltr'><strong>vitis</strong></span> <span class='ocrx_word' id='word_1_594' title='bbox 1525 5483 1635 5558; x_wconf 70' lang='lat' dir='ltr'><strong>vestrm.</strong></span> <span class='ocrx_word' id='word_1_595' title='bbox 1732 5543 1737 5558; x_wconf 42' lang='grc' dir='ltr'>Ι</span> 
     </span>
    </p>

    <p class='ocr_par' dir='ltr' id='par_1_9' title="bbox 292 5539 1934 5764">
     <span class='ocr_line' id='line_1_57' title="bbox 294 5539 1934 5630; baseline -0.004 -27"><span class='ocrx_word' id='word_1_596' title='bbox 294 5545 351 5606; x_wconf 78' lang='lat' dir='ltr'><strong>dlii.</strong></span> <span class='ocrx_word' id='word_1_597' title='bbox 375 5543 498 5616; x_wconf 79' lang='lat' dir='ltr'><strong>Accepta</strong></span> <span class='ocrx_word' id='word_1_598' title='bbox 525 5557 581 5599; x_wconf 88' lang='lat' dir='ltr'><strong>non</strong></span> <span class='ocrx_word' id='word_1_599' title='bbox 605 5539 715 5599; x_wconf 82' lang='lat' dir='ltr'><strong>modico</strong></span> <span class='ocrx_word' id='word_1_600' title='bbox 743 5541 872 5613; x_wconf 89' lang='lat' dir='ltr'><strong>portione</strong></span> <span class='ocrx_word' id='word_1_601' title='bbox 895 5543 961 5598; x_wconf 88' lang='lat' dir='ltr'><strong>lesu</strong></span> <span class='ocrx_word' id='word_1_602' title='bbox 988 5544 1088 5602; x_wconf 82' lang='lat' dir='ltr'><strong>Clrrrstl</strong></span> <span class='ocrx_word' id='word_1_603' title='bbox 1166 5545 1275 5629; x_wconf 61' lang='lat' dir='ltr'>.(⁸).⁴3s·</span> <span class='ocrx_word' id='word_1_604' title='bbox 1290 5547 1396 5612; x_wconf 75' lang='lat' dir='ltr'><strong>Quinto</strong></span> <span class='ocrx_word' id='word_1_605' title='bbox 1411 5545 1650 5630; x_wconf 64' lang='lat' dir='ltr'><strong>displicemus.</strong></span> <span class='ocrx_word' id='word_1_606' title='bbox 1665 5545 1811 5628; x_wconf 63' lang='lat' dir='ltr'><strong>v.·.¹¹¹·.t¹’</strong></span> <span class='ocrx_word' id='word_1_607' title='bbox 1827 5543 1860 5600; x_wconf 87' lang='lat' dir='ltr'><strong>de</strong></span> <span class='ocrx_word' id='word_1_608' title='bbox 1877 5543 1934 5598; x_wconf 82' lang='lat' dir='ltr'><strong>Mc·</strong></span> 
     </span>
     <span class='ocr_line' id='line_1_58' title="bbox 292 5614 1934 5764; baseline -0.015 2"><span class='ocrx_word' id='word_1_609' title='bbox 292 5619 539 5764; x_wconf 39' lang='lat' dir='ltr'><strong>mffit&#39;qtrffflffltt’meem·</strong></span> <span class='ocrx_word' id='word_1_610' title='bbox 555 5683 590 5740; x_wconf 87' lang='lat' dir='ltr'><strong>ad</strong></span> <span class='ocrx_word' id='word_1_611' title='bbox 605 5699 703 5744; x_wconf 87' lang='lat' dir='ltr'><strong>sacros</strong></span> <span class='ocrx_word' id='word_1_612' title='bbox 717 5683 898 5742; x_wconf 82' lang='lat' dir='ltr'><strong>litteraturas.</strong></span> <span class='ocrx_word' id='word_1_613' title='bbox 1122 5701 1123 5704; x_wconf 68' lang='grc'>’</span> <span class='ocrx_word' id='word_1_614' title='bbox 1144 5618 1418 5758; x_wconf 36' lang='grc' dir='ltr'><strong>ἔὲῗὲῐηθὶῗῗὲώξίῗη</strong></span> <span class='ocrx_word' id='word_1_615' title='bbox 1442 5624 1483 5674; x_wconf 59' lang='grc' dir='ltr'><strong>ω’</strong></span> <span class='ocrx_word' id='word_1_616' title='bbox 1505 5617 1568 5686; x_wconf 64' lang='lat' dir='ltr'><strong>xn&#39;</strong></span> <span class='ocrx_word' id='word_1_617' title='bbox 1586 5617 1620 5676; x_wconf 55' lang='lat' dir='ltr'><strong>de</strong></span> <span class='ocrx_word' id='word_1_618' title='bbox 1633 5617 1809 5687; x_wconf 52' lang='lat' dir='ltr'><strong><em>Prwmm’</em></strong></span> <span class='ocrx_word' id='word_1_619' title='bbox 1828 5629 1890 5686; x_wconf 51' lang='grc' dir='ltr'><strong>ω’</strong></span> <span class='ocrx_word' id='word_1_620' title='bbox 1909 5614 1934 5679; x_wconf 66' lang='grc'><strong>3’</strong></span> 
     </span>
    </p>
   </div>
   <div class='ocr_carea' id='block_1_7' title="bbox 0 0 1999 6306">
    <p class='ocr_par' dir='ltr' id='par_1_10' title="bbox 0 0 1999 6306">
     <span class='ocr_line' id='line_1_59' title="bbox 0 0 1999 6306; baseline 0 0"><span class='ocrx_word' id='word_1_621' title='bbox 0 0 1999 6306; x_wconf 95' lang='lat' dir='ltr'><strong> </strong></span> 
     </span>
    </p>
   </div>
  </div>
 </body>
</html>
