4096 6312
298 375 358 437 795
466 323 470 332 =

298 532 396 595 nibus
411 527 518 600 bonis,
535 543 608 606 quae
623 527 658 586 in
673 523 926 602 praesentiarum
941 523 1093 584 rationa-

299 629 412 692 biliter
424 625 600 705 possidetis
620 626 678 685 aut
692 623 727 682 in
743 619 889 682 futurum
903 622 1007 696 justis
1021 635 1094 680 mo-

300 727 363 798 dis,
389 723 566 801 prasente
588 720 742 790 Domino,
768 717 918 794 poteritis
941 717 1092 792 adipisci,

301 823 361 886 suh
376 821 464 884 beati
480 818 570 880 Petri
585 819 616 880 et
631 819 744 878 nostra
761 815 966 892 protectione
983 814 1093 874 suaci-

301 920 419 998 pimus,
445 903 642 993 specialiter'
656 916 767 974 autem
781 913 897 974 villam
913 912 953 973 de
965 911 1095 972 Lozeke

300 1033 374 1078 cum
402 1013 611 1091 pertinentiis
626 1011 697 1072 suis
718 1026 757 1071 ac
772 1009 838 1072 alia
860 1009 947 1071 bona
971 1009 1092 1078 vestra,

299 1113 385 1174 sicut
399 1127 439 1174 ea
461 1110 573 1173 omnia
584 1112 673 1186 jaste
693 1109 725 1169 et
749 1107 886 1184 pacifice
906 1105 1092 1182 possidetis,

297 1209 391 1274 vohis
406 1209 439 1271 11
448 1224 509 1285 per
523 1223 582 1268 vos
597 1206 747 1267 ecclesiae
763 1204 883 1266 vestrae
894 1204 1095 1264 auctoritate

297 1307 490 1382 Apostolica
504 1305 749 1365 confirmamus.
767 1302 858 1363 Nulli
870 1316 949 1376 ergo
961 1299 1095 1362 omnino

299 1404 470 1464 hominum
485 1401 681 1463 liceathanc
699 1399 855 1476 paginam
876 1399 1000 1458 nostrae
1016 1413 1094 1474 pro-

299 1500 453 1562 tectionis
481 1499 513 1559 et
538 1495 798 1559 confirmationis
821 1494 1018 1570 infringere,
1043 1493 1096 1556 rel

277 1605 280 1610 '
299 1597 332 1659 ei
346 1611 430 1658 ausu
448 1595 627 1658 temerario
649 1593 827 1654 contraire.
842 1592 877 1653 si
894 1592 969 1668 quis
985 1591 1096 1653 autem

299 1695 363 1755 hoc
378 1694 541 1755 attentare
559 1689 818 1768 praesumpserit,
833 1689 1095 1764 indignationem

300 1789 535 1866 omnipotentis
546 1789 604 1850 Dei
617 1788 827 1850 etheatorum
841 1787 930 1848 Petri
942 1787 975 1848 et
988 1785 1094 1854 Pauli,

300 1887 527 1964 apostolorum
548 1888 631 1962 eiua,
658 1901 694 1947 sa
718 1884 849 1945 noverit
869 1884 1094 1944 incursurum.

300 1985 419 2046 Datum
443 1982 610 2056 Laterani,
635 1985 681 2042 lll
704 1981 837 2042 kalend.
863 1981 955 2053 maii,
980 1981 1094 2058 ponti-

300 2081 416 2144 ficatus
432 2081 538 2142 nostri
550 2095 638 2142 anno
656 2079 781 2157 quinte.

573 2274 830 2362 ccclxviii

297 2416 524 2481 decoratam
543 2417 578 2478 et
597 2417 804 2477 concentum
819 2417 857 2476 tn
878 2414 1094 2476 Sitonstettn.

583 2533 619 2592 30
635 2533 716 2606 april.
734 2534 812 2591 1111.

301 2651 405 2717 [Fontes
416 2663 501 2700 rerum
513 2647 712 2708 austriacarum,
729 2647 792 2712 dipl.
803 2651 829 2697 et
841 2651 904 2704 acta,
917 2645 1031 2705 xxnlll,
1044 2645 1095 2710 31]

306 2755 362 2816 Sub
374 2755 450 2816 beati
462 2757 536 2814 Petri
551 2762 580 2813 et
594 2771 645 2813 ena
659 2755 835 2828 protectione
848 2754 1052 2830 monasterium
1068 2754 1096 2811 in

535 2845 700 2902 Sitanstetin
715 2841 842 2915 suscipit.
856 2893 859 2898 .

342 2951 1095 3032 Honoriusepiscopus,servasservorumDei,

302 3051 433 3114 dilectis
455 3051 572 3111 filiis...
593 3049 704 3111 abbati
719 3050 752 3111 et
766 3050 943 3110 conventui
958 3065 1095 3110 monas-

299 3151 376 3214 terii
391 3151 426 3212 in
442 3148 648 3220 Sitanstetin,
667 3147 820 3215 salntem,
837 3149 898 3208 etc.

344 3246 565 3309 sacrosancta
587 3248 736 3307 Romana
752 3244 899 3306 Ecclesia
915 3245 1050 3306 devotos
1066 3243 1098 3305 11

183 3391 188 3416 ,
301 3345 444 3406 humiles
458 3343 544 3404 filios
559 3344 592 3430 et
602 3344 742 3404 assuetae
759 3341 890 3418 pietatis
904 3342 1011 3403 oflicio
1025 3357 1098 3418 pro·

302 3442 437 3518 pensius
452 3440 591 3515 diligere
607 3439 779 3500 consuevit
803 3440 836 3499 et
852 3454 894 3498 ne
919 3454 1097 3515 pravorum

302 3537 474 3599 hominum
492 3535 654 3597 molestiis
673 3536 850 3610 agitentur,
868 3551 924 3595 eos
939 3535 1097 3611 tanquam

301 3635 359 3711 pia
376 3634 482 3694 mater
503 3648 571 3693 suae
586 3631 799 3710 protectionis
816 3631 999 3692 munimine
1013 3648 1096 3695 con-

303 3731 427 3793 fovere.
456 3731 627 3808 Eaproter,
658 3728 769 3790 dilecti
794 3729 829 3789 in
860 3729 998 3790 Domino
1023 3729 1095 3801 filii,

257 3856 261 3863 ¹
301 3829 421 3892 vestris
433 3828 533 3907 justis
548 3825 826 3905 postulationibus
845 3829 939 3902 grato
951 3843 1095 3890 concur-

303 3928 415 3988 rentes
443 3941 584 3988 assensu
608 3925 717 3986 locum
737 3924 772 3985 in
800 3940 864 4002 quo
888 3923 1001 3986 divino
1017 3926 1096 3986 estis

303 4023 460 4101 obsequio
485 4023 677 4099 mancipati,
705 4038 779 4083 cum
804 4021 955 4084 omnibus
988 4023 1094 4095 honis,

302 4122 422 4199 quaein
438 4120 690 4198 praesentiarum
708 4119 918 4180 rationaliter
937 4120 1094 4196 possidet,

301 4217 567 4287 autinfuturum,
577 4216 915 4294 praestanteDominO,
921 4219 1021 4296 justis
1031 4234 1098 4280 rno-

301 4316 351 4377 dis
367 4313 647 4392 poteritadipisei,
662 4311 721 4373 suh
731 4311 820 4374 beati
836 4313 926 4375 Petri
941 4314 974 4376 11
984 4316 1097 4378 nostra

299 4413 502 4493 protectione
528 4410 739 4488 suscipimus.
765 4411 962 4488 Specialiter
984 4415 1095 4474 autem

300 4511 471 4577 ecclesias,
498 4508 737 4584 possessiones,
760 4507 887 4580 vineas,
911 4523 1048 4571 nemora
1064 4511 1098 4572 et

299 4606 462 4669 aliabona
475 4607 598 4678 vestra,
614 4605 751 4667 sicutea
767 4606 876 4665 omnia
882 4605 972 4683 juste
981 4622 1021 4668 ac
1036 4624 1097 4684 pa-

301 4703 393 4765 cifice
403 4701 590 4778 possidetis,
598 4701 692 4763 vobis
707 4702 740 4764 et
754 4717 882 4779 111111
893 4705 1096 4766 monasterio

916 361 1092 424 HONORII
1114 359 1159 422 111
1182 361 1330 426 OPERA-

1443 541 1656 634 ccclxix

1162 692 1215 750 Ad
1226 686 1414 764 capitatum
1428 691 1461 750 cf
1473 693 1604 751 clerum
1619 691 1922 750 cenomanensem.
2016 686 2017 732 l

1431 820 1467 877 30
1482 819 1562 891 april.
1581 819 1660 875 ital.

1181 933 1301 998 [Regest.,
1312 933 1357 984 lib.
1368 933 1398 992 V,
1413 931 1486 996 epist.
1497 933 1552 982 622.
1565 934 1620 982 llll.
1633 933 1669 982 La
1678 933 1754 981 Porta
1766 931 1801 982 du
1817 930 1914 994 Theti]

1151 1041 1268 1098 llelasat
1280 1041 1451 1098 sententiam
1465 1039 1662 1113 suspensionis
1677 1038 1712 1096 ab
1728 1039 1946 1110 archiepiscopo

1168 1130 1324 1187 Turonensi
1340 1130 1369 1185 in
1384 1130 1551 1202 episcopum
1566 1129 1813 1187 cenomanensem
1828 1123 1927 1184 latam.
2019 1117 2020 1136 ³

1190 1255 1369 1329 Honorius,
1395 1259 1471 1328 111,
1498 1255 1628 1318 dilectis
1648 1255 1726 1315 filiis
1748 1253 1895 1331 capitulo
1915 1255 1948 1314 et
2020 1262 2021 1308 ἒ

1150 1353 1240 1414 clero
1256 1354 1400 1415 civitatis
1421 1358 1454 1416 et
1475 1353 1628 1414 dioecesis
1643 1353 1865 1415 cenomanen.

1190 1449 1949 1528 Noveritisquodadcautelamrelaxamussus
2021 1427 2022 1432 ἵ

1151 1549 1320 1632 pensionis
1334 1549 1545 1620 sententiam,
1563 1563 1661 1625 quam
1675 1546 1708 1608 in
1721 1545 1949 1608 venerabilem
2022 1555 2023 1558 ’

1150 1647 1289 1709 fratrem
1321 1648 1469 1709 nostram
1500 1645 1692 1723 episcopum
1724 1647 1948 1706 cenomanen.

1151 1743 1275 1806 tulerat
1294 1743 1497 1804 venerabilis
1511 1741 1614 1802 frater
1629 1743 1743 1802 noster
1756 1740 1949 1816 archiepis·
2023 1797 2024 1800 ,

1151 1857 1253 1919 copus
1264 1841 1430 1902 Turonen.
1445 1840 1587 1916 Ideoque
1600 1839 1812 1900 universitati
1828 1837 1950 1898 vestrae

1151 1955 1212 2016 per
1224 1936 1548 2016 apostolieascnpta
1560 1937 1767 2008 mandamus,
1782 1935 1950 2012 quatenns

1150 2035 1258 2098 eidem
1275 2038 1444 2113 tamquam
1467 2034 1622 2110 episcopo
1639 2035 1750 2095 vestro
1765 2031 1949 2094 intendatis
2025 2039 2026 2042 ’

1151 2136 1184 2196 11
1197 2133 1359 2195 obediatis
1375 2133 1546 2193 humiliter
1555 2135 1589 2192 11
1602 2131 1729 2193 devote.
1743 2131 1861 2191 Datum
1876 2131 1948 2189 La-

1150 2231 1269 2303 terani,
1290 2229 1824 2316 111111111111111111111111111
1841 2227 1950 2288 nostri

1151 2346 1238 2391 anno
1252 2329 1377 2407 quinto.

1453 2561 1646 2648 ccclxx

1224 2725 1275 2783 Ad
1293 2725 1586 2797 arenaepaeopam
1605 2721 1871 2782 Btfura'censern.

1434 2844 1469 2901 30
1484 2843 1565 2917 april.
1583 2843 1662 2901 lali.

1185 2960 1304 3022 [Regest.,
1316 2958 1361 3010 lib.
1372 2959 1403 3018 V,
1413 2958 1489 3023 epist.
1501 2958 1557 3008 aar.
1570 2959 1627 3008 llss.
1641 2959 1678 3008 La
1689 2959 1764 3008 Porto
1774 2955 1808 3006 du
1821 2955 1920 3022 rhein]

1198 3075 1275 3132 Facit
1290 3076 1316 3131 ei
1332 3082 1502 3148 potestatem
1516 3075 1545 3131 in
1558 3073 1686 3132 ecclesiis
1701 3088 1760 3130 suae
1773 3072 1910 3130 dioeccsis

1275 3163 1438 3236 corrigendi
1454 3179 1518 3236 qna
1536 3161 1706 3236 corrigenda
1720 3160 1822 3219 111111.

1192 3282 1370 3354 Honorius,
1388 3281 1462 3354 etc,
1477 3279 1661 3342 venerabili
1677 3277 1815 3341 fratri...
1835 3277 1953 3340 archi-

1152 3381 1307 3456 episcopo
1322 3379 1533 3440 Bituricensi.

1193 3476 1352 3540 Gerentes
1365 3476 1405 3537 de
1415 3477 1472 3538 tua
1488 3475 1625 3537 caritate
1641 3475 1796 3536 fiduciam
1815 3474 1952 3550 specia-

1152 3571 1490 3637 lemauctoritatetibi
1500 3571 1714 3649 praesentium
1724 3571 1950 3648 indulgemus,

1153 3674 1235 3734 utin
1248 3671 1399 3733 ecclesiis
1414 3671 1481 3732 tam
1498 3669 1713 3731 saecularibus
1728 3685 1826 3746 quam
1842 3683 1950 3745 regn-

1152 3770 1278 3832 laribus
1297 3767 1358 3831 tibi
1377 3768 1450 3844 lege
1467 3767 1657 3828 dioecesana
1669 3767 1825 3844 subjectis
1841 3765 1949 3828 libere

1152 3869 1301 3944 corrigas
1328 3882 1401 3944 quae
1426 3865 1551 3926 videris
1578 3864 1786 3941 corrigenda,
1815 3863 1951 3942 objectu

1152 3965 1385 4043 appellationis
1422 3961 1643 4024 frustratoriae
1683 3978 1749 4022 non
1784 3961 1950 4036 obstante,

1153 4065 1246 4126 salvo
1262 4063 1383 4125 statuto
1403 4059 1543 4122 Concilii
1555 4060 1734 4136 generalis.
1751 4060 1869 4122 Datum
1884 4061 1953 4120 La-

1151 4162 1260 4224 terani
1273 4161 1303 4222 II
1318 4159 1451 4223 kalend.
1469 4157 1548 4219 maii
1564 4172 1652 4220 anno
1667 4157 1792 4234 quinto.

1444 4405 1658 4497 CCCLXXI

1427 4555 1480 4615 Ad
1503 4555 1671 4614 eumdem.

1435 4675 1470 4732 ao
1489 4675 1570 4748 epar.
1588 4673 1667 4731 rear.

298 4801 408 4863 aestro
432 4799 636 4860 auctoritate
654 4800 845 4876 apostolica
860 4800 1096 4864 confirmamus
1168 4791 1287 4855 [aegest.,
1301 4789 1346 4840 33·
1367 4789 1398 4848 V»
1421 4788 1495 4854 1133·
1513 4787 1567 4838 333·
1581 4789 1639 4838 335·
1653 4788 1690 4840 38
1701 4787 1775 4838 3313
1786 4785 1822 4838 33
1836 4785 1933 4852 rnen]

300 4899 334 4961 et
360 4894 534 4975 praesentis
556 4895 672 4970 scripti
696 4896 882 4971 patrocinio
911 4901 1097 4960 communi·
1152 4897 1272 4956 Litteras
1284 4895 1466 4967 apostolicas,
1477 4894 1579 4968 qulbus
1588 4893 1813 4967 ipsumjnsserat
1822 4893 1948 4951 Gnidoni

299 5011 385 5058 mus,
415 4992 507 5056 Nulli
541 5005 620 5066 ergo
643 4991 778 5054 omnino
804 4994 1097 5058 h0mmum1q003t
1187 4983 1223 5042 de
1238 4983 1330 5040 insula
1345 4984 1513 5054 pensionem
1528 4981 1947 5056 trigintalibrafnmParisien·

300 5094 387 5156 hanc
408 5091 564 5169 paginam
584 5088 707 5149 nostrae
728 5091 943 5165 protectionis
963 5094 996 5155 et
1010 5109 1094 5155 con·
1186 5070 1595 5141 3333333333331333333333·

300 5189 496 5252 firmationis
508 5185 691 5262 infringere
705 5185 759 5247 vel
771 5185 803 5246 ei
819 5201 903 5247 ausu
916 5191 1095 5252 temerario
1191 5189 1376 5261 Honorius,
1403 5188 1478 5260 etc,
1503 5185 1687 5249 venerabili
1707 5185 1801 5247 fratri
1825 5186 1946 5247 archi-

300 5285 476 5348 contraire.
492 5281 615 5359 Siquis
631 5281 740 5342 autem
754 5280 817 5342 hoc
832 5281 997 5344 attentare
1008 5299 1096 5359 111-
1151 5286 1306 5363 episcopo
1323 5285 1535 5346 Biturciensi.

300 5382 478 5458 sumpserit
501 5378 764 5455 indignationem
787 5379 1021 5455 omnipotentis
1035 5381 1095 5442 Dei
1190 5385 1271 5443 Cum
1289 5381 1350 5443 tibi
1377 5383 1581 5444 dedissemus
1604 5382 1727 5444 nostris
1760 5382 1881 5444 litteris
1906 5383 1945 5443 in

299 5481 332 5542 et
345 5478 515 5540 beatorum
526 5478 617 5538 Petri
628 5477 661 5539 et
673 5475 769 5538 Pauli
781 5475 1007 5552 apostolorum
1022 5481 1095 5555 eJus
1150 5479 1326 5550 mandatis,
1338 5480 1375 5539 11
1387 5478 1506 5540 dilecto
1521 5479 1590 5540 filio
1605 5479 1749 5541 (luidoni
1767 5481 1808 5542 de
1831 5480 1944 5540 insula

299 5593 335 5640 se
362 5575 492 5637 noverit
517 5575 740 5635 incursurum.
771 5575 889 5635 Datum
919 5576 1093 5645 Laterani,
1150 5577 1353 5638 subdiacono
1368 5576 1407 5638 ’11
1428 5576 1602 5652 capellano
1617 5581 1731 5639 nostro
1747 5578 1941 5654 pensionem

300 5674 404 5736 llkal.
417 5672 507 5744 maii,
520 5671 732 5748 pontificatus
747 5671 853 5734 nostri
864 5687 952 5732 anno
966 5672 1091 5750 quinte.
1127 5743 1129 5750 ¹
1149 5674 1284 5749 triginta
1297 5673 1457 5735 librarum
1473 5674 1636 5736 Parisien.
1655 5675 1846 5750 assignares
1861 5675 1942 5734 tam·
