4066 6290
101 259 164 327 877

381 461 384 470 ’
463 429 539 517 XII

139 589 194 650 Ad
206 589 479 665 orctteptscopos
492 589 527 652 et
546 591 721 665 episcopos
734 590 768 653 et
782 591 868 654 altos

296 689 519 750 ecclesiarum
532 689 708 762 mauros.
890 689 893 696 '

282 833 416 900 [saunis
428 833 503 898 run,
513 849 539 899 p.
552 833 608 894 aas,
619 849 644 885 n.
656 833 725 900 us]

104 965 252 1026 Honorius
269 969 309 1026 111
325 973 518 1040 apostatarum
536 967 645 1026 ordinis
659 966 825 1026 Thentonici
838 966 898 1025 lau·

170 1063 250 1114 toros
261 1069 383 1114 censum
396 1055 590 1114 ecclesiastica
604 1055 731 1114 cohiberi
743 1055 833 1130 jubet.

142 1199 313 1262 Honorius
323 1199 507 1278 episcopus,
521 1216 637 1263 servus
646 1217 818 1262 servorum
827 1199 897 1272 liei,

101 1297 355 1360 venerabilibus
387 1295 546 1358 iratribus
581 1297 841 1376 archiepiscopis
869 1298 902 1360 et

103 1395 283 1472 episcopis,
300 1396 375 1468 otc„
392 1395 533 1464 salutem
551 1395 585 1458 et
605 1381 820 1473 apostolicam
839 1395 901 1456 be-

103 1493 341 1556 nedictionem.

147 1593 216 1654 Res
229 1589 360 1668 quidem
375 1589 415 1651 ad
431 1605 492 1652 nos
505 1589 640 1654 omnino
655 1589 859 1653 detestabilis
870 1589 901 1652 et

101 1688 258 1766 regulari
272 1687 457 1765 disciplinae
475 1687 609 1750 inimica
627 1688 788 1766 pervenit,
803 1688 899 1766 quod,

102 1801 182 1852 cum
198 1785 331 1863 quidam
346 1785 387 1847 de
401 1785 559 1847 iratribus
574 1785 626 1848 vel
645 1785 805 1864 protessis
823 1785 903 1846 hos-

103 1883 222 1962 pitalis
239 1885 366 1945 Sanctae
390 1883 507 1944 Mariae
526 1883 806 1945 theutonicorum
822 1883 903 1945 Hic-

102 1981 351 2059 rosolymitani,
368 1980 500 2042 diabolo
517 1981 743 2057 instigantes
770 1982 847 2044 voto
870 1981 903 2042 ct

102 2079 278 2157 proposito
290 2078 417 2140 ordinis
433 2077 486 2138 sui
500 2077 699 2150 resilientes,
715 2077 832 2140 relIcto
847 2094 903 2139 re-

102 2176 243 2252 ligionis
251 2173 427 2249 habitudo
437 2176 556 2238 militia
565 2176 688 2238 Christi
696 2176 737 2238 ad
749 2176 902 2238 militiam

102 2272 225 2335 mundi
247 2272 358 2334 redire
381 2273 572 2334 nullatenus
596 2271 803 2344 erubescant,
828 2273 904 2349 qui-

102 2371 184 2431 dam
197 2370 307 2443 etiam,
320 2370 423 2431 animi
436 2369 571 2432 levitate
582 2371 690 2446 potius
702 2370 791 2432 ducti
804 2385 902 2448 quam

103 2467 179 2530 zelo
194 2467 368 2544 religionis
383 2467 528 2539 accensi,
543 2466 616 2528 sine
628 2467 764 2528 licentia
778 2469 903 2544 magis-

102 2565 152 2629 tri
171 2566 225 2626 sui
245 2565 286 2626 ad
304 2565 407 2627 alium
430 2565 579 2626 ordinem
602 2565 749 2627 transire
775 2581 904 2643 praesn-

103 2664 223 2738 mant3
247 2663 385 2740 quidam
405 2663 552 2724 restrum
581 2662 621 2724 de
648 2663 903 2740 praesumptione

104 2760 301 2838 hujusmodi
325 2759 445 2836 vigiles
474 2760 507 2822 et
532 2759 675 2821 studiosi
703 2759 847 2821 existere
870 2759 903 2821 et

104 2873 269 2922 excessus
296 2857 464 2934 corrigere
492 2856 666 2934 negligunt
692 2857 904 2929 corumdem,

104 2956 165 3018 sed
180 2955 347 3033 quosdam-
360 2955 516 3032 ipsorum·
532 2955 572 3014 ad
595 2954 755 3015 militiam
772 2954 904 3015 secula·-

103 3071 180 3116 rem
195 3055 230 3115 et
242 3053 376 3129 nuptias
389 3052 533 3114 transire
549 3053 582 3114 ct
589 3055 687 3130 juxta
701 3067 769 3113 suae
782 3052 905 3113 uolun-

103 3151 188 3214 tatis
202 3149 377 3211 arbitrium
390 3149 426 3210 in
439 3149 583 3210 seculari
598 3149 666 3210 vita
681 3165 817 3210 manere
832 3165 903 3226 per·

67 3292 74 3308 .
104 3247 255 3316 myrteum,
271 3247 406 3324 propter
425 3245 510 3323 qnod
526 3245 664 3323 praelato
679 3245 788 3308 ordini
800 3245 902 3308 multa

105 3343 268 3408 scandala
294 3346 328 3406 et
350 3343 549 3405 detrimenta
576 3344 700 3421 saepius
727 3344 907 3420 prouenire

104 3443 303 3511 noscuntur,
323 3441 358 3503 in
382 3457 446 3518 quo
471 3441 584 3518 utique
606 3443 640 3503 et
659 3457 720 3503 vos
738 3442 804 3518 ipsi
823 3442 902 3502 ani-

104 3555 240 3602 marum
260 3539 447 3601 vestrarum
469 3538 606 3614 potestis
631 3539 824 3616 pericnlum-¹
836 3554 903 3600 non

104 3637 275 3700 modicum
285 3635 475 3697 lormidare.
486 3637 555 3698 Nos
565 3635 668 3712 igitur
681 3637 804 3698 statum
814 3651 905 3713 prae-

105 3734 189 3798 dicti
212 3734 338 3795 ordinis
357 3733 524 3809 integrum
544 3733 579 3795 et
598 3733 741 3794 illaesum
763 3748 902 3794 conser—
935 3737 937 3742 ’

105 3829 903 3894 varsnolentesattentiscandalimateriamnon

105 3930 260 3992 valentes
271 3929 484 4007 aliquatenus
498 3928 676 4002 sustinere,
692 3928 903 3990 universitati

105 4028 230 4090 vestrae
254 4042 314 4104 per
341 4027 529 4104 apostolica
556 4027 680 4103 scripta
708 4025 903 4086 mandamus

107 4126 209 4203 atque
224 4125 446 4201 praecipimus,
466 4125 640 4202 quatenus,
662 4123 690 4184 si
705 4139 789 4200 quos
804 4123 904 4201 hujus

105 4221 305 4286 inveneritis
319 4222 497 4293 uterinos,
514 4221 549 4281 in
562 4221 697 4300 synodis
714 4221 746 4283 et
759 4237 906 4282 couren-

106 4320 199 4384 tibus
211 4319 331 4381 vestris
351 4318 654 4381 excommunicatos
673 4317 906 4396 publicarun-

106 4418 212 4492 tletis,
233 4417 293 4491 eiS,
318 4417 407 4479 inter
433 4432 514 4495 quos
538 4416 671 4478 illorum
696 4415 905 4478 conversatio

107 4531 185 4579 esse
207 4515 424 4592 dignoscitur,
446 4513 506 4575 sub
530 4513 800 4578 interminatione
823 4529 907 4574 ana-

107 4612 267 4681 thematis
277 4611 506 4690 prohibentes,
523 4613 559 4674 ut
573 4611 751 4689 illosapud
774 4627 812 4673 se
825 4611 917 4672 reti-v

108 4728 192 4775 nere
211 4711 245 4774 et
263 4710 388 4772 eisdem
403 4709 650 4772 communicare
663 4709 754 4770 nulla
777 4709 907 4769 ratione

108 4808 327 4889 praesumant,
342 4808 376 4892 et
389 4807 453 4870 hoo
466 4807 599 4870 tamdiu,
610 4805 741 4868 faciatis
763 4805 908 4868 inviola-

107 4907 225 4970 biliter
243 4904 547 4976 observari,.doncc
572 4903 711 4980 praelati
724 4902 848 4964 ririad
871 4918 919 4963 se

109 5003 301 5076 redeuntes,
309 5002 433 5064 reverti
445 5002 486 5062 ad
497 5018 593 5062 suum
605 5001 754 5063 ordinem
767 4998 908 5076 compel-

109 5103 226 5164 lantur
247 5100 281 5162 et
297 5102 422 5173 votum,
446 5099 532 5177 qrrod
556 5098 776 5173 violaverunt,
794 5097 914 5161 omni-·

110 5199 222 5265 modis
235 5197 423 5262 observare.
441 5197 577 5270 Datum,
586 5198 653 5260 otc.

715 259 934 335 nrrsroms
956 261 1054 327 snus
1075 261 1154 325 urs.
1204 241 1206 252 ’

1302 427 1399 514 XIII

1154 589 1206 652 Ad
1220 590 1355 656 eosdem
1373 589 1548 664 prelatos.

1177 718 1314 784 [strenua
1329 717 1404 778 ibid,
1420 733 1446 769 n,
1457 716 1526 784 ua]

955 833 1097 893 Honorius
1111 836 1152 894 lli
1163 833 1244 908 jubet
1258 834 1391 908 prelatos
1405 832 1502 892 lavere
1516 832 1609 892 ordini
1624 831 1749 892 l'beuto-

990 923 1056 980 nico
1068 922 1170 980 necde
1184 921 1298 981 donatis
1308 925 1336 990 el
1353 921 1407 980 sibi
1419 924 1572 995 quicquam
1592 921 1750 992 vindicare,

990 1017 1195 1084 scarapsus
1218 1011 1381 1072 testamenti
1407 1011 1645 1084 parochianorum
1674 1008 1750 1083 oprnd

990 1100 1070 1168 illum
1080 1100 1194 1173 sepeliri
1206 1099 1382 1172 cupientium
1398 1113 1462 1163 esse
1475 1106 1633 1168 contentos,
1646 1110 1750 1170 escap-

991 1188 1026 1246 tls
1041 1189 1129 1246 armis
1142 1195 1171 1246 ct
1185 1189 1276 1262 equis.
1293 1187 1438 1246 Fratribus
1452 1187 1646 1246 sacerdotibus
1663 1187 1751 1246 licere

990 1274 1200 1334 contessionem
1224 1276 1353 1350 recipere
1381 1275 1455 1349 apud
1483 1275 1612 1334 ordinem
1636 1274 1750 1348 sepeliri

990 1363 1169 1438 eligentium.

994 1490 1164 1552 Honorius
1173 1491 1485 1570 episcopusservus
1495 1505 1667 1552 servorum
1676 1489 1747 1562 liei,
1781 1473 1787 1482 ‘

955 1586 1203 1650 venerabilibus
1234 1587 1393 1650 tratribus
1429 1587 1689 1666 archiepiscopis
1717 1589 1750 1649 et

956 1684 1134 1762 episcopis,
1148 1687 1223 1758 etc,
1246 1685 1386 1748 salutem
1404 1685 1436 1747 et
1455 1686 1672 1763 apostolicam
1688 1684 1750 1746 be-

956 1782 1189 1844 nedictionom.

997 1879 1033 1941 Si
1059 1879 1236 1956 diligenter
1261 1881 1448 1950 attenditis,
1471 1882 1594 1958 quanta
1620 1879 1751 1941 dilectis

956 1977 1035 2038 liliis
1067 1976 1225 2039 iratribus
1260 1977 1435 2054 hospitalis
1472 1979 1602 2039 Sanctae
1632 1977 1749 2038 Marlae

956 2073 1235 2137 'theutonicorum
1251 2075 1545 2153 Hierosolymitani
1562 2075 1751 2136 reverentia

957 2171 1126 2246 debeatur,
1143 2189 1322 2250 numquam
1337 2173 1390 2234 bis
1403 2173 1619 2235 inveniemini
1632 2189 1751 2250 graves

957 2271 1101 2334 existere
1114 2271 1172 2332 aut
1182 2271 1325 2343 molesti,
1338 2272 1396 2348 qui
1411 2271 1644 2332 sustentationi
1655 2273 1689 2332 et
1700 2287 1755 2332 rc·

957 2367 1094 2443 trigorio
1118 2383 1301 2445 pauperum
1317 2367 1370 2445 pia
1386 2369 1570 2430 noscuntur
1588 2369 1753 2429 sollicitu-

957 2463 1034 2524 dine
1048 2463 1240 2540 mancipati.
1263 2463 1424 2535 Quoniam
1445 2463 1548 2540 igitur
1561 2464 1662 2525 iidem
1678 2463 1751 2528 lra-

957 2561 1025 2623 tres
1053 2561 1095 2622 ad
1122 2560 1186 2622 hoc
1215 2560 1445 2639 principaliter
1463 2561 1646 2632 elaborant,
1666 2561 1752 2623 utse

958 2659 1083 2735 pariter
1108 2659 1142 2720 ot
1164 2659 1286 2730 omnia,
1315 2675 1388 2736 qnae
1414 2659 1601 2736 acquirunt,
1624 2658 1753 2720 deuotis

958 2755 1125 2832 ohsequiis
1145 2771 1327 2833 pauperum
1351 2756 1496 2832 undique
1515 2756 1753 2818 confluentium

958 2853 1135 2930 diligenter
1153 2853 1360 2930 impendant;
1391 2853 1644 2917 universitatem
1669 2869 1751 2915 res-
1874 2895 1887 2902 -

957 2952 1042 3014 tram
1064 2965 1236 3013 monemus
1260 2952 1418 3013 attentius
1432 2953 1465 3014 et
1479 2967 1539 3028 per
1560 2951 1751 3028 Apostolica

957 3048 1056 3110 vobis
1066 3049 1189 3126 scripta
1204 3049 1429 3126 praecipiendo
1446 3049 1651 3122 mandamus,
1669 3065 1753 3127 qua-

957 3147 1047 3208 tinus
1057 3146 1100 3208 ab
1111 3146 1258 3224 ipsorum
1272 3147 1521 3223 gravaminibus
1534 3147 1750 3221 abstinentes,

958 3244 999 3306 ad
1015 3245 1146 3312 solatia,
1164 3261 1237 3322 qnae
1253 3261 1313 3321 pro
1327 3259 1509 3322 pauperum
1524 3245 1753 3308 consolatione

958 3343 1142 3420 requirunt,
1156 3344 1300 3405 rostram
1317 3344 1426 3420 potius
1442 3359 1557 3406 curam
1571 3343 1605 3406 et
1621 3341 1752 3406 sollici-

958 3439 1106 3503 tudinem
1127 3441 1345 3512 convertatis
1369 3441 1451 3503 etin
1473 3441 1526 3502 bis
1541 3457 1615 3520 quae
1640 3441 1752 3504 domui

959 3553 1073 3603 eorum
1089 3537 1130 3600 ab
1139 3538 1306 3616 aliquibus
1317 3538 1470 3606 fidelibus
1480 3541 1572 3600 sanis
1580 3539 1633 3602 vel
1643 3553 1754 3615 aegro-

959 3636 1338 3708 lantibusoonteruntur,
1348 3637 1418 3697 sive
1429 3637 1674 3707 convalescant,
1681 3637 1754 3698 slve

958 3733 1044 3810 apud
1055 3733 1143 3794 alios
1156 3731 1320 3809 recipiant
1329 3733 1545 3810 sepulturam,
1558 3733 1643 3793 nihil
1658 3731 1753 3796 uobis

959 3833 993 3892 in
1021 3845 1136 3892 eorum
1155 3831 1276 3892 domus
1295 3831 1525 3909 praejudicium
1544 3830 1752 3904 vendicetis;

959 3945 1018 4006 pro
1032 3927 1245 4007 parochianis
1260 3929 1370 3990 summ
1385 3929 1516 4000 vestris,
1527 3929 1584 4006 qui
1598 3927 1755 3994 uidelicet

959 4026 999 4088 ad
1013 4028 1162 4089 extrema
1177 4026 1309 4089 deducti
1319 4027 1354 4086 in
1369 4027 1569 4088 coemeteriis
1579 4027 1755 4104 hospitalis

959 4123 1239 4187 Tbeutonioorum
1273 4124 1435 4201 elegerim
1457 4125 1604 4202 sepeliri,
1635 4125 1754 4202 quarta

960 4222 1087 4284 tantum
1107 4222 1180 4284 sitis
1205 4221 1396 4284 testamenti
1422 4223 1574 4300 portione
1593 4221 1752 4296 contenti,

961 4336 1021 4382 nec
1047 4319 1138 4381 aliud
1163 4336 1222 4397 pro
1250 4320 1333 4398 ipsis
1353 4335 1374 4382 a
1391 4323 1461 4398 jam
1481 4319 1579 4382 dictis
1595 4319 1755 4382 iratribus

960 4418 1102 4496 exigatis
1114 4434 1179 4479 non
1190 4419 1408 4495 impedientes
1424 4419 1598 4480 occasione
1609 4418 1756 4496 qualibet

961 4517 1293 4594 sepulturam,quam
1308 4516 1357 4578 eis
1383 4516 1644 4578 misericorditer
1656 4516 1756 4578 duxi-

961 4629 1034 4675 mus
1049 4613 1295 4690 indulgendam,
1313 4629 1355 4676 ex
1370 4629 1434 4691 quo
1450 4613 1666 4690 praetaxatam
1682 4629 1756 4693 par·

960 4711 1026 4773 tem
1041 4727 1100 4788 pro
1113 4711 1182 4772 illis
1196 4710 1360 4783 ecclesiis,
1375 4725 1395 4770 a
1412 4710 1531 4788 quibus
1549 4712 1754 4775 mortuorum

962 4823 1101 4885 corpora
1121 4809 1346 4881 assumuntur,
1372 4807 1515 4870 fideliter
1540 4808 1754 4886 resignarint.

963 4909 1000 4966 ln
1015 4905 1194 4967 bisantem
1214 4905 1446 4984 eleemosynis,
1463 4921 1536 4984 quas
1551 4906 1684 4983 pietatIs
1699 4905 1757 4966 in-

961 5004 1048 5067 tuitu
1063 5003 1297 5082 praedictorum
1327 5003 1466 5066 fratrum
1494 5004 1642 5064 domuia
1664 5001 1756 5064 sanis

964 5102 996 5164 et
1009 5101 1095 5164 bene
1115 5101 1304 5164 valentibus
1325 5100 1550 5172 conternntur,
1565 5115 1662 5162 nemo
1677 5117 1757 5163 res-

963 5201 1243 5278 trumpraesumat
1263 5199 1409 5276 aliquam
1434 5197 1497 5258 sibi
1523 5198 1658 5274 exigere
1674 5213 1756 5276 por-

963 5299 1097 5360 tionem.
1115 5297 1232 5358 Exilia
1244 5313 1324 5359 vcro
1338 5296 1468 5374 quarta,
1485 5311 1558 5372 quae
1574 5295 1667 5357 robis
1678 5311 1760 5358 con·

965 5395 1096 5458 ceditur
1129 5394 1304 5471 exigenda,
1326 5409 1420 5454 arma
1447 5395 1480 5454 et
1512 5409 1615 5470 equos
1650 5393 1761 5471 excipi

965 5490 1116 5553 uolumus
1124 5494 1158 5551 et
1168 5488 1374 5560 mandamus,
1385 5503 1458 5565 qrrae
1469 5487 1636 5564 praedictae
1648 5487 1759 5550 domui

965 5587 1005 5650 ad
1032 5586 1259 5649 defensionem
1285 5587 1383 5648 terrae
1408 5584 1762 5662 liierosolymitanaea
