3988 6306
111 252 177 310 273
577 263 584 272 “
734 255 961 318 EPlsuOLAE.
986 259 1064 319 LIB.
1088 261 1142 320 lv.
1707 273 1774 334 274

111 409 245 488 imponi
268 410 449 484 silentium,
466 413 499 472 et
522 411 673 474 eumdem
697 415 861 490 compesci
888 416 917 477 si
972 417 1767 510 supradictisabsolvit.Nosergosuditorisprae-

111 523 189 578 voa,
214 510 273 569 aut
292 508 531 569 monasterium
549 511 695 571 vestrum
719 525 819 587 super
837 528 918 589 prae-
971 515 1051 578 dicti
1066 519 1264 580 sententiam
1278 523 1384 582 ratam
1396 521 1767 598 habenteseamaucto·

112 605 233 665 missis
254 605 395 666 ulterius
415 605 617 678 molestaret,
637 622 677 669 ac
699 609 851 686 compelli
876 611 916 671 ad
971 613 1070 676 ritate
1084 616 1272 692 Apostolica
1288 618 1577 694 confirmamus,et
1590 626 1765 700 praesentis
1803 697 1806 706 y

111 701 344 764 restituendas
357 717 535 780 expensae,
551 704 725 782 dequibus
749 706 916 768 solvendis
972 710 1085 788 scripti
1099 713 1284 789 patrocinio
1297 717 1550 780 communimus.
1571 720 1663 782 Nulli
1672 737 1763 798 erge,

112 799 321 874 praestiterat
346 801 547 875 cautionem,
566 804 598 862 et
623 803 691 864 tam
720 801 807 875 illas,
835 821 917 881 quas
971 808 1090 884 ato.;.si
1103 811 1177 887 quis
1191 812 1312 885 autem,
1325 814 1515 878 etcbatum
1525 819 1628 880 Reate
1649 821 1679 879 Χ
1695 819 1763 880 kal.

111 894 197 958 iacit
230 896 270 957 sd
304 897 424 959 Sedem
456 898 681 975 apostolicam
716 899 914 974 laborando,
971 909 1103 984 augusti
1120 909 1329 985 pontificatus
1344 913 1450 974 nostri
1464 915 1673 979 annotertio.

112 1009 218 1070 quam
232 1009 288 1056 aas
305 995 341 1056 in
362 994 482 1071 mribus
499 1011 574 1057 eum
593 998 916 1076 Atrebatemjudices
1012 1005 1190 1081 Superbos
1205 1008 1364 1084 scriptum
1375 1011 1425 1072 est
1435 1013 1763 1076 conservatoribus...

111 1091 393 1155 condemnarunt.
424 1094 529 1166 Quum
557 1094 671 1172 itaque
693 1111 793 1174 super
813 1095 918 1161 biset
972 1102 1084 1165 Sancti
1100 1104 1249 1176 Quintini
1265 1105 1300 1167 in
1316 1107 1427 1168 Insula
1450 1109 1520 1170 et...
1543 1110 1656 1173 Sancti
1676 1113 1763 1174 Pro-

111 1189 196 1250 aliis
212 1204 327 1252 coram
339 1189 454 1251 eodem
470 1189 621 1253 auditore
636 1193 813 1269 propositis
827 1193 915 1256 tuis·
967 1199 1048 1275 jacti
1062 1199 1235 1263 abbatibus
1256 1203 1289 1264 et
1308 1203 1518 1266 thesaurario
1535 1208 1647 1270 Sancti
1659 1210 1765 1281 Quin-

110 1287 167 1348 set
194 1287 322 1348 diutius
343 1287 558 1364 disputatum,
579 1288 713 1352 auditor
734 1291 805 1368 ipse
828 1291 916 1355 dicto
970 1296 1032 1358 tini
1045 1297 1241 1360 Noviomen.
1257 1298 1425 1362 dioecesis.

109 1383 311 1462 presbytero
333 1384 412 1447 lecit
430 1400 490 1462 per
513 1384 669 1448 dilectum
689 1387 795 1449 illium
816 1391 917 1453 Jaco-
1011 1395 1283 1473 proponentibus,
1299 1398 1374 1470 etc.,
1395 1414 1502 1473 usquc
1521 1398 1673 1464 absolvit.
1696 1403 1765 1464 Nos

108 1480 193 1541 bum
211 1482 420 1560 capellanum
431 1483 465 1544 et
477 1482 758 1560 poenitentiarium
767 1490 923 1551 nostrum
970 1507 1050 1568 ergo
1078 1493 1240 1556 auditoris
1264 1495 1414 1572 praedicti
1440 1497 1638 1560 sententiam
1658 1501 1765 1562 ratam

110 1595 240 1640 munus
254 1578 474 1642 absolutionis
495 1580 655 1658 impendi3
680 1584 713 1645 et
736 1582 914 1661 allegatio·
972 1589 1140 1664 babentes,
1164 1591 1357 1654 discretioni
1372 1596 1490 1656 vestrae
1501 1611 1562 1674 per
1575 1596 1765 1673 apostolica

112 1676 219 1738 nibus
245 1676 486 1739 strationibus
510 1679 807 1758 utriusquepartis
833 1683 914 1744 dili·
971 1688 1093 1765 scripta
1124 1689 1318 1751 mandamus
1347 1693 1509 1769 quatenus
1535 1709 1608 1754 eam
1634 1693 1765 1756 iacietis

112 1776 238 1849 genter
251 1776 422 1850 inspectis,
436 1774 548 1837 habito
566 1775 705 1840 consilio
720 1777 915 1841 dilectorum
970 1800 1029 1862 per
1037 1801 1210 1848 censuram
1219 1788 1766 1867 ecclesiasticamappellationem·

111 1870 265 1932 tiliorum
283 1874 469 1933 nostrorum
488 1874 525 1934 G.
545 1873 634 1936 tituli
651 1876 761 1937 Sancti
780 1877 916 1940 Martini
970 1884 1058 1945 mota
1076 1883 1217 1947 tirmiter
1230 1884 1413 1948 observari.
1435 1887 1712 1960 contradictores,
1736 1889 1766 1950 si

110 1974 144 2030 st
172 1971 210 2031 J.
238 1969 327 2031 tituli
355 1971 485 2032 Sanctae
501 1971 632 2033 Sabinae
649 1973 916 2050 presbyterorum
970 1979 1026 2056 qui
1054 1980 1195 2054 luerint,
1223 1982 1276 2044 vel
1304 1983 1464 2057 rebelles,
1493 1999 1635 2046 censura
1662 1985 1764 2046 simili

110 2066 351 2138 cardinalium,
389 2066 596 2146 aliorumque
631 2069 840 2146 prudentum,
875 2071 916 2137 de
971 2078 1763 2155 compescendo.erodsinonomnas,eto.natum

112 2163 258 2240 speciali
282 2165 436 2227 mandato
457 2167 572 2226 nostro
593 2168 836 2231 sententialiter
854 2169 915 2232 de·
971 2177 1134 2253 utsupra.

112 2262 227 2324 crevit
243 2261 393 2323 eumdem
411 2261 638 2341 presbyterum
654 2279 720 2326 non
734 2280 810 2328 asse
824 2267 917 2329 resti·
1305 2266 1431 2354 (ΚΜ

112 2359 278 2420 tuendum
289 2360 329 2421 ad
341 2358 529 2437 hujusmodi
540 2360 751 2437 probationes
761 2365 913 2438 omissas,
1012 2383 1061 2444 Aa
1072 2383 1251 2444 promum
1263 2383 1505 2446 ,apamensem
1518 2387 1723 2460 emmam,

114 2473 179 2519 nec
195 2457 396 2518 audiendum
410 2473 449 2520 ac
461 2457 721 2536 impugnandum
733 2462 915 2524 sententias
1266 2485 1466 2560 ”jugum
1698 2555 1701 2566 ¹

110 2555 266 2632 judicum
289 2555 534 2633 praedictorum,
558 2556 731 2636 ipsumque
757 2560 915 2622 condem·
1108 2583 1218 2649 pssum,
1230 2582 1295 2634 par„
1308 2584 1336 2634 ,f
1347 2584 1485 2642 name,
1502 2584 1624 2650 mm]
1869 2645 1870 2648 Ἴ

114 2669 202 2714 nans
217 2635 259 2712 ad
274 2652 473 2715 solutionem
486 2654 599 2716 decem
610 2654 770 2716 librarum
781 2656 915 2720 fortium
1011 2664 1109 2754 (vide
1142 2676 1268 2744 Quinta
1295 2677 1507 2749 compttatto,
1539 2676 1597 2737 lib.
1624 2680 1678 2748 lV,
1713 2681 1764 2740 Dc

115 2751 149 2812 in
176 2749 296 2828 quibus
321 2765 342 2812 a
365 2750 534 2828 judicibus
562 2753 803 2816 cathalaunen.
834 2771 917 2817 cou-
970 2765 1199 2838 sponsalibus,
1215 2766 1256 2824 cte
1270 2764 1505 2836 matrimonio,
1522 2780 1595 2842 cap.
1612 2766 1641 2826 ΙΙ
1656 2768 1766 2827 :Cort-

115 2847 292 2911 demnatus
303 2849 470 2922 extiterat,
482 2865 557 2912 eum
570 2850 604 2911 in
615 2850 691 2912 aliis
702 2851 915 2929 petitionibus
968 2851 1146 2914 saltationi
1158 2851 1237 2924 tuse,
1253 2852 1277 2912 t.
1296 2853 1321 2925 l,
1338 2851 1399 2914 col.
1416 2849 1505 2931 336.)

621 3463 852 3589 LIBER
907 3461 1270 3612 QUARTUS

843 3737 1045 3756 -r-n—

310 3945 377 4034 ult
412 3947 553 4036 ANNO
592 3945 797 4080 QUARTO
835 3945 1057 4034 HONORII
1092 3946 1154 4033 ΙΙΙ
1191 3943 1569 4034 PONTIFIGATUS.

152 4173 183 4230 ln
201 4187 278 4230 suno
299 4181 400 4246 quarto
416 4174 607 4244 pontificatus,
624 4175 652 4234 id
672 4183 717 4235 est
732 4183 869 4252 vergente
884 4177 913 4233 in
970 4174 1035 4245 Sed,
1052 4180 1203 4249 postquam
1219 4173 1281 4232 beo
1294 4173 1355 4232 orbi
1374 4173 1531 4232 christiano
1549 4173 1649 4231 litteris
1662 4187 1762 4231 cruce·

119 4261 201 4318 tinem
221 4277 300 4319 anno
317 4262 420 4322 Christi
439 4265 519 4335 lats,
539 4267 731 4340 crucesignati
752 4265 912 4325 Damietam
967 4263 1075 4338 signati
1102 4263 1347 4336 significaverunt,
1372 4277 1456 4336 opem
1481 4263 1677 4335 implorantes,
1704 4276 1760 4363 nou

118 4357 274 4422 mpetum.
286 4353 448 4411 NsmNilus
461 4369 517 4411 nun
529 4370 608 4414 more
618 4357 711 4424 solito,
723 4357 812 4425 aiunt,
823 4361 913 4413 terras
965 4351 1026 4427 jam
1046 4366 1122 4410 anno
1145 4352 1243 4425 elapso
1262 4366 1294 4409 se
1317 4358 1468 4409 senserunt
1489 4351 1675 4424 pregravsri,
1691 4357 1719 4408 et
1734 4365 1763 4452 m

118 4438 316 4508 inundaverat,
330 4447 359 4498 et
375 4440 479 4499 tamem
498 4444 737 4516 pertimescebant
751 4447 912 4514 sarraceni,
967 4456 1035 4498 oasu
1051 4439 1137 4499 dubio
1157 4455 1217 4498 rem
1233 4446 1321 4498 totam
1338 4454 1403 4496 esse
1422 4440 1616 4509 constitutam,
1632 4440 1764 4513 promissi

118 4529 166 4599 pri
193 4543 318 4602 magnas
346 4531 444 4603 copias
468 4532 643 4606 collegerant
661 4541 692 4590 ut
718 4535 777 4590 suis
796 4535 824 4590 in
842 4533 912 4592 urbe
968 4544 1120 4587 succursus
1131 4529 1155 4586 si
1170 4543 1221 4586 sua
1234 4543 1286 4601 spe
1301 4525 1514 4585 frustrarentur.

118 4617 233 4674 inclusis
254 4625 461 4677 succurrerent.
484 4622 603 4695 insuper
626 4623 719 4680 stertit
740 4623 829 4695 pestis
856 4637 912 4696 qus
1003 4621 1124 4684 Interes,
1154 4616 1229 4675 idem
1252 4614 1381 4676 Pontifex
1404 4617 1563 4686 Honorius,
1598 4615 1759 4676 indet'essus

117 4707 278 4764 miserrime
291 4707 459 4765 interierunt
477 4708 596 4780 obsessi,
613 4725 734 4783 quorum
750 4711 812 4784 plus
827 4726 912 4784 quam
967 4708 1126 4766 stimulator
1145 4705 1210 4763 belli
1235 4705 1372 4764 adversus
1393 4706 1567 4764 Sarracenos
1589 4705 1618 4762 in
1635 4707 1761 4776 Oriente,

117 4796 168 4851 tria
184 4797 273 4853 millia
299 4809 450 4869 corporum
469 4798 498 4854 io
518 4799 619 4871 plateis
638 4800 763 4872 jacentis
783 4807 812 4857 et
834 4801 911 4858 inse·
969 4797 1114 4869 Hispania
1132 4793 1235 4854 Christi
1257 4793 1355 4851 ildeles
1376 4793 1514 4853 adversus
1528 4795 1644 4853 blsuros
1657 4797 1764 4854 excita·

118 4885 192 4955 pulta
208 4883 360 4942 christiani
371 4884 551 4944 invenerunt.
561 4889 814 4960 Igiturcivitsssic
830 4897 912 4962 capta
967 4886 1024 4942 bet.
1041 4883 1095 4942 Sed
1110 4882 1240 4942 illudiuit
1251 4882 1436 4941 memorabile
1450 4881 1525 4955 quod
1536 4885 1765 4942 blirsmomslino

117 4982 169 5044 est,
185 4973 295 5047 absque
313 4973 467 5042 deditione,
487 4976 550 5033 sine
568 4975 746 5048 defensione,
767 4979 830 5036 siue
850 4978 911 5034 vio·
967 4972 1123 5046 Albujacob
1149 4972 1272 5045 scripsit,
1293 4979 1324 5028 ut
1342 4971 1406 5038 sibi,
1433 4973 1477 5030 vel
1503 4973 1597 5044 potius
1620 4972 1767 5046 discipulis

118 5062 191 5120 lenta
207 5061 422 5136 depredatione,
436 5063 499 5122 sine
513 5065 644 5135 tumultu,
656 5075 686 5124 ut
697 5066 751 5124 soli
763 5066 834 5124 Filio
849 5066 910 5136 Dei,
967 5061 1069 5122 Christi
1083 5063 1170 5119 talem
1185 5063 1277 5119 virum
1292 5061 1467 5120 corboiliaret.
1484 5064 1594 5130 lituos,
1613 5062 1653 5119 sit
1667 5063 1763 5120 llouo·

119 5151 206 5224 iuquit
219 5150 399 5223 Godeiridus,
414 5153 529 5211 victorie
545 5153 695 5226 tribustm;
708 5161 736 5212 et
747 5155 782 5213 ad
796 5155 911 5228 triginta
967 5153 1034 5215 rius,
1052 5151 1175 5224 patimur
1189 5151 1368 5208 innumeram
1380 5150 1454 5224 legis
1469 5159 1524 5207 tum
1537 5149 1685 5208 hominurn
1697 5153 1767 5210 mul·

118 5241 216 5310 millm,
228 5241 272 5298 vel
285 5241 418 5315 emplius,
430 5242 449 5299 ii
461 5249 528 5300 sunt
542 5242 725 5316 computandi
740 5243 797 5316 qui,
812 5245 913 5302 utrius·
966 5239 1127 5308 titudinem,
1143 5255 1211 5298 suos
1239 5239 1309 5297 ritus
1332 5239 1405 5297 inter
1419 5237 1591 5296 christianos
1606 5241 1727 5313 populos
1739 5249 1769 5300 et

119 5344 171 5401 que
185 5345 281 5398 sexus,
294 5331 357 5386 sine
369 5328 443 5388 lerro
454 5336 482 5388 et
494 5331 573 5403 igue,
585 5345 600 5388 a
610 5338 739 5404 tempore
754 5329 912 5390 obsidionis
966 5329 1137 5387 christianas
1164 5329 1299 5402 regiones
1322 5342 1467 5385 exercere.
1484 5327 1567 5386 Unde
1581 5343 1696 5402 aequum
1711 5339 1767 5402 est,

119 5419 270 5490 perierunt.
293 5416 408 5476 Addunt
433 5419 586 5492 scriptores
606 5435 700 5477 rerum
726 5421 910 5478 Orientalium
965 5420 995 5477 in
1017 5417 1072 5475 boc
1099 5424 1203 5474 uostris
1226 5432 1261 5474 sc
1282 5424 1338 5473 tuse
1352 5417 1449 5490 gentis
1464 5417 1571 5475 nonsit
1586 5417 1765 5493 dispsrcon·

119 5508 422 5565 statimbeoexcitatss
431 5508 911 5580 consecratusqueeoolesiasluisse
965 5507 1045 5576 ditio,
1059 5503 1203 5564 hincinde
1217 5504 1253 5563 sd
1264 5505 1450 5562 immanitatis
1463 5507 1607 5566 solatium.
1621 5510 1694 5567 Nam
1712 5511 1768 5567 lto·

120 5604 146 5652 et
168 5597 276 5654 cultum
301 5595 447 5670 religionis
467 5611 541 5655 versa
561 5598 590 5655 in
615 5598 744 5656 Dumiata
771 5599 907 5659 tlorulsse.
966 5597 1035 5655 mim
1061 5603 1104 5654 ost
1124 5602 1197 5653 terra
1213 5605 1242 5653 et
1263 5593 1409 5668 plomtudo
1424 5593 1497 5668 eius.
1522 5597 1591 5667 Qum
1606 5597 1691 5656 verba
1708 5613 1766 5658 ma·
