4088 6306
102 361 154 418 157

100 518 324 581 sollicttudiue
348 518 573 594 dignaremur.
591 522 697 591 Quum
718 519 820 596 igitur
834 520 898 582 dn-

99 616 189 678 bium
216 631 284 678 non
310 617 444 688 existat,
473 616 558 694 quod
584 618 641 678 tua
667 617 774 680 virtus
798 618 895 694 atque

99 715 232 775 devotio
255 714 377 776 multos
400 713 461 775 tibi
486 714 617 791 peperit
641 715 807 788 inimicos
836 731 896 778 nos

97 811 251 873 volentes
269 826 384 872 eorum
403 811 539 873 obviare
554 812 690 874 malitiae
706 813 740 872 in
754 813 896 875 articulo

99 909 295 986 praenotato,
308 909 520 986 praesentium
534 909 594 970 tibi
609 911 806 972 auctoritate
817 925 898 972 con-

98 1006 259 1078 cedimus,
287 1007 333 1078 ut,
364 1006 523 1083 quamdiu
554 1022 666 1068 coram
697 1008 896 1084 Apostolicae

99 1105 196 1166 Sedis
211 1105 321 1180 legato
333 1105 368 1164 in
384 1104 452 1166 illis
463 1104 610 1182 partibus
621 1105 786 1168 existente
797 1121 897 1183 para-

98 1205 151 1264 tus
174 1202 281 1264 tueris
304 1202 344 1263 de
369 1204 402 1264 te
430 1202 708 1279 conquerentibus
735 1203 895 1265 exhibere

93 1298 236 1373 justitia
256 1297 541 1374 complementum,
565 1313 631 1358 non
654 1297 800 1360 tenearis
823 1299 897 1360 cui-

96 1411 198 1472 quam
221 1394 282 1456 sub
301 1395 369 1456 allo
394 1395 607 1471 respondere,
624 1395 691 1456 nisi
707 1395 821 1458 forsan
836 1412 895 1474 per

97 1493 229 1553 litteras
257 1509 340 1570 quae,
371 1509 391 1554 a
419 1493 502 1554 Sede
527 1493 719 1569 Apostolica
740 1493 780 1556 de
804 1497 894 1556 certa

96 1591 241 1652 scientia
271 1591 483 1662 emanantes,
506 1591 637 1668 plenam
670 1591 710 1652 de
738 1592 894 1669 praesenti

97 1689 316 1750 concessione
341 1689 464 1751 sacient
493 1689 708 1764 mentionem3
741 1690 770 1750 si
797 1707 893 1766 quam

96 1801 179 1848 vero
195 1787 393 1848 sententiam
406 1787 441 1848 in
455 1787 488 1850 te
500 1787 553 1848 vel
568 1788 691 1848 terram
709 1787 799 1848 tuam
815 1804 896 1850 con-

95 1889 148 1944 tra
164 1884 312 1961 ejusdem
328 1885 555 1946 concessionis
569 1884 739 1946 munimen
750 1886 894 1961 contige·

95 1982 141 2042 rit
165 1981 382 2058 promulgari,
404 1997 478 2044 eam
502 1982 711 2043 decernimus
732 1998 799 2044 non
823 1999 896 2044 ser-

95 2079 253 2140 vandam.

135 2177 233 2238 Nulli
256 2192 335 2253 ergo
357 2177 458 2238 liceat
481 2177 567 2238 banc
592 2178 747 2255 pagiuam
769 2178 894 2239 nostrae

95 2275 819 2352 concessionisetconstitutionisintringere,
830 2276 892 2337 etc.

136 2373 257 2434 Datum
273 2372 440 2444 Laterani,
456 2375 533 2434 VIII
548 2372 622 2432 idus
644 2372 767 2446 martii,
784 2373 895 2450 ponti-

94 2470 217 2531 ficatus
230 2471 335 2532 nostri
350 2485 437 2532 anno
451 2471 560 2532 tertio.

411 2619 599 2710 CXLVII.

94 2758 149 2816 Act
160 2756 365 2816 abbatissam
378 2755 411 2816 et
425 2758 591 2818 oaoaialas
604 2755 710 2830 foratis
728 2757 892 2817 baratarii.

379 2869 410 2927 ll
431 2877 514 2926 mart.
536 2869 614 2926 litt.

193 2974 204 3037 Ι
206 2976 327 3038 bouquet,
341 2974 443 3026 bernaii
458 2974 501 3024 des
512 2974 586 3030 illst,
599 2980 618 3024 t.
630 2976 697 3032 XIX,
706 2973 801 3039 p.bl¹9;

300 3056 409 3118 Regest„
425 3054 470 3104 lib.
481 3056 523 3113 ΙΙΙ,
541 3055 614 3119 epist.
625 3055 693 3119 333]

96 3146 192 3202 liuilni
207 3159 319 3217 quoque
334 3159 350 3201 a
366 3145 509 3200 vicesimae
520 3143 593 3201 dicta
606 3144 787 3216 praestatione
799 3143 896 3202 Fontis

132 3233 260 3290 lilnaodi
286 3233 490 3290 monasterium
515 3232 596 3306 jubet
615 3232 757 3290 Honorius
781 3239 896 3306 propter

131 3324 246 3379 Iliorum
259 3322 403 3394 virginum
419 3323 637 3379 sanctimoniam
649 3329 678 3378 et
688 3330 893 3395 paupertatem.

134 3430 306 3492 Honorius
330 3431 544 3507 episcopua...
562 3429 693 3492 dilectis
708 3431 743 3490 in
766 3431 895 3494 Christo

95 3527 243 3600 filiabus,
276 3527 453 3589 abbatissae
491 3530 523 3589 el
555 3528 755 3588 monialibus
783 3529 896 3591 Fontis

95 3625 256 3696 Ebraudi,
274 3625 426 3698 salutem,
444 3627 506 3687 etc.

136 3723 207 3784 Etsi
231 3723 332 3785 tuerit
353 3723 389 3783 in
404 3722 552 3799 generali
572 3723 719 3784 Concilio
736 3725 899 3806 constitu-

94 3823 179 3892 tum,
202 3821 238 3881 ut
254 3821 484 3882 universorum
504 3819 805 3882 ecclesiasticorum
820 3837 899 3898 pro-

95 3921 258 3980 ventuum
279 3917 437 3979 vicesima
455 3918 491 3978 in
510 3920 622 3979 Terrae
638 3919 768 3980 Sanctae
783 3919 897 3980 subsi-

95 4017 190 4076 dinm
203 4015 389 4093 deputetur,
413 4015 609 4093 quibusdam
633 4016 795 4078 duntaxat
816 4017 899 4078 reli-

95 4113 201 4190 gtosis
223 4112 385 4190 exemptis
406 4113 448 4174 ab
470 4113 533 4174 hac
547 4114 762 4191 praestatione
777 4114 897 4177 merito

96 4210 295 4283 eximendis,
319 4210 408 4290 quia,
432 4212 519 4273 sicut
538 4227 581 4272 ex
595 4212 813 4289 quorumdam
829 4211 899 4274 lra-

96 4308 187 4368 trum
202 4309 391 4370 nostrorum
413 4308 599 4370 assertione
619 4308 715 4368 nobis
739 4309 894 4380 innotuit,

96 4403 337 4466 monasterium
351 4407 498 4467 vestrum
520 4406 554 4466 et
569 4421 699 4482 magnae
722 4404 897 4482 religionis

97 4502 201 4564 odore
216 4501 390 4580 praetulget
402 4503 435 4566 et
448 4503 552 4565 nimia
566 4503 761 4581 paupertate
775 4518 898 4580 grava-

97 4603 163 4670 tur,
192 4600 233 4662 de
259 4600 396 4677 speciali
424 4601 532 4676 gratia
564 4601 657 4662 Sedis
687 4602 895 4677 apostolicae,

98 4715 157 4759 vos
178 4714 198 4758 a
218 4699 431 4774 praestatione
454 4699 622 4760 vicesimae
646 4699 802 4759 duxtmus
824 4700 898 4760 exi-

98 4795 249 4867 mendas,
267 4795 449 4858 districtius
460 4795 710 4867 iubibentesme
721 4797 896 4874 quisquam

98 4909 158 4954 vos
175 4893 418 4955 audeatcontra
429 4897 576 4954 tenorem
590 4893 805 4970 indulgentiae
818 4910 898 4955 nos-

98 4993 158 5050 trae
186 5005 287 5066 snper
312 4991 374 5052 boc
399 4991 439 5050 de
466 4993 585 5052 eaetero
612 4991 800 5058 molestare,
831 5007 897 5051 non

100 5087 262 5159 obstante,
286 5089 371 5164 quod
389 5087 556 5160 nobilibus
570 5088 654 5148 viris
669 5088 783 5149 comiti
803 5090 897 5148 blar-

100 5185 184 5245 cbiae
199 5183 246 5263 (1)
260 5187 292 5246 et
307 5187 339 5245 S.
359 5184 406 5264 (2)
420 5184 654 5247 deldaloleone
665 5185 897 5262 crucesignato

100 5283 292 5342 vicesimam
325 5283 531 5343 Pictavensis
560 5283 732 5350 diaecesis,
767 5283 803 5343 in
833 5299 897 5360 qua

100 5380 339 5441 monasterium
354 5380 501 5442 vestrum
517 5380 616 5442 situm
640 5395 713 5440 esse
728 5379 898 5456 dignosci-

100 5479 164 5548 tur,
182 5477 413 5538 mandavimus
438 5477 596 5554 asignari.
620 5478 712 5539 Nulli
730 5493 810 5553 ergo
827 5493 898 5537 om-

102 5575 180 5635 nino
196 5574 365 5637 hominum
384 5574 482 5637 liceat
499 5575 584 5636 hanc
605 5575 758 5652 paginam
776 5576 910 5658 nostrae

152 5697 311 5770 (llllugoni
327 5695 362 5754 de
378 5697 538 5754 Leainlaoo.

723 361 950 423 EPISTOLAE.
970 363 1052 422 LIB.
1077 365 1133 424 III.

1694 375 1751 436 158

951 520 1125 584 inbitionis
1154 525 1187 584 el
1219 523 1435 602 indulgentiae
1461 527 1653 606 intringere,
1684 533 1746 594 etc.

952 621 1070 680 Datum
1084 622 1239 683 Laterani
1256 625 1282 684 V
1297 623 1373 685 idus
1391 627 1513 698 martii,
1528 643 1617 690 anno
1636 631 1746 692 tertio.

1254 774 1449 862 CXLVIII

1049 908 1103 966 Ad
1121 910 1415 983 arciepiscopatu
1438 913 1647 975 Cretensem.

1231 1023 1262 1078 ΙΙ
1276 1023 1368 1079 martii
1389 1025 1467 1082 lala.

982 1121 1050 1186 [blas.
1062 1123 1137 1174 londa
1149 1127 1594 1192 aureas,t.1180,p.ala.aibli0m
1607 1133 1717 1198 astion]

916 1210 918 1214 ’
951 1221 1082 1296 Indulget
1095 1231 1125 1280 ut
1144 1223 1180 1282 ad
1198 1230 1312 1298 tempus
1326 1233 1421 1284 teneat
1438 1229 1633 1303 episcopatum
1653 1233 1748 1341 §ancti

1314 1313 1387 1371 Miri.

988 1409 1169 1482 Honorius,
1187 1412 1261 1483 etc,
1279 1411 1531 1492 archiepiscopo
1547 1418 1675 1478 Creten.

989 1507 1092 1568 Notas
1106 1523 1272 1585 exponere
1288 1513 1484 1586 procurasti,
1494 1514 1580 1590 quod
1601 1531 1675 1575 cum
1690 1533 1750 1576 ve-

949 1604 1109 1666 nerabilis
1123 1605 1351 1668 fraternoster
1364 1611 1401 1668 P.
1414 1609 1613 1672 Albanensis
1623 1613 1749 1688 episco-

950 1719 1021 1778 pus,
1050 1701 1226 1778 legationiS
1255 1705 1377 1766 dudum
1402 1705 1543 1783 iungens
1577 1707 1686 1770 oflicIo
1713 1711 1747 1771 io

950 1799 1098 1876 partibus
1131 1803 1318 1875 Romania,
1356 1804 1533 1880 diligenter
1563 1807 1749 1871 attenderet

949 1898 1035 1974 quod
1060 1898 1211 1960 redditus
1238 1901 1367 1962 Creten.
1394 1903 1554 1975 scelestae,
1579 1904 1633 1965 cui
1655 1905 1746 1982 prius

949 1995 1031 2056 adeo
1045 1995 1270 2058 modicierant
1285 2000 1317 2059 et
1330 1998 1459 2070 tenues,
1470 2001 1556 2077 quod
1567 2018 1610 2063 ex
1625 2003 1748 2066 eisnon

949 2095 1082 2170 poteras
1107 2094 1277 2155 commode
1302 2097 1495 2173 sustentari,
1523 2099 1748 2176 episcopatum

951 2190 1062 2251 Sancti
1076 2191 1153 2252 Miri
1168 2189 1227 2252 tibi
1242 2192 1358 2254 tandiu
1373 2195 1537 2257 concessit
1548 2195 1745 2270 babendum,

950 2287 1053 2350 donec
1072 2287 1304 2365 disponeretur
1319 2291 1417 2352 aliter
1434 2308 1494 2368 per
1511 2293 1629 2355 sedem
1642 2298 1749 2372 Apos-

948 2384 1082 2446 toIIcam
1108 2386 1148 2448 de
1177 2387 1303 2448 eodem.
1335 2389 1429 2450 Unde
1457 2389 1552 2451 nobis
1576 2389 1748 2454 humiliter

949 2481 1155 2560 supplicasti,
1173 2485 1208 2546 ut
1229 2500 1303 2545 oum
1316 2485 1424 2548 adhuc
1439 2487 1563 2548 laboris
1575 2489 1700 2568 inopia,
1716 2492 1750 2551 et

949 2581 1154 2658 paupertatis
1170 2582 1305 2643 aculeus
1317 2584 1350 2645 te
1365 2583 1504 2660 affligat,
1522 2586 1747 2664 episcopatum
1790 2648 1794 2676 ‚

948 2681 1058 2756 ipsum
1071 2679 1131 2740 tibi
1150 2680 1331 2742 concedere
1344 2681 1568 2757 dignaremur.
1592 2685 1662 2746 Nos
1683 2685 1770 2761 igi..

949 2778 1004 2838 tur
1030 2775 1098 2836 tuis
1117 2775 1265 2838 volentes
1284 2777 1538 2840 necessitatibus
1556 2780 1745 2854 subvenire,

950 2871 1122 2952 praelatum
1147 2873 1373 2950 episcopatum
1400 2875 1440 2936 de
1468 2878 1576 2952 gratia
1610 2879 1748 2955 speciali

950 2970 1064 3032 tandiu
1077 2971 1253 3031 tenendum
1270 2972 1491 3044 concedimus,
1502 2975 1606 3036 donec
1621 2975 1662 3036 de
1674 2976 1747 3052 ipso

950 3083 1011 3128 nos
1043 3067 1143 3128 aliter
1175 3067 1401 3144 disponamus
1434 3071 1552 3132 Datum
1580 3073 1747 3140 Laterani,

950 3165 1064 3243 quinto
1078 3165 1154 3226 idus
1171 3165 1294 3239 martii,
1312 3167 1524 3243 pontillcatus
1541 3169 1648 3232 nostri
1660 3187 1749 3232 anno

949 3263 1060 3326 tertio.

1107 3375 1111 3382 ’
1271 3371 1422 3459 CXLIX

1063 3505 1116 3565 Ad
1132 3505 1417 3569 Catamaaeasem
1432 3509 1638 3584 episcopum.

1233 3620 1264 3676 ΙΙ
1286 3627 1369 3676 mart.
1392 3621 1470 3677 lala.

977 3723 1094 3787 [liegesb.
1105 3723 1153 3774 lib.
1162 3724 1206 3782 III,
1223 3725 1298 3788 epist.
1309 3725 1364 3775 aab.
1375 3726 1433 3776 Mas.
1446 3725 1481 3776 La
1493 3727 1569 3776 Parte
1579 3727 1613 3777 du
1627 3729 1721 3794 lircil]

1006 3823 1042 3880 Ut
1061 3823 1089 3878 lu
1104 3821 1306 3880 ecelesiasticis
1320 3822 1467 3882 beneficiis
1482 3825 1632 3897 providere
1644 3841 1701 3884 non

1286 3920 1415 3985 cogatur.

992 4010 1170 4082 Honorius
1196 4010 1272 4082 etc,
1288 4011 1471 4072 venerabili
1496 4011 1629 4074 Iratrl...
1652 4014 1751 4076 Cata·

952 4107 1087 4168 launen.
1104 4107 1270 4185 episcope.

992 4205 1094 4267 Nobis
1119 4206 1289 4267 humiliter
1310 4207 1516 4284 supplicasti,
1533 4209 1569 4270 ut
1582 4225 1656 4270 cum
1681 4209 1744 4271 ire·

952 4304 1124 4380 quentera
1140 4302 1282 4376 clericis
1297 4321 1379 4381 quos
1400 4304 1476 4365 bon.
1503 4322 1599 4366 mem.
1620 4307 1750 4382 praede-

952 4416 1065 4462 cessor
1086 4401 1163 4462 tuus
1187 4401 1228 4464 ad
1248 4417 1362 4463 sacros
1382 4401 1516 4462 ordines
1542 4405 1749 4479 promovisse

952 4498 1167 4575 dignoscitur,
1184 4514 1244 4574 per
1266 4498 1395 4560 litteras
1421 4499 1627 4575 Apostolicas
1642 4501 1751 4577 pluri-

952 4613 1040 4656 mum
1056 4610 1155 4672 super
1176 4594 1383 4656 conterendis
1397 4596 1632 4658 scelestastmis
1648 4598 1752 4660 bene·

952 4693 1037 4754 ticiIs
1065 4692 1269 4764 molesteris,
1298 4691 1417 4770 quibus
1446 4693 1641 4756 satisfacere
1663 4713 1751 4757 nun-

952 4807 1050 4868 quam
1065 4790 1168 4868 potes,
1181 4805 1224 4850 ex
1236 4804 1275 4851 eo
1291 4790 1376 4866 quod
1392 4791 1517 4852 nullius
1530 4792 1749 4855 ecclesiastici

951 4887 1102 4950 beneficii
1127 4887 1272 4960 donatio,
1288 4888 1411 4964 praeter
1435 4889 1517 4950 duas
1543 4891 1671 4952 tantiun
1694 4908 1752 4953 ec-

952 4985 1082 5058 clesiae,
1099 4985 1139 5046 ad
1159 4986 1193 5046 te
1215 4986 1352 5061 spectat,
1368 4987 1434 5047 tuae
1450 4987 1616 5064 superbis
1632 4989 1752 5066 digna-

951 5100 1065 5145 remur
1096 5083 1299 5160 impotentiae
1329 5084 1514 5160 providere.
1549 5087 1618 5146 Nos
1648 5085 1751 5162 igitur

952 5181 1159 5244 attendentes
1172 5181 1257 5259 quod
1271 5181 1344 5256 lege
1355 5182 1538 5242 necessitas
1549 5199 1615 5243 non
1631 5184 1748 5255 arctat,

954 5277 1152 5340 auctoritate
1166 5276 1227 5340 tibi
1240 5277 1453 5354 praesentium
1472 5277 1690 5353 indulgemus,
1715 5283 1752 5342 ut

952 5375 1017 5437 nisi
1032 5374 1176 5452 aliquam
1188 5373 1420 5452 praedictarum
1436 5374 1574 5434 duarum
1590 5374 1751 5438 ecclesia-

953 5489 1025 5534 rum
1048 5488 1169 5535 vacare
1185 5471 1372 5548 contigerit,
1399 5472 1451 5532 vel
1467 5470 1609 5534 aliorum
1624 5472 1751 5534 beneti-

952 5572 1078 5634 ciorum
1091 5570 1225 5631 donatio
1240 5568 1281 5630 ad
1297 5585 1415 5630 manus
1424 5569 1498 5630 tuas
1512 5568 1692 5650 devenepit,
1708 5571 1749 5631 ad

988 5694 1027 5766 til
1049 5696 1212 5751 saraciaco.
