3978 6292
1578 301 1580 308 ¹
1644 336 1702 402 iri

75 342 127 402 ns
678 327 906 402 briareum.
930 339 1007 400 nis.
1031 340 1084 400 rv.

75 501 234 578 proposita
254 512 365 561 coram
384 513 423 560 eo
447 495 542 559 nobis
557 498 590 559 et
605 495 760 560 iratribus
775 513 855 558 nos-
909 497 1014 570 nicus‚
1035 498 1092 575 qui
1110 495 1292 558 secundum
1310 489 1451 569 Domini,
1469 499 1501 561 et
1520 498 1609 560 beati
1627 491 1699 560 ha-
1815 545 1819 548 -

74 599 128 658 tris
144 595 283 657 fideliter
292 595 472 667 retulisset,
488 608 548 655 nos
567 595 607 655 de
620 595 768 670 ipsorum
786 593 856 654 ira·
910 595 1034 670 gustini
1046 594 1195 670 regulam
1210 595 1245 655 in
1265 594 1381 656 eadem
1402 595 1543 656 ecclesia
1563 595 1700 658 institu-

74 697 153 755 trum
175 693 314 754 consilio
340 692 549 770 privilegium
569 691 678 767 ipsum
706 706 772 751 non
796 691 856 751 oh·
910 692 963 751 tus
980 707 1053 752 esse
1067 691 1282 767 dignoscitur,
1291 693 1459 768 perpetuis
1478 691 1600 754 ibidem
1621 693 1703 755 tem-

74 792 172 852 shnte
196 790 454 852 contradictione
475 787 603 866 praelati
630 787 855 864 procuratoris
911 787 1045 864 poribus
1058 789 1298 850 inviolabiliter
1313 789 1518 852 observetur.
1533 791 1702 852 Praeterea

74 887 215 948 ecclesiae
227 887 337 949 Sancti
350 886 508 963 Stephani
522 885 676 946 duximus
691 885 856 944 innovan-
910 900 1135 962 quascumque
1144 887 1382 964 possessiones,
1391 891 1606 964 quaecumque
1616 887 1703 948 bona

74 983 153 1044 dum.
180 984 299 1045 Datum
328 983 479 1054 viterbii,
507 983 601 1044 sexto
628 981 704 1042 idus
726 978 853 1058 aprilis,
911 981 1027 1044 eadem
1051 981 1193 1043 ecclesia
1214 984 1250 1043 in
1277 983 1529 1059 presentiarum
1552 985 1642 1062 juste
1670 987 1704 1046 et

73 1081 273 1157 pontificatus
288 1081 394 1143 nostri
408 1096 497 1141 anno
508 1080 635 1157 quarto.
910 1079 1070 1140 canonice
1090 1079 1246 1156 possidet,
1271 1081 1327 1140 aut
1341 1079 1376 1140 ln
1396 1079 1544 1141 futurum
1565 1096 1705 1142 conces-

404 1248 511 1336 CXH
911 1176 1004 1237 sione
1019 1176 1221 1253 pontificum,
1233 1176 1409 1252 largitione
1419 1178 1595 1254 regumvel
1608 1179 1702 1256 prin-

911 1273 1031 1350 cipum,
1054 1271 1221 1334 ohlati0ne
1243 1272 1400 1345 bdelium,
1426 1288 1485 1334 seu
1509 1275 1585 1335 aliis
1602 1275 1703 1350 justis

170 1386 224 1444 Ad
242 1385 496 1446 waldemarum
515 1384 740 1456 capellanum.

345 1495 362 1553 8
379 1492 475 1566 aprilis
493 1491 572 1550 llio.
739 1569 744 1580 ι

210 1609 310 1676 [Suhm.
324 1608 388 1660 illst.
401 1609 429 1658 el
441 1607 577 1664 Danmark,
595 1606 639 1665 lx,
648 1603 716 1669 ret]

112 1718 203 1790 Super
212 1715 326 1775 delectu
341 1715 536 1859 catallumdllli
552 1713 795 1786 dispensationem

390 1817 480 1862 conce
501 1803 533 1858 it.

911 1369 1028 1442 modis,
1049 1370 1227 1445 praestante
1242 1371 1393 1442 Domino,
1410 1370 1532 1448 poterit
1549 1369 1701 1448 adipisci,

911 1465 1006 1527 firma
1024 1466 1118 1527 vohis
1140 1467 1326 1544 vestrisque
1348 1467 1597 1528 successoribus
1617 1468 1705 1529 etil-

910 1562 1013 1625 libata
1030 1565 1257 1641 permaneant.
1277 1566 1314 1624 In
1337 1563 1457 1640 qulbus
1473 1563 1545 1626 haec
1559 1565 1703 1642 propriis

911 1659 1066 1722 duximus
1077 1661 1293 1738 exprimenda
1308 1661 1478 1723 vocabulis
1492 1678 1502 1737 ;
1525 1661 1635 1723 locum
1647 1663 1704 1738 ip-

911 1773 994 1830 sum,
1010 1758 1045 1818 in
1058 1773 1121 1836 quo
1141 1757 1280 1835 praelata
1300 1759 1441 1820 ecclesia
1459 1759 1523 1820 sita
1545 1759 1605 1828 est,
1629 1775 1704 1820 cum

106 1913 463 1990 Honoriusepiscopus,
477 1926 593 1972 servus
602 1925 772 1972 servorum
783 1907 853 1980 Dei,

70 2012 181 2074 dilecto
195 2011 266 2072 illio
279 2009 501 2080 waldemaro,
516 2007 657 2070 salutem
671 2007 705 2068 et
719 2007 860 2084 apostc-'

71 2107 160 2168 licam
174 2105 450 2168 benedictionem.

107 2203 278 2266 (lambens
292 2203 419 2265 meritis
429 2201 621 2280 apostolica
633 2201 750 2278 gratiae
762 2200 857 2262 feror

71 2303 267 2379 impenditur
280 2301 321 2363 ad
338 2302 422 2362 bene
443 2299 635 2362 merendum
662 2299 721 2368 alii
736 2313 858 2376 proro-

73 2400 197 2472 cautur3
215 2414 290 2459 cum
304 2398 407 2474 igitur
426 2397 467 2458 de
482 2397 621 2460 scientia
636 2397 669 2458 et
684 2396 857 2457 honestate

72 2497 122 2557 tua
135 2494 302 2556 laudabile
316 2494 543 2556 testimouium
558 2492 781 2570 receperimus
792 2493 856 2552 tuae

74 2593 183 2653 merito
196 2590 372 2669 probitatis
387 2591 420 2652 et
440 2588 591 2668 precibus
606 2589 685 2650 dicti
699 2589 788 2665 regis
803 2589 858 2648 in-

74 2689 153 2751 ducti
174 2691 285 2752 tecum
305 2703 405 2766 super
428 2687 557 2749 delectu
581 2687 741 2748 natalium
759 2701 856 2762 quem

73 2787 210 2847 sustines
228 2802 248 2847 a
273 2785 380 2846 soluto
396 2782 527 2860 genitus
549 2783 582 2844 et
602 2783 709 2844 soluta
722 2781 857 2844 miseri-

75 2883 208 2944 corditer
232 2883 474 2959 dispensamus.
500 2880 592 2942 Nulli
617 2895 696 2956 ergo
723 2879 856 2940 omnino

72 2979 248 3052 hominum,
266 2981 353 3042 etc...

109 3080 222 3140 Datum
238 3077 379 3138 Viterbii
394 3079 422 3138 V
442 3076 518 3138 Idus
536 3075 664 3151 aprilis,
689 3073 859 3150 pontifica-

69 3175 119 3234 :us
134 3175 237 3236 nostri
251 3189 338 3236 anno
351 3175 480 3252 quarte.

397 3351 524 3438 CXIII

85 3489 137 3548 ad
153 3491 303 3549 Uictorem
317 3485 542 3559 prepositum
557 3484 706 3546 ecclesiae
720 3480 839 3542 Sancti

113 3587 241 3646 Nicolai
256 3583 478 3645 pataviensis
490 3584 630 3655 ejusque
644 3581 786 3653 fratres.

912 1853 1063 1915 omnibus
1074 1855 1284 1932 pertinentiis
1299 1878 1306 1914 ε
1321 1855 1497 1916 ecclesiam
1512 1853 1551 1916 de
1566 1855 1702 1931 Alburg,

912 1952 952 2013 de
975 1952 1169 2024 hitenbach,
1194 1953 1234 2013 de
1251 1952 1508 2024 Hartchirchen,
1532 1952 1572 2013 de
1588 1953 1705 2014 Griez-

912 2048 1081 2122 chirchen,
1099 2048 1352 2120 dehluchovem
1375 2049 1416 2109 de
1430 2049 1651 2122 Munichrent,
1673 2051 1706 2111 et

911 2145 952 2208 de
962 2147 1187 2223 Widenspach
1202 2144 1361 2207 ecclesias
1372 2161 1446 2206 oum
1462 2144 1614 2207 omnibus
1626 2160 1705 2222 per-

911 2243 1062 2306 tinentiis
1085 2245 1170 2317 suis;
1196 2243 1357 2321 capellam
1383 2243 1513 2304 Sanctae
1535 2244 1651 2304 Mariae
1671 2240 1706 2304 in

911 2341 1032 2412 insula,
1056 2341 1163 2403 sancti
1182 2341 1298 2403 Jacobi
1321 2341 1357 2402 in
1380 2340 1484 2416 burgo
1509 2341 1638 2412 Patav„
1665 2340 1705 2402 de

911 2438 1157 2510 Aunchirchen,
1168 2439 1208 2500 de
1216 2436 1435 2510 Euchendorl,
1448 2439 1481 2498 et
1489 2429 1619 2498 S'anctae
1632 2439 1707 2498 Ma-

912 2535 971 2597 riae
999 2537 1034 2596 in
1062 2539 1184 2608 Anaso,
1214 2535 1360 2612 capellas
1393 2550 1467 2596 cum
1495 2534 1705 2611 pertinentiis

911 2633 993 2694 suis.
1009 2633 1171 2704 Decimas,
1198 2627 1280 2709 quas
1304 2631 1434 2694 habetis
1452 2632 1487 2692 in
1508 2632 1703 2706 aitenbach,

912 2731 947 2790 in
961 2729 1214 2802 Hartchirchen‚
1226 2729 1261 2790 in
1275 2729 1540 2802 Grieschirchen,
1551 2729 1586 2792 iu
1601 2731 1707 2791 Muni-

912 2828 1040 2899 chrent,
1050 2827 1085 2888 in
1098 2827 1344 2904 Widemspach,
1361 2827 1397 2886 in
1412 2829 1658 2901 aunchirchen,
1670 2829 1705 2889 in

912 2924 1076 2996 Dornach,
1099 2925 1134 2984 in
1149 2922 1319 2994 Selebach,
1346 2923 1381 2983 in
1403 2925 1647 2997 WachenweiS,
1669 2925 1706 2985 in

912 3023 1052 3094 Hutarn,
1080 3021 1115 3082 in
1140 3019 1389 3092 Chelichberch,
1421 3021 1458 3081 in
1491 3021 1643 3092 lrsbeim,
1670 3022 1705 3082 in

912 3117 1078 3194 Haiming,
1090 3116 1269 3193 inAlburg,
1280 3117 1315 3178 in
1327 3116 1531 3190 Alnchovem
1546 3117 1581 3179 in
1592 3117 1707 3180 Ebers-

912 3215 1044 3288 wanoh,
1059 3215 1095 3276 ln
1109 3215 1288 3286 schillam,
1304 3215 1339 3275 in
1355 3215 1496 3292 aspach,
1515 3217 1550 3276 in
1568 3215 1706 3278 Vehils-

912 3312 989 3385 tori,
1007 3312 1042 3373 in
1058 3311 1152 3384 Rust,
1166 3313 1201 3372 in
1214 3312 1376 3384 leendorl,
1392 3312 1425 3372 in
1446 3313 1704 3386 Hochenwarth,

914 3411 946 3473 et
958 3409 993 3471 in
1005 3409 1181 3471 Buchrich.
1205 3409 1373 3471 Praeterea
1389 3409 1424 3469 in
1445 3409 1602 3472 suburbio
1615 3411 1702 3473 eivi-

912 3508 991 3570 tatis
1022 3507 1169 3568 Pataviae
1201 3506 1354 3567 undecim
1383 3506 1525 3580 domata,
1557 3507 1704 3580 fundum,

914 3621 1010 3684 quem
1026 3603 1155 3665 habetis
1165 3605 1253 3664 inter
1268 3603 1466 3675 Danubium,
1483 3604 1515 3666 et
1527 3607 1665 3678 Ocnum,
1677 3607 1708 3666 ΙΙ

352 3696 369 3753 9
381 3693 477 3768 aprilis
493 3693 573 3752 lato.

214 3803 390 3868 [nocumenta
404 3800 490 3860 holca,
502 3805 522 3849 t.
536 3799 578 3858 lv,
589 3813 616 3864 p.
629 3797 697 3863 sm]

99 3911 250 3968 Ecclesiam
265 3909 361 3967 Sancti
373 3907 482 3966 Nicolai
499 3903 706 3979 protegendam
716 3903 835 3975 suscipit

216 4011 375 4070 omnesque
387 3995 450 4069 ejus
462 3993 537 4052 boue
551 3991 711 4051 confirmet.

914 3705 1023 3764 curtes
1051 3700 1215 3776 Scultling
1237 3701 1271 3762 et
1296 3701 1514 3774 Neunhcven,
1536 3702 1707 3764 dimidium

914 3815 1066 3860 mansum
1103 3798 1144 3858 ud
1179 3797 1357 3870 Tantobel,
1397 3799 1539 3875 quatuor
1573 3815 1706 3860 mansos

913 3895 1097 3967 Hclzheim,
1121 3910 1222 3955 unum
1246 3909 1397 3954 mansum
1429 3893 1642 3970 Hegeubach,
1672 3896 1707 3956 in

914 3993 1119 4064 Probstrent,
1142 3991 1177 4052 in
1201 3991 1389 4063 Bachmull,
1413 3991 1644 4068 hemming,
1673 3993 1708 4053 in

111 4109 274 4170 Honorius
287 4107 592 4184 episcopusservus
607 4101 856 4171 serrorumhei‚
913 4089 1117 4152 Hasenbuell
1137 4101 1273 4150 mansos
1297 4090 1330 4150 et
1350 4089 1534 4162 dimidium,
1555 4105 1708 4151 mansum

76 4204 196 4266 dilectis
215 4203 295 4264 filiis
320 4201 432 4264 Ulrico
456 4197 632 4276 praeposito
650 4195 799 4282 ecclesiae
824 4197 857 4256 S.
914 4186 949 4248 in
962 4189 1075 4259 Putre,
1094 4201 1194 4248 unam
1210 4187 1336 4248 curtem
1352 4185 1387 4246 in
1402 4187 1603 4261 Wissdberhl
1622 4204 1708 4265 [lua-

77 4301 198 4363 Nicolai
213 4299 436 4370 Pataviensis,
458 4299 596 4373 ejusque
613 4293 771 4355 iratribus
792 4293 858 4353 tam
913 4287 990 4346 tuor
1002 4283 1112 4346 curtes
1131 4285 1166 4344 in
1188 4282 1344 4356 alburch,
1370 4283 1403 4344 et
1423 4284 1458 4344 in
1479 4283 1585 4344 Gehin
1608 4284 1711 4360 Engl-

78 4397 287 4472 praesentibns
302 4410 400 4474 quam
416 4393 536 4454 suturis
555 4389 743 4467 regularem
758 4389 859 4452 vitam
915 4396 1098 4460 marsperg,
1121 4381 1156 4442 in
1182 4380 1417 4457 sprinznberg,
1446 4381 1482 4442 in
1510 4381 1644 4457 Pering,
1675 4383 1709 4442 in

77 4491 225 4566 professis
240 4493 277 4553 in
289 4489 508 4569 perpetuum,
915 4477 1134 4552 Euchendorl,
1147 4479 1182 4538 in
1192 4476 1440 4550 Bezrechsdorl,
1449 4479 1485 4539 in
1494 4479 1659 4552 bernach,
1674 4480 1711 4541 in

113 4591 311 4668 Religicsam
334 4587 436 4650 vitam
460 4583 659 4661 eligentibus
691 4582 861 4658 Apostoli·
914 4577 1057 4649 abstorf,
1086 4579 1123 4638 in
1150 4576 1305 4647 altheim,
1331 4576 1367 4636 in
1393 4575 1640 4649 aunchirchen,
1676 4578 1710 4638 in

79 4703 145 4748 cum
167 4685 322 4750 convenit
343 4684 460 4745 adesse
482 4680 686 4760 praesidium,
711 4695 752 4741 ne
775 4679 860 4740 forte
916 4673 1016 4746 Loch,
1030 4674 1065 4734 iu
1092 4671 1270 4744 Eberstcrl,
1288 4671 1323 4732 in
1340 4671 1523 4744 Pinzheim,
1545 4673 1580 4734 in
1595 4674 1714 4736 Schel-

80 4785 246 4862 cujuslibet
268 4780 465 4845 temeritatis
499 4779 654 4840 lncursns
677 4777 735 4838 aut
759 4791 816 4837 eos
841 4792 860 4836 a
916 4771 1035 4842 cheim,
1057 4770 1093 4831 in
1111 4769 1277 4847 Ruspach,
1302 4769 1337 4830 in
1361 4769 1649 4845 ChrIeschirchen,
1675 4772 1711 4833 in

81 4884 238 4959 proposito
259 4879 403 4949 revocet,
417 4877 475 4938 aut
484 4877 597 4947 robur,
610 4875 696 4953 quod
710 4873 806 4946 absit,
824 4889 860 4935 sa
915 4869 1038 4940 Monte,
1061 4867 1096 4928 in
1112 4867 1355 4944 Tegernspach,
1381 4868 1416 4928 in
1441 4869 1578 4940 Wesen,
1595 4869 1629 4929 in
1644 4873 1711 4930 As-

13 4977 14 4980 ’
80 4993 138 5040 crae
155 4978 327 5056 religionis
344 4975 515 5050 infringat.
539 4969 732 5050 Eaprcpter,
750 4971 861 5033 dilecti
917 4965 1034 5037 chach,
1051 4964 1085 5024 in
1099 4963 1295 5036 Neumarht,
1307 4964 1343 5024 in
1355 4964 1560 5038 hinchoven,
1577 4967 1612 5027 in
1628 4969 1713 5026 Eus-

80 5075 109 5134 in
120 5077 254 5137 Domino
264 5075 337 5144 lilii,
345 5071 465 5135 vestris
470 5070 571 5148 justis
585 5068 861 5146 postulationibus
915 5063 982 5133 ten,
1001 5063 1037 5122 in
1061 5061 1246 5133 Hartheim,
1270 5061 1304 5122 in
1323 5062 1459 5136 Busing,
1481 5063 1516 5122 in
1534 5062 1710 5135 Lintheim,

81 5171 249 5235 clementer
276 5171 465 5238 annuimus,
494 5168 526 5229 et
552 5165 723 5244 praelatam
753 5165 870 5226 eccle·¹
916 5160 951 5219 iu
964 5158 1144 5230 Mauttarn,
1161 5158 1196 5218 in
1212 5159 1329 5230 Raeut,
1343 5159 1378 5218 in
1394 5159 1488 5229 Rust,
1501 5159 1536 5218 in
1551 5158 1711 5232 Isendorl,
1750 5205 1752 5209 .

82 5269 155 5329 stam
170 5271 282 5330 Sancti
299 5266 430 5328 Nicolai
446 5263 666 5336 PatavIensis,
679 5263 713 5322 in
727 5278 792 5338 qua
807 5260 861 5323 di·
917 5260 951 5319 in
962 5255 1221 5326 Hocheuwarih,
1238 5254 1273 5314 in
1286 5255 1495 5330 Burgenwis,
1508 5255 1544 5314 in
1561 5255 1710 5330 Stregen,

81 5365 150 5425 rinc
173 5365 352 5442 mancipati
380 5362 461 5423 estis
486 5360 654 5437 obsequio,
688 5357 748 5419 sub
773 5359 862 5420 beati
917 5351 1212 5417 etinNeunhurch
1230 5353 1350 5420 curtes,
1365 5351 1397 5412 et
1421 5351 1578 5411 curiasin
1594 5351 1713 5428 quibus

82 5462 162 5521 Petri
185 5463 217 5523 et
238 5463 351 5523 nostra
376 5458 579 5536 protectione
596 5455 806 5531 suscipimus,
831 5456 863 5517 et
916 5452 1053 5514 decimae
1075 5449 1287 5525 colliguntur.
1308 5451 1388 5510 Tres
1415 5462 1548 5508 mansos
1570 5447 1605 5508 in
1627 5453 1715 5512 ave-

82 5560 246 5631 praesentis
268 5557 382 5634 scripti
410 5554 584 5634 privilegio
604 5552 859 5614 communimus.
901 5551 1028 5628 simp,
1057 5548 1093 5608 in
1112 5546 1300 5619 Dornbach,
1327 5545 1362 5606 in
1397 5545 1644 5622 Schecenhurg,
1677 5548 1713 5608 in

84 5655 114 5713 ln
125 5655 236 5731 primis
249 5655 412 5732 siquidem
423 5652 616 5722 statuentes
627 5652 663 5712 ut
674 5650 754 5710 ordo
767 5665 863 5712 cano·
918 5646 1047 5718 ahaim,
1071 5646 1106 5705 in
1129 5643 1389 5714 Huhenohoven,
1413 5642 1447 5702 in
1469 5644 1657 5720 Hauspach,
1676 5645 1711 5705 iu
