3988 6306
880 271 1053 331 iiONORlI
1077 272 1121 330 111
1143 273 1290 332 OPERA.

259 269 319 326 303
431 339 443 362 t

259 427 345 488 rium
362 444 435 491 ven.
456 431 568 493 fratris
584 433 687 494 nostri
706 436 745 493 H.
763 431 949 494 Hostiensis
963 431 1053 508 epis·
1107 431 1258 506 patenter
1272 433 1306 492 et
1319 431 1470 506 potenter
1484 432 1517 494 iu
1532 432 1722 495 Domlu'oad
1736 432 1906 494 auxilium

205 543 206 546 ¹
259 526 354 601 copi,
396 529 452 604 qui
483 529 522 588 ad
545 530 850 592 reconciliationem
874 543 988 590 eorum
1012 527 1052 587 de
1106 529 1172 588 tuae
1211 528 1428 603 promotionis
1463 513 1621 591 extendit.
1666 532 1907 592 Verumtamen

259 622 416 684 mandato
432 628 545 687 nostro
560 627 759 702 interposuit
773 629 883 703 partes
905 642 994 697 suae,
1011 625 1052 685 ad.
1107 624 1262 700 quiddam
1275 627 1326 686 est
1340 625 1425 701 quod
1441 626 1618 688 multorum
1641 627 1908 690 detractionibus

259 721 530 796 compositionem
543 723 751 784 amicabilem
774 723 989 794 devenerunt,
1017 722 1052 783 in
1106 721 1238 782 videtur
1256 722 1443 798 expositum
1467 724 1500 783 et
1521 724 1605 800 quod
1628 723 1669 786 ad
1689 725 1819 800 aliquos
1836 741 1907 784 nou

259 833 323 892 qua
339 817 426 879 inter
439 819 506 879 alia
521 821 654 882 cautum
674 822 724 882 est
738 821 938 897 specialiter,
966 819 1050 897 quod
1107 818 1147 879 de
1164 819 1254 880 sacili
1272 835 1310 880 se
1330 819 1608 896 explicationibus
1628 822 1783 898 applicat,
1800 822 1907 882 vide·
1981 817 1982 820 ’

258 915 287 974 si
322 931 386 992 qua
421 917 564 992 partium
606 934 625 978 a
652 918 890 994 compositione
920 917 1052 978 resilire
1106 916 1195 987 licet,
1219 916 1304 992 quod
1339 917 1380 978 ad
1412 920 1524 978 Terrae
1552 921 1682 980 Sanctae
1716 918 1906 979 subsidium

257 1015 524 1089 praesumpserit,
554 1031 614 1076 vos
652 1016 738 1092 parti
779 1015 1051 1090 compositionem
1107 1015 1341 1089 promptiorem
1356 1017 1389 1077 et
1401 1017 1561 1090 majorem
1572 1032 1639 1076 non
1649 1014 1787 1077 exhibes
1797 1032 1908 1092 appa-

257 1111 404 1172 servanti
419 1112 600 1173 efficaciter
614 1113 790 1184 assistetis,
807 1112 914 1173 eidem
929 1113 969 1172 de
978 1115 1052 1188 J'us-
1105 1112 1225 1171 ratum.
1236 1113 1330 1178 Ecca,
1341 1111 1388 1170 lili
1403 1111 1587 1185 carissime,
1601 1113 1688 1189 quod
1704 1112 1821 1174 adhoc
1837 1113 1906 1174 duo

258 1207 353 1275 titiis,
379 1210 411 1270 et
430 1209 616 1270 rationibus
632 1211 735 1286 partis
748 1210 887 1272 alterius
914 1223 1052 1284 respon·
1106 1208 1165 1269 tibi
1181 1208 1309 1284 praellxi
1327 1210 1405 1271 silut
1418 1210 1571 1284 termini;
1595 1211 1650 1270 sed
1676 1210 1792 1286 elapsi,
1813 1211 1907 1287 quod

162 1359 165 1367 .
256 1305 337 1364 suri.
363 1307 432 1366 Nos
452 1307 618 1384 itaquede
635 1307 867 1382 praedictorum
892 1305 1051 1366 nobilium
1107 1305 1214 1365 adhuc
1229 1306 1434 1367 commodum
1454 1309 1682 1383 reportaruutl
1700 1309 1787 1378 Quas
1811 1308 1906 1368 enim

255 1404 529 1466 reconciliatione
543 1405 737 1481 gaudentes,
751 1405 791 1466 de
816 1420 955 1482 quorum
977 1403 1051 1463 dis·
1107 1418 1219 1474 naves,
1237 1419 1318 1480 quas
1331 1403 1445 1478 galeas
1456 1405 1551 1480 regia
1567 1403 1646 1466 lecit
1664 1404 1828 1466 celsitudo
1843 1421 1908 1480 pa-

256 1500 341 1561 sidlo
353 1502 470 1562 marito
484 1501 686 1576 dolebamus,
705 1503 921 1564 Universitati
932 1503 1051 1562 vestrae
1108 1500 1189 1570 rari,
1208 1516 1280 1576 quae
1293 1515 1374 1560 vasa
1385 1500 1459 1562 usui
1472 1501 1753 1562 transfretationis
1768 1516 1908 1562 accom-

255 1613 314 1674 per
336 1600 526 1674 Apostolica
555 1601 678 1676 scripta
701 1597 907 1670 mandamus,
928 1601 962 1661 et
982 1598 1053 1658 dis·
1107 1597 1202 1658 moda
1225 1597 1265 1658 de
1287 1597 1470 1675 sumptibus
1491 1597 1579 1659 tuisl
1602 1601 1689 1670 Esto,
1715 1599 1905 1668 carissime,

254 1694 351 1755 triete
364 1696 584 1772 praecipimus,
602 1699 763 1773 quatenus
775 1697 821 1767 id,
843 1697 936 1758 salvo
952 1711 1050 1755 man·
1107 1694 1191 1770 quod
1210 1695 1371 1755 transitus
1385 1696 1461 1756 tuus
1480 1695 1641 1756 hactenus
1655 1696 1907 1772 impedimentis

255 1791 332 1852 dato
347 1793 471 1862 nostro,
487 1795 646 1855 studeatis
665 1793 1006 1855 fideliterobservare.
1106 1790 1270 1868 aliquibus
1292 1790 1393 1853 luerit
1413 1791 1598 1854 retardatus
1616 1813 1623 1852 :
1640 1793 1768 1854 clarere
1788 1797 1906 1854 tamen

1106 1887 1202 1950 debet
1214 1889 1343 1964 magnis
1357 1890 1392 1950 in
1406 1889 1619 1966 apparatibus
1640 1891 1776 1965 mandis
1798 1890 1908 1952 affec-

1105 1988 1169 2058 tus,
1185 1985 1214 2046 si
1226 1985 1266 2046 ad
1277 2001 1359 2063 opus
1369 1985 1452 2046 illud
1467 1987 1625 2062 quantum
1637 1987 1727 2062 geris
1739 1989 1774 2048 in
1788 1987 1906 2049 animo
1981 2023 1982 2026 =

1106 2082 1336 2159 possibilitatis
1372 2084 1569 2156 ostenderet,
1593 2085 1627 2146 et
1659 2086 1748 2146 esset
1781 2085 1905 2146 efficax

1106 2180 1263 2256 promptae
1280 2181 1460 2242 voluntatis
1475 2181 1649 2257 interpres.
1665 2183 1705 2244 Et
1718 2183 1853 2258 quidem
1868 2183 1905 2242 in

1104 2277 1226 2338 talibus
1244 2277 1404 2354 vellemus
1424 2279 1458 2340 te
1476 2277 1673 2354 praeducem,
1692 2280 1907 2356 potiusquam

1105 2389 1291 2451 sequacem,
1314 2376 1351 2436 ut
1376 2391 1442 2436 non
1464 2375 1570 2436 solum
1594 2377 1784 2452 repetitioni
1813 2375 1907 2436 dila-

1105 2472 1203 2532 tionis
1219 2472 1328 2534 minns
1342 2472 1528 2544 insisteres,
1544 2472 1600 2534 sed
1621 2473 1808 2550 petentibus
1830 2475 1905 2536 ior-

1104 2569 1182 2630 titer
1196 2568 1360 2630 obviares.
1376 2571 1498 2630 Verum
1513 2571 1646 2646 propter
1665 2571 1904 2647 impedimenta

1105 2683 1177 2743 quae
1195 2666 1235 2727 ad
1259 2666 1507 2728 excusationem
1532 2669 1589 2728 tua
1611 2662 1731 2744 pagiua
1750 2670 1907 2731 contine-

295 1891 414 1950 Datum
428 1893 541 1962 Reate,
557 1893 600 1952 Vl
617 1891 778 1952 kalendas
789 1890 944 1962 octobris
964 1905 1050 1968 pon-

255 1985 399 2057 tificatus
413 1987 519 2050 nostri
530 2004 617 2049 auno
632 1989 758 2068 quarto.

586 2166 718 2257 XXIlI

254 2301 306 2360 Ad
327 2257 545 2362 Frtdcrtcum
560 2315 679 2376 repam
693 2303 818 2361 Sicilire
830 2300 865 2362 et
880 2303 1051 2360 Rauraco-

394 2413 476 2460 rum
489 2399 738 2472 imperatore-m
755 2397 909 2460 electum.

262 2587 266 2598 .
564 2512 577 2566 l
593 2519 648 2568 oct.
664 2511 743 2568 lile.

364 2617 640 2681 [Huillard-Brdbclles,
651 2617 715 2666 llist.
727 2617 799 2680 dipl,
811 2618 830 2674 l,
844 2617 941 2681 1,691.]

1844 275 1906 336 eos
1981 299 1982 304 Ν

255 2716 396 2773 llouorius
413 2718 489 2789 Papa
506 2715 659 2784 Frlderico,
677 2717 870 2774 Romanorum
891 2715 963 2788 regi,
977 2715 1047 2771 scri·

289 2805 360 2862 bens
374 2806 556 2876 conqueritur
568 2804 643 2876 quod
659 2806 688 2860 lu
701 2804 818 2877 negotio
830 2806 924 2861 Terrae
939 2805 1049 2882 Sancte

288 2909 321 2951 se
334 2895 420 2952 nimis
433 2893 558 2967 tepidum
576 2893 709 2966 praebent,
725 2908 791 2950 cum
803 2892 863 2965 jam
878 2891 922 2949 bis
936 2893 1046 2950 dilatio·

289 2997 355 3040 uem
375 2983 403 3038 iu
424 2971 585 3055 arripiendo
600 2982 700 3040 itinere
716 2982 916 3054 postulaverit3
935 2982 1048 3039 tertium

288 3088 358 3129 vero
378 3073 541 3140 terminum,
562 3073 671 3128 scilicet
685 3073 713 3127 iu
730 3071 832 3129 testum
849 3071 944 3130 Sancti
957 3073 1047 3128 Bene·

289 3161 355 3218 dicti
383 3160 436 3216 sub
464 3175 547 3232 poeua
578 3161 882 3234 excommunicationis
913 3159 1046 3232 praellgit,

288 3249 474 3321 hortaturque
493 3247 679 3306 vehementer
701 3249 737 3305 ad
758 3249 893 3306 auxilium
913 3249 1049 3304 exercitui

1104 2763 1298 2836 bathonori
1313 2763 1548 2840 tuo,quantum
1561 2768 1712 2826 cumbae
1723 2767 1904 2842 possimus,

1106 2860 1279 2938 providere
1291 2861 1452 2931 volentes,
1468 2861 1660 2922 dilationem
1673 2862 1732 2924 tibi
1745 2863 1905 2924 concedi-

1106 2975 1179 3018 mus
1209 2957 1424 3034 postulatam·;
1461 2957 1578 3019 testum
1609 2957 1697 3022 beati
1730 2960 1904 3022 Benedicti

1105 3057 1255 3132 proximo
1268 3053 1414 3116 futurum
1420 3055 1596 3118 terminum
1605 3057 1825 3132 praetigentes,
1838 3071 1905 3135 quc

1105 3152 1146 3212 ad
1161 3155 1271 3216 Terrae
1295 3154 1424 3214 Sanctae
1444 3167 1638 3214 succursum
1661 3153 1726 3216 iter
1745 3155 1903 3230 arripias,

1105 3251 1351 3327 prosecuturus
1370 3251 1528 3329 quantum
1545 3251 1744 3312 sufficientia
1759 3252 1906 3328 possibi-

288 3337 448 3396 Chlisfifflw
463 3335 623 3395 terendum.
1105 3349 1209 3409 litatis
1233 3349 1378 3422 affuerit,
1404 3351 1516 3410 votum
1540 3351 1644 3410 tuum.
1672 3349 1807 3410 Interim
1822 3363 1904 3410 vero

293 3447 460 3507 Honorius
471 3446 782 3523 episcopusservus
799 3447 1048 3520 servorumllet
1106 3463 1171 3507 non
1187 3446 1343 3517 dormias,
1363 3462 1405 3507 ne
1425 3446 1460 3507 in
1479 3447 1622 3507 termino
1642 3447 1823 3523 jamtertio
1848 3447 1903 3507 la-

252 3545 423 3606 Frlderico
438 3544 573 3615 illustri,
590 3546 651 3606 etc.
1106 3560 1237 3621 qucum,
1255 3544 1341 3621 quod
1362 3543 1459 3616 absit,
1476 3545 1829 3606 excommunicationis
1846 3545 1904 3604 in-

292 3631 427 3703 Litteris'
440 3642 645 3704 excellentiae
656 3641 757 3717 regiae
769 3644 925 3703 consueta
933 3641 1051 3717 benig·
1106 3658 1241 3716 curras;
1267 3643 1415 3704 excitare
1429 3645 1461 3704 te
1476 3643 1584 3718 ipsum
1603 3645 1635 3704 et
1656 3643 1740 3703 alios
1761 3642 1905 3717 vigilare

253 3741 356 3803 nitate
380 3739 533 3817 receptis,
556 3741 718 3802 exultavit
734 3741 865 3800 animus
889 3739 1049 3800 nosterin
1106 3739 1278 3816 compelle,
1312 3741 1347 3800 ut
1381 3739 1491 3801 medio
1520 3743 1670 3815 tempore
1698 3740 1823 3815 paratis
1852 3740 1906 3800 his

251 3839 390 3900 Domino
404 3839 489 3916 quod
507 3838 648 3899 accessit
666 3837 706 3898 ad
728 3837 832 3914 patris
848 3837 1049 3898 desiderium
1106 3853 1179 3914 quaa
1195 3837 1437 3908 desiderantur,
1457 3840 1548 3898 terra
1564 3853 1637 3914 quae
1659 3835 1826 3898 funiculus
1840 3839 1904 3907 est,

253 3937 351 4008 illius,
369 3937 444 3996 dum
462 3939 495 3998 et
509 3938 641 4012 recepta
659 3935 819 3996 beneficia
838 3935 1050 4010 recognoscis
1105 3934 1441 3998 baereditatisdivinae
1454 3934 1656 3995 fructuosum
1664 3936 1788 3996 sentiat
1802 3950 1902 4010 quem

252 4039 285 4096 et
302 4033 531 4096 retributionis
550 4035 582 4093 te
602 4048 668 4092 nou
688 4033 832 4106 denegas
854 4031 1046 4093 debitorem.
1105 4033 1162 4093 diu
1184 4033 1331 4108 speravit
1348 4035 1414 4093 tuae
1434 4031 1673 4107 magnitudinis
1695 4032 1727 4093 et
1750 4031 1904 4108 expectat

252 4135 357 4192 Porro
370 4132 451 4192 satis
467 4130 646 4208 prudenter
662 4128 800 4189 deberes
820 4129 994 4190 advertere
1009 4129 1048 4190 de
1105 4130 1293 4190 adveutum.
1309 4130 1455 4201 Festina,
1473 4129 1605 4200 festina,
1622 4130 1692 4190 noli
1704 4129 1828 4190 diutius
1843 4145 1905 4190 ex-

252 4243 318 4307 quo
332 4229 365 4290 et
380 4229 469 4306 quali
485 4226 605 4289 affectu
617 4227 825 4304 processerit,
835 4226 919 4303 quod
933 4242 1051 4303 expec·
1105 4227 1248 4304 pectare,
1266 4242 1377 4302 quum,
1391 4226 1468 4286 dum
1490 4231 1541 4287 est
1561 4227 1596 4286 in
1618 4226 1823 4302 promotione
1844 4241 1906 4286 na·

250 4331 359 4389 tamus
374 4327 534 4388 hacteuus
549 4327 581 4387 et
596 4323 852 4402 expectabamus
870 4321 930 4403 [ut]
952 4340 1050 4385 excu·
1105 4324 1243 4400 gotium,
1261 4323 1383 4383 minori
1396 4326 1645 4385 consummatur
1658 4323 1786 4384 auxilio
1801 4325 1834 4384 et
1849 4323 1905 4384 ta·

252 4426 398 4486 sationes
421 4423 620 4501 probabiles,
646 4437 785 4501 quarum
807 4420 956 4498 quaedam
981 4421 1048 4482 ali·
1106 4421 1202 4482 cilius
1227 4420 1418 4499 perficietur
1439 4420 1473 4480 iu
1496 4420 1657 4496 proiectu.
1680 4421 1825 4490 Festina,
1842 4435 1903 4482 rex

253 4522 330 4598 quid
359 4524 446 4583 notae
475 4521 673 4582 videbantur
699 4517 823 4580 habere
853 4518 1049 4595 quibusdam
1105 4519 1249 4595 egregie,
1265 4519 1305 4578 ad
1319 4518 1440 4578 summi
1456 4517 1545 4593 regis
1560 4517 1765 4594 obsequium,
1786 4517 1822 4577 ut
1836 4532 1902 4578 non

253 4618 466 4697 opinionibus
479 4634 515 4678 se
529 4618 726 4693 ingerebant
738 4617 908 4678 hominum
924 4616 957 4677 et
969 4632 1051 4676 cou-
1105 4616 1251 4678 videaris
1278 4615 1413 4676 omuino
1441 4613 1578 4676 relictus
1599 4617 1673 4692 post
1694 4616 1803 4690 terga,
1844 4613 1900 4675 sed

248 4717 469 4796 jacturis,aut
483 4715 758 4791 percontrarium
771 4713 1050 4776 cauterelelleres
1104 4715 1197 4775 tanto
1217 4711 1410 4774 ferventiori
1437 4712 1623 4784 affectione,
1639 4728 1678 4774 ac
1703 4710 1901 4776 evidentiori

253 4818 311 4877 aut
332 4830 391 4890 per
412 4815 506 4890 aptas
526 4813 559 4873 et
577 4811 787 4873 authenticas
804 4812 931 4873 litteras
946 4809 1051 4872 dedu·
1106 4810 1248 4872 utilitate
1259 4810 1431 4886 procedas,
1446 4810 1568 4887 quanto
1584 4809 1624 4870 de
1636 4810 1755 4886 majori
1767 4824 1858 4870 mora
1869 4811 1901 4870 et

253 4929 347 4976 ceres
366 4913 401 4972 in
416 4909 570 4972 notitiam
588 4909 817 4984 plurimorum.
834 4909 926 4970 Licet
940 4911 1049 4970 autem
1105 4907 1226 4968 minori
1242 4905 1466 4968 sollicitudine
1478 4907 1829 4982 quorumdamjudicio
1845 4921 1901 4966 no·

252 5011 338 5088 apud
356 5025 416 5070 uos
430 5023 490 5086 pro
505 5005 752 5080 magnificentia
772 5010 831 5067 tua
845 5005 974 5066 sincere
989 5021 1050 5082 pe·
1105 5005 1169 5066 tari
1184 5005 1319 5065 videris.
1337 5003 1482 5075 Festina,
1502 5003 1530 5063 si
1546 5002 1630 5064 torte
1644 5004 1803 5086 Dominus
1817 5001 1899 5064 tanti

252 5111 344 5172 roret
355 5105 489 5168 dilectio
503 5106 536 5166 et
550 5103 709 5180 promptis
723 5101 894 5162 effectibus
907 5101 1051 5164 instruat
1105 5101 1421 5162 consummationem
1439 5102 1563 5174 negotii
1579 5103 1644 5161 tuae
1661 5101 1776 5177 gloriae
1790 5115 1900 5162 reser-

254 5221 389 5269 oausam
405 5206 507 5273 tuam,
530 5199 665 5276 expedit
683 5200 794 5260 tamen
812 5201 848 5260 ut
862 5214 929 5262 uon
943 5198 1049 5260 solum
1106 5200 1205 5270 vavit,
1220 5199 1256 5260 ut
1271 5199 1304 5258 in
1327 5197 1465 5259 dextera
1479 5201 1537 5260 tua
1552 5199 1702 5276 perficiat
1722 5198 1897 5260 multorum

255 5321 327 5375 nos,
341 5304 397 5363 sed
409 5301 468 5363 alii
481 5299 580 5362 etiam
594 5297 783 5372 intelligant
793 5299 824 5357 et
837 5295 1049 5370 cognoscant,
1106 5295 1257 5357 manibus
1276 5294 1478 5356 inchoatum.
1501 5297 1597 5356 Certe
1611 5297 1711 5356 clarae
1730 5295 1897 5356 memoria

254 5402 337 5479 quod
357 5415 483 5460 memor
501 5413 538 5458 es
551 5395 700 5464 uberum,
714 5409 786 5471 quaa
801 5392 861 5453 tibi
876 5391 929 5468 pia
945 5395 1050 5453 mater
1105 5409 1187 5454 avus
1201 5399 1279 5454 tuus
1294 5393 1490 5453 Fredericus
1512 5391 1553 5454 ad
1573 5391 1606 5452 id
1626 5408 1663 5452 se
1676 5393 1755 5454 totis
1772 5390 1896 5453 viribus

254 5499 404 5578 porrexit
419 5495 565 5558 Ecclesia
580 5496 613 5555 et
627 5508 753 5554 memor
765 5490 938 5551 esdentraa
951 5505 1049 5565 quam
1105 5491 1308 5575 accinxerat.
1330 5489 1413 5562 Quid
1435 5491 1499 5551 erit
1522 5490 1549 5550 si
1575 5491 1608 5552 et
1631 5493 1677 5564 tu,
1690 5505 1792 5566 nepos
1812 5493 1894 5565 ejus,

256 5605 423 5663 Romanus
441 5591 593 5656 Pontifex
607 5595 762 5668 tauquam
778 5589 872 5666 pater
886 5586 1049 5648 sollicitus
1104 5587 1196 5648 illius
1210 5587 1401 5650 memoriam
1417 5604 1482 5660 uon
1493 5587 1598 5650 solum
1612 5587 1829 5664 praesentibus
1843 5579 1907 5650 re·'
