3978 6292
75 355 137 414 iai
711 358 937 421 EPISTOLAE.
962 361 1038 420 LIB.
1064 363 1116 421 IV.
1668 367 1727 426 402

76 528 160 574 mus
176 513 322 594 relinqui
333 513 476 578 nolimus
487 517 699 596 aliquatenus
711 517 880 597 imperfec
934 518 1033 580 hus...
1050 519 1237 594 abbatissae,
1252 523 1284 582 et
1299 521 1498 583 monialibus
1514 521 1723 586 Romaricen.

75 613 152 671 tum
164 612 360 675 discretioni
370 615 747 692 vestraeperApostoiica
757 617 879 694 scripta
934 617 1086 688 salutem,
1103 620 1166 679 etc.
1439 617 1441 622 ’

73 709 300 784 mandamus3
326 711 489 787 quatenus
518 711 547 772 sl
575 712 681 774 dictus
706 714 878 791 episcopus
973 714 1210 787 Cumsicutte,
1227 714 1296 775 tilia
1312 714 1490 788 abbatissa,
1514 716 1725 792 significante

74 805 172 881 quod
208 807 439 868 mandavimus
467 809 653 884 neglexerit
680 810 876 886 adimplere,
933 809 1726 874 didicimusinvestromonasterionobiiiumfiiiae

73 919 139 964 vos
166 905 203 964 id
226 906 424 968 auctoritate
437 908 561 980 nostra,
579 907 708 970 sublato
729 907 880 985 appelia—
933 907 1132 980 nutriantur,
1150 923 1233 984 quae,
1253 909 1348 972 nulia
1371 908 1493 970 ibidem
1520 909 1727 986 professione

73 1002 189 1064 tionis
212 1001 394 1074 obstaculo,
415 1005 553 1081 exsequi
572 1006 767 1082 procuretis,
781 1021 880 1067 revo-
932 1002 1206 1082 iactapestquam
1215 1005 1257 1066 ad
1265 1005 1395 1066 nubiles
1405 1007 1723 1082 annosperveniunt,

73 1101 157 1159 cato
186 1100 223 1160 in
253 1100 395 1171 irritum,
425 1103 454 1162 si
483 1101 560 1179 quid
584 1103 701 1164 contra
728 1105 877 1165 tenorem
932 1101 1063 1176 quando
1077 1101 1203 1174 volunt,
1221 1103 1454 1164 amonasterio
1470 1103 1540 1180 ipso
1554 1103 1723 1172 recedunt,

72 1197 233 1258 mandati
263 1198 369 1260 nostri
396 1199 497 1260 fuerit
523 1200 730 1261 attentatum.
757 1199 877 1260 Datum
932 1199 965 1258 et
979 1197 1115 1272 nubunt,
1132 1199 1258 1260 eaedem
1272 1200 1348 1260 dum
1364 1199 1411 1260 sle
1427 1202 1503 1262 sunt
1517 1201 1551 1260 in
1567 1201 1724 1277 praedicto

73 1293 237 1367 viterbii,
249 1295 348 1358 nonis
361 1297 485 1369 martii,
500 1311 590 1358 enno
603 1298 731 1374 quarto.
932 1294 1136 1357 monasterio
1157 1296 1306 1358 volentes
1319 1297 1359 1356 ad
1381 1298 1536 1358 vacantia
1554 1297 1588 1356 in
1610 1297 1724 1358 eodem

401 1453 565 1544 XCVIII
685 1475 690 1486 ·

70 1591 127 1650 Ad
140 1591 430 1666 archidiaconum
443 1590 476 1650 et
494 1591 713 1654 beatorems.
729 1590 831 1652 Petri
845 1589 878 1652 et

122 1687 392 1750 thesaurarium
408 1689 442 1748 S.
457 1688 623 1760 Stephani
640 1689 828 1750 Troesmis.

370 1793 401 1848 ll
417 1797 500 1848 mart.
516 1791 594 1848 1220.

166 1896 219 1961 [ou
230 1895 331 1954 Piessis,
341 1896 446 1948 Bisada
460 1897 558 1956 Μαρια,
571 1897 603 1955 ii,
616 1896 670 1957 iio,
683 1910 712 1946 n.
721 1894 789 1961 ibt]

74 1995 201 2052 Mandat
214 2001 247 2052 ut
259 2009 376 2052 causam
394 2009 481 2066 super
499 1995 563 2068 jure
581 1993 769 2054 benedicendi
788 1991 875 2051 abite·

112 2087 206 2142 tisses
225 2085 256 2141 in
283 2085 457 2141 monasterio
474 2084 598 2142 lonensi
618 2084 647 2140 in
673 2091 817 2154 postemm
831 2084 879 2140 eii·

111 2172 233 2247 gendes
243 2171 360 2232 audient
373 2179 401 2230 et
412 2171 469 2231 dne
481 2170 575 2230 debito
590 2173 752 2230 terminent.

116 2283 304 2353 Honorius,
320 2282 395 2352 etc,
406 2281 535 2342 dilectis
550 2280 628 2340 filiis
643 2279 878 2340 archidiacono

75 2383 109 2443 et
125 2380 259 2442 cantori
271 2378 382 2440 Sancti
398 2379 487 2439 Petri
496 2380 529 2438 et
542 2377 752 2440 thesaurario
766 2377 877 2439 Sancti

77 2477 248 2554 Stephani
261 2477 446 2547 Trecensis,
464 2474 604 2536 salutem
618 2474 652 2536 et
663 2473 878 2550 apostolicam

75 2573 362 2636 benedictionem.

117 2673 173 2733 Ex
195 2671 290 2748 parte
313 2668 516 2732 venerabilis
537 2668 651 2732 fratris
669 2669 775 2730 nostri
789 2670 877 2730 Mei-

77 2769 199 2831 densis
215 2769 363 2845 episcopi
378 2767 440 2829 fuit
455 2766 551 2829 nobis
566 2767 737 2829 humiliter
751 2767 880 2843 suppli-

78 2869 207 2938 catum,
234 2867 267 2928 ut
284 2881 358 2927 cum
375 2864 542 2926 abbatissa
559 2879 632 2940 quae
646 2864 792 2926 Jotrensi
806 2879 880 2925 mo-

78 2963 233 3025 nasterio
247 2961 343 3024 modo
362 2962 494 3038 praeest,
517 2960 560 3021 de
572 2959 709 3038 speciali
724 2961 878 3023 mandato

79 3067 200 3123 nostro
214 3059 315 3121 fuerit
328 3059 512 3130 benedicta,
525 3060 558 3120 et
572 3047 801 3135 praejudicium
815 3057 878 3118 sibi

78 3159 208 3220 afferre
237 3173 304 3218 non
327 3155 476 3227 debebat,
504 3155 592 3232 quod
617 3171 679 3216 nos
702 3154 792 3216 circa
815 3155 879 3216 hoc

80 3255 157 3316 fieri
172 3255 325 3326 fecimus,
342 3267 442 3329 super
449 3255 527 3330 jure
539 3251 756 3313 benedicendi
771 3251 877 3313 abba·

78 3354 186 3414 tissas
211 3351 246 3412 in
269 3349 470 3412 monasterio
490 3350 636 3411 lotrensi
657 3349 692 3409 in
712 3350 878 3425 posterum

80 3448 268 3526 eligendas,
289 3447 474 3508 faceremus
498 3447 604 3508 eidem
618 3447 757 3522 justitiae
771 3445 880 3522 pieni-

79 3548 234 3608 tudinem
249 3544 410 3606 exbiberi.
423 3545 491 3605 Nos
506 3544 609 3620 igitur
621 3541 768 3621 ejusdem
789 3543 879 3620 epis·

79 3644 160 3722 copi
176 3641 454 3720 postulationihus
469 3640 631 3709 inclinati,
652 3643 802 3703 nolentes
815 3640 879 3702 sibi

78 3759 122 3803 ex
138 3740 371 3802 benedictione
386 3739 587 3800 auctoritate
598 3739 712 3800 nostra
730 3740 878 3816 praestita

81 3837 316 3916 praejudicium
338 3836 513 3913 generari,
542 3834 736 3898 discretioni
759 3839 879 3897 vestrae

80 3937 122 3997 de
148 3935 445 4012 utriusquepartis
464 3935 716 4011 procuratorum
739 3948 878 3994 assensu

81 4047 147 4110 per
162 4032 352 4108 Apostolica
364 4032 488 4108 scripta
500 4031 706 4102 mandamus,
717 4031 879 4107 quatenus

81 4129 238 4208 partibus
252 4129 455 4201 convocatis,
464 4128 607 4189 audiatis
621 4129 877 4205 causamet,ap-

82 4227 268 4304 peilatione
291 4227 430 4296 remota,
457 4226 528 4285 sine
552 4224 652 4286 dubie
679 4225 876 4298 terminetis,

80 4325 248 4386 facientes
271 4323 357 4401 quod
380 4323 595 4384 decreveritis
619 4337 679 4398 per
704 4337 878 4384 censuram

82 4421 352 4484 ecclesiasticam
383 4419 523 4480 firmiter
553 4419 736 4481 observari.
765 4421 879 4484 Testes

81 4519 209 4591 autem,
232 4519 295 4580 etc.
321 4517 461 4590 Quodsi
481 4531 547 4578 non
567 4531 693 4590 omnes,
710 4518 798 4579 etc...
814 4517 879 4578 duo

81 4619 234 4677 vestrum
258 4630 296 4676 ea
319 4615 536 4678 nihilominus
556 4615 791 4693 exsequantur.
813 4617 881 4676 Da-

82 4715 156 4775 tum
176 4711 316 4774 Viterbli
335 4715 363 4774 V
382 4713 429 4776 Id.
446 4712 558 4774 martii
571 4711 781 4788 pontificatus
799 4727 880 4774 nos-

81 4812 130 4873 tri
144 4827 232 4871 anno
247 4810 376 4888 quarto.

423 4943 545 5030 XCIII

220 5067 273 5128 Aa
298 5067 503 5128 abbatissam
522 5067 558 5128 et
575 5069 743 5129 mentales

375 5167 591 5226 Rooaartoea.

371 5277 404 5334 li
419 5285 501 5335 mart.
520 5277 600 5337 taio.

119 5374 236 5440 moqed„
247 5373 290 5425 lib.
302 5373 344 5433 iv,
355 5374 430 5438 epist,
443 5373 497 5424 iii.
506 5375 563 5424 lias.
575 5377 610 5427 La
624 5375 697 5426 Porta
707 5375 741 5428 du
752 5375 845 5442 rheti]

82 5471 199 5532 inhibet
213 5485 250 5529 ne
267 5473 296 5528 in
310 5471 491 5530 conferendis
508 5471 655 5531 beneflciis
669 5486 876 5545 venerearum,

101 5559 861 5636 quaepmfessionemnondumfecissentudmittantur.

127 5669 305 5738 Honorius,
327 5671 402 5741 etc,
426 5669 555 5732 dilectis
577 5671 610 5733 in
638 5671 768 5734 Christo
788 5673 878 5733 fllia·

931 1390 1093 1454 beneficia
1121 1408 1200 1454 suos
1228 1395 1504 1469 consanguineos,
1543 1393 1576 1454 et
1600 1394 1724 1455 amicos

932 1489 1067 1562 assumi,
1084 1505 1141 1551 eos
1153 1489 1196 1552 ad
1216 1490 1301 1567 ipsa,
1324 1493 1492 1568 tamquam
1511 1491 1541 1552 si
1559 1506 1673 1552 vocem
1689 1491 1724 1552 in

933 1585 975 1646 iis
991 1585 1145 1658 babeant,
1165 1587 1349 1655 nominant,
1369 1587 1596 1649 contentiones
1619 1604 1723 1672 prop-

931 1685 983 1743 ter
1010 1683 1082 1744 haec
1096 1684 1129 1745 et
1142 1684 1299 1745 scandala
1314 1685 1524 1746 suscitantes.
1540 1684 1633 1746 Unde
1652 1699 1726 1745 ma-

932 1795 1032 1854 gnum
1052 1779 1241 1857 frequenter
1263 1783 1371 1842 eidem
1390 1781 1592 1860 monasterio
1614 1782 1725 1844 evenit

932 1877 1175 1940 detrimentum.
1198 1883 1306 1952 Quare
1326 1879 1388 1941 fuit
1404 1895 1424 1940 a
1439 1879 1546 1951 nobis,
1570 1880 1606 1941 ut
1624 1894 1725 1956 super

933 1973 995 2035 lioc
1009 1975 1073 2051 ipsi
1089 1975 1338 2051 provideremus
1350 1976 1552 2038 monasterio
1569 1976 1723 2054 postula-

931 2075 1012 2133 tum.
1027 2073 1095 2132 Nos
1109 2087 1188 2150 ergo
1204 2073 1309 2154 ipsius
1329 2073 1523 2134 monasterii
1541 2087 1640 2150 super
1660 2072 1724 2134 hoc

932 2168 1114 2246 dispendiis
1137 2169 1273 2232 obviare
1288 2170 1446 2241 veientes,
1472 2170 1601 2232 admitti
1623 2183 1722 2232 voces

931 2265 1048 2326 talium
1076 2283 1176 2344 super
1198 2266 1414 2346 dIspositione
1438 2281 1549 2327 rerum
1573 2267 1721 2344 ejusdem

932 2364 1126 2426 monasterii
1144 2363 1341 2426 auctoritate
1355 2364 1567 2440 praesentium
1589 2363 1723 2425 distrio-

932 2461 998 2521 tius
1015 2460 1213 2523 inhibemus.
1239 2461 1331 2522 Nulli
1355 2477 1434 2538 ergo
1455 2461 1590 2522 omnino
1612 2460 1723 2523 homi-

932 2573 1011 2619 num
1027 2559 1127 2620 liceat
1151 2558 1239 2620 hanc
1264 2559 1420 2636 paginam
1448 2559 1570 2620 nostrae
1597 2557 1725 2619 inhibi-

931 2655 1032 2718 tlonis
1062 2655 1267 2732 infringere,
1296 2654 1349 2717 vei
1374 2656 1405 2715 ei
1431 2670 1518 2716 ausu
1544 2653 1723 2717 temerario

932 2753 1111 2814 contraire.
1132 2753 1249 2830 Siquis
1263 2754 1373 2814 autem
1384 2751 1447 2812 hoc
1459 2752 1622 2813 attentare
1633 2767 1723 2828 prae-

933 2849 1119 2929 sumpserit,
1132 2849 1394 2926 indignationem
1413 2847 1648 2924 omnipotentis
1662 2847 1722 2908 Dei

934 2949 967 3007 et
997 2946 1168 3008 beatorum
1199 2946 1290 3032 l’etri
1318 2947 1351 3006 et
1378 2945 1474 3006 Pauli
1498 2943 1722 3022 apostolorum

934 3047 1005 3122 ejus
1020 3059 1057 3104 se
1069 3043 1199 3104 noverit
1208 3043 1557 3104 incursurumiiatum
1565 3040 1717 3112 viterbii,

933 3141 1049 3219 quarto
1091 3141 1165 3202 idus
1202 3139 1325 3212 martii,
1367 3139 1577 3216 pontificatus
1614 3137 1721 3200 nostri

933 3253 1022 3299 anno
1039 3239 1167 3315 quarto.

1318 3369 1345 3456 G

1060 3507 1113 3565 Ad
1133 3507 1330 3580 camoenam
1347 3505 1594 3564 Moriaartsem.

1097 3608 1100 3614 ’
1167 3655 1170 3662 ,
1217 3616 1442 3674 timariditb.
1731 3677 1733 3680 ,

961 3723 1080 3785 marest,
1092 3720 1138 3771 lib.
1149 3721 1191 3778 iv,
1202 3719 1277 3784 epist.
1290 3719 1347 3770 bib.
1358 3722 1416 3772 tiss.
1430 3722 1467 3772 La
1477 3721 1553 3771 Porto
1563 3719 1597 3770 du
1610 3721 1703 3783 rheti]

934 3825 1084 3886 Mandarai
1094 3833 1124 3884 ut
1135 3825 1271 3884 adversus
1283 3825 1402 3883 ciericos
1414 3825 1722 3884 dimoosisiiorinensis

968 3923 1103 3973 uxoratos
1120 3921 1149 3972 et
1162 3911 1301 3972 beneiieia
1311 3915 1466 3972 retinentes
1477 3915 1615 3972 canoniae
1627 3927 1725 3988 prore·

968 4001 1026 4061 dat.

973 4113 1150 4184 Honorius,
1159 4114 1233 4185 etc,
1246 4111 1431 4175 venerabili
1443 4111 1563 4174 fratri..
1571 4113 1725 4191 episcopo

934 4211 1096 4272 Morinon.
1114 4211 1266 4278 salutem,
1283 4211 1346 4271 etc.

972 4305 1725 4383 Adnostramnoverisaudientiampervenisse

933 4405 1019 4482 quod
1044 4421 1119 4466 oum
1134 4403 1195 4467 tibi
1210 4405 1332 4466 nostris
1348 4402 1536 4464 dederimus
1557 4403 1677 4465 litteris
1690 4403 1725 4463 in

934 4503 1109 4574 mandatis,
1126 4503 1162 4564 ut
1184 4503 1301 4565 contra
1316 4501 1454 4563 clericos
1468 4501 1504 4561 in
1518 4504 1575 4563 tua
1588 4500 1726 4563 dioecesi

934 4600 1092 4662 uxoratos
1104 4599 1330 4662 ecclesiastica
1338 4597 1650 4662 retinerebeneiicia
1658 4614 1724 4660 non

933 4699 1096 4768 verentes,
1109 4697 1205 4774 juxta
1230 4696 1392 4757 canonica
1416 4695 1613 4772 procederes
1626 4695 1726 4758 insti-

932 4795 1014 4866 tuta,
1031 4793 1200 4865 imminua
1225 4806 1323 4870 quam
1346 4791 1413 4854 tuae
1428 4794 1462 4855 et
1476 4791 1609 4854 iliorum
1625 4793 1726 4854 saluti
1838 4837 1842 4844 .

934 4892 1099 4969 expediat,
1117 4891 1180 4952 hoo
1208 4891 1385 4952 advertens
1420 4891 1455 4952 in
1490 4891 1603 4952 nostro
1632 4889 1724 4952 fuisti

934 4989 1088 5050 mandato
1101 4987 1394 5058 remissus,volens
1408 4987 1559 5051 fortassis
1571 4988 1723 5060 innuere,

934 5086 1019 5162 quod
1033 5085 1138 5148 detua
1151 5085 1194 5146 sit
1203 5084 1426 5156 conniventia,
1438 5085 1474 5146 ut
1486 5085 1570 5146 tales
1582 5082 1726 5144 habeant

933 5184 985 5244 vei
1027 5184 1137 5260 potius
1182 5181 1343 5260 diriplant
1379 5181 1612 5258 patrimonium
1646 5181 1725 5241 iesu

933 5281 1066 5343 Christi.
1078 5281 1240 5354 Quocirca
1251 5279 1451 5342 fraternitati
1461 5280 1525 5341 tue
1538 5293 1597 5355 per
1606 5277 1725 5340 iterata

936 5379 1059 5456 scripta
1088 5377 1311 5456 praecipiendo
1327 5375 1534 5445 mandamus,
1564 5377 1727 5454 quatenus

933 5490 1033 5554 snper
1056 5475 1119 5538 itoo
1140 5476 1237 5553 juxta
1259 5473 1381 5552 prioris
1395 5472 1542 5534 mandati
1558 5473 1663 5534 nostri
1676 5474 1728 5534 te-

933 5589 1047 5636 norem
1063 5573 1243 5651 procedere
1269 5589 1335 5634 non
1349 5573 1537 5649 postponas,
1552 5570 1588 5631 ut
1605 5569 1725 5630 subse-

935 5689 1039 5748 quens
1061 5671 1233 5746 diligentia
1255 5669 1490 5746 negligentiam
1505 5669 1616 5744 expiet
1639 5655 1726 5743 prae·
