3952 6350
68 287 119 346 669

679 287 906 347 EPISTOLAE.
933 289 1009 348 bia.
1034 291 1086 348 V,
1641 295 1701 354 670

68 443 225 521 quaeipsis
247 455 266 504 a
286 444 370 505 vivis
393 445 464 504 sive
486 444 649 506 defunctis
665 445 849 507 rationabi-
904 441 1148 508 6666666111666
1181 448 1339 512 iratribus
1374 451 1632 528 archiepiscopis
1667 455 1700 516 66

69 539 368 612 1116666616666666,
381 555 440 616 pro
452 540 571 602 vestris
582 538 847 618 expeditionibus
902 543 1066 620 episcopis
1081 549 1114 606 et
1131 545 1259 606 dilectis
1274 547 1352 606 tiliis
1371 547 1554 619 abbatibus,
1574 549 1699 625 priori-

69 637 244 699 etexcubiis
255 638 425 709 iaciendis,
436 640 627 703 vicesimam
642 641 800 715 quaestam
817 642 849 701 et
902 639 973 711 bus,
989 643 1185 717 praepositirs,
1202 643 1348 714 decanis,
1366 643 1621 714 archidiaconis,
1637 661 1697 706 ar-

68 736 247 796 exactioues
272 735 314 795 ab
346 737 430 811 ipsis
455 736 618 797 indebitas
647 737 848 812 praesumitis
903 737 1159 813 ohipresbyteris
1174 741 1206 798 et
1220 735 1297 800 aliis
1309 740 1526 800 ecclesiarum
1538 743 1695 817 praelatis,

68 833 263 906 extorquere.
302 830 462 902 Quocirca
496 832 705 893 universitati
729 834 848 892 vestrae
903 833 943 892 66
958 849 1039 910 6666
1054 835 1173 896 litterae
1186 835 1258 895 istae
1270 837 1494 910 pervenerint,
1509 839 1649 899 salutem
1664 840 1698 901 et

68 943 118 1005 per
140 929 328 1004 apostolica
352 930 475 1005 scripta
504 929 699 990 mandamus
722 931 755 990 st
780 925 849 988 616-
903 931 1117 1006 apostolicam
1132 931 1405 994 benedictionem.

67 1026 152 1087 triete
169 1026 392 1101 praecipimus,
415 1028 577 1102 qnatenus
597 1026 638 1085 66
658 1026 849 1102 hujusmodi
944 1028 1062 1106 Dilecti
1084 1027 1181 1088 iiiii...
1204 1029 1362 1102 magister
1382 1031 1415 1090 et
1437 1027 1556 1090 iratres
1583 1031 1698 1091 domus

68 1120 286 1182 exactionibus
301 1123 431 1197 penitus
448 1123 653 1194 desistentes,
665 1127 742 1198 jura
758 1135 847 1199 prae-
904 1125 1084 1199 Hospitalis
1114 1127 1243 1186 Sanctae
1274 1127 1389 1186 Mariae
1419 1125 1698 1188 Theutonicerum

68 1219 216 1279 dictorum
240 1218 382 1280 fratrum
404 1219 572 1296 16611666
596 1220 849 1281 laederenulla-
904 1221 1699 1298 Hierosolymitaninostroapostolatulsunteon·
1786 1219 1790 1243 ⁴

68 1319 151 1376 16666
165 1317 385 1390 6666666116,
402 1317 458 1377 sed
473 1317 518 1378 ita
535 1317 626 1393 ipsos
641 1332 701 1376 666
717 1319 849 1392 permit·
903 1319 1009 1394 questi
1021 1305 1033 1388 ,'
1045 1320 1131 1394 quod
1147 1320 1280 1396 quidam
1296 1323 1484 1394 magnates,
1508 1322 1644 1382 comites
1666 1324 1700 1383 et

68 1413 135 1472 tells
160 1412 311 1474 libertate
334 1414 490 1488 gaudere,
518 1414 603 1490 6666
630 1429 692 1474 666
715 1414 781 1489 1661
809 1413 848 1474 66
904 1415 961 1474 6111
976 1415 1106 1476 6661166
1121 1416 1155 1476 16
1170 1417 1291 1477 vestris
1304 1415 1503 1477 dioecesibus
1517 1419 1696 1489 constituti,

67 1508 149 1568 vobis
159 1509 302 1570 habeant
309 1513 432 1586 justam
444 1511 617 1572 materiam
627 1509 848 1587 conquerendi
904 1511 944 1570 de
960 1513 1235 1586 possessionibus,
1249 1527 1321 1589 6666
1334 1514 1416 1588 16616
1429 1530 1447 1572 6
1462 1513 1700 1574 6166616666-

68 1621 120 1664 666
144 1619 204 1665 nos
235 1619 276 1666 66
302 1607 483 1666 districtius
513 1607 683 1682 requirere
705 1607 850 1682 compel-
904 1608 1024 1668 lunctis
1046 1609 1292 1670 rationabiliter
1305 1610 1538 1678 conseruntur,
1556 1626 1614 1685 pro
1629 1612 1699 1670 suis

67 1702 173 1761 lemur.
188 1703 306 1762 Datum
322 1703 490 1774 Laterani,
507 1705 581 1763 XIV
596 1703 663 1762 hai.
676 1703 847 1775 februarii,
904 1707 1170 1782 expeditionibus
1185 1707 1218 1768 et
1232 1708 1382 1767 excubiis
1398 1707 1702 1778 faciendisvicesi-

68 1796 267 1872 pontificatus
281 1799 386 1860 nostri
403 1813 490 1859 6666
504 1799 628 1875 661666.

67 2101 111 2157 Ad
129 2101 336 2194 1666616666
355 2101 543 2174 Hospitalis
567 2100 703 2159 Surrctae
726 2101 851 2159 alarice

307 2197 602 2256 Tacrctoatcorcm.

353 2309 386 2365 le
398 2307 457 2382 jan.
478 2309 556 2366 ittl.

234 2415 369 2479 [strabae.
383 2417 401 2464 l.
413 2430 445 2472 6.,
456 2431 482 2478 p.
495 2414 550 2472 300,
558 2419 587 2463 Ι6.
600 2413 668 2478 336]

66 2515 140 2570 Vetat
154 2527 326 2585 quemquam
340 2511 457 2569 fratrum
469 2511 577 2568 6661616
585 2510 763 2578 Τ666166161,
778 2525 848 2582 prae·

97 2609 134 2657 ter
147 2602 278 2674 magistri
296 2602 450 2669 licentiam,
466 2600 620 2672 specialem
642 2599 851 2656 observantiam

98 2689 194 2748 iacere.

102 2799 262 2859 Honorius
274 2799 459 2875 episcopus,
474 2811 769 2858 servasservoram
779 2797 848 2867 Dei,

69 2893 185 2956 dilectis
212 2897 293 2956 61116
318 2897 475 2970 magistro
499 2898 532 2956 et
553 2895 710 2954 iratribus
737 2894 851 2954 demus

70 2994 236 3068 Hospitalis
268 2995 397 3054 Sanctae
426 2994 541 3053 Mariae
574 2991 850 3053 Theutonicorum

71 3091 362 3167 hierosolymitani,
397 3090 538 3150 salutem
568 3091 617 3150 et'
636 3088 851 3163 apostolicam

70 3184 330 3250 benedictionem.

104 3283 737 3359 66666616666666666666661616666
751 3297 851 3341 unum

71 3381 97 3439 el
113 3383 217 3442 anima
236 3397 303 3441 una
324 3376 441 3440 debeat
462 3393 545 3449 esse,
568 3381 729 3448 nolentes,
751 3379 787 3439 ut
811 3395 853 3438 ex

71 3475 249 3540 diversitate
267 3481 417 3540 votorum
433 3479 552 3537 vestrae
572 3477 745 3552 religionis
763 3476 855 3535 iden·

71 3574 137 3635 titus
146 3577 211 3652 pati
224 3575 336 3636 valeat
347 3565 537 3645 sectionem,
550 3575 747 3635 auctoritate
760 3573 853 3632 vobis

73 3675 269 3745 praesentium
290 3671 489 3738 inhibemus,
512 3687 554 3732 ne
572 3671 693 3748 aliquis
713 3655 851 3731 fratrum

72 3773 254 3843 aestrorum,
268 3771 392 3847 absque
406 3767 458 3830 661
472 3768 620 3844 magistri
635 3767 769 3828 ltcentia
784 3781 854 3843 spe

74 3865 148 3938 ciali,
159 3867 391 3929 abstisentiam
413 3868 465 3928 vel
488 3863 731 3928 observantiam
752 3865 859 3940 faciat¹

74 3967 178 4034 prater
193 3965 296 4037 illam,
314 3981 386 4041 6666
408 3979 427 4024 6
442 3963 586 4040 capitulo
602 3965 721 4023 vestrae
737 3961 853 4022 domus

73 4060 257 4132 regulariter
279 4059 485 4122 observatur.
508 4059 600 4120 Nulli
619 4071 698 4134 ergo
718 4057 853 4118 omnino

74 4149 227 4218 hominum
244 4159 345 4220 liceat
355 4158 443 4218 hanc
458 4159 613 4234 paginam
626 4157 748 4216 nostrae
764 4150 855 4216 inhi-

74 4249 193 4316 bitionis
217 4256 411 4331 intringere,
437 4255 489 4316 vel
514 4255 546 4316 61
569 4269 653 4315 6666
676 4252 853 4314 temerario

75 4353 233 4415 contraire.
253 4355 289 4415 Si
305 4353 378 4431 quis
394 4351 580 4413 autemhoc
595 4351 759 4411 attentare
772 4365 854 4426 prae-

75 4452 247 4526 sumpserit,
267 4449 529 4526 indignationem
545 4447 780 4524 omnipotentis
795 4443 854 4506 Dei

76 4544 102 4603 et
114 4544 277 4609 beatorum
291 4547 382 4608 Petri
392 4547 425 4607 et
435 4545 531 4606 Pauli
544 4545 769 4620 apostolorum
783 4545 854 4620 ejus

76 4655 105 4700 se
127 4646 251 4706 noverit
279 4645 502 4705 incursurum.
540 4644 658 4704 Datum
686 4641 852 4712 Laterani,

75 4735 215 4802 11111161.
232 4739 404 4810 februarii,
421 4739 631 4816 pontificatus
645 4739 750 4798 nostri
766 4751 854 4798 anno

77 4835 187 4908 6666.

304 4945 311 4954 ’
389 4943 525 5032 CCXII

148 5081 196 5140 Ad
209 5082 490 5154 archiepiscopos,
507 5079 690 5151 66666666,
707 5076 769 5136 etc.

357 5191 390 5248 16
402 5191 463 5262 jau.
478 5191 558 5247 itti.

244 5295 376 5360 [9666111166
388 5287 405 5344 i.
416 5308 449 5352 6,,
460 5307 486 5358 p.
499 5293 553 5351 soi,
567 5306 593 5342 n.
606 5291 674 5356 636]

80 5385 151 5445 Vetat
163 5390 196 5448 de
209 5392 315 5450 ordinis
327 5392 495 5450 theutonici
509 5388 740 5463 possessionibus
750 5387 865 5467 stessi-fl

168 5489 241 5538 6616
256 5489 303 5538 661
318 5480 390 5538 alias
400 5481 566 5537 exactiones
579 5477 751 5549 extorqueri.

114 5584 268 5650 Honorius
279 5589 465 5666 eptsoopns,
478 5601 593 5648 servus
605 5583 853 5656 servorumbei‚

904 1817 990 1863 mam
1007 1805 1164 1879 quaestam
1185 1805 1217 1864 et
1235 1805 1427 1866 exactiones
1444 1804 1486 1864 ab
1505 1805 1587 1880 ipsis
1602 1804 1700 1864 inde-

904 1900 990 1960 bitas
1005 1901 1203 1976 extorquere
1215 1903 1429 1976 praesumunt.
1439 1901 1617 1972 Quorcirca
1629 1901 1701 1961 uni-

904 1997 1056 2058 versitati
1095 1999 1215 2058 66666
1252 2011 1311 2073 per
1347 1999 1536 2074 Aposteilca
1576 1998 1699 2074 scripta

906 2095 1099 2154 mandamus
1112 2097 1210 2170 atque
1222 2095 1442 2170 praecipimus
1458 2096 1618 2172 quatenus
1630 2098 1700 2170 jam

906 2191 1009 2251 dictos
1025 2192 1265 2262 molestatores,
1282 2193 1317 2252 66
1330 2191 1371 2252 66
1384 2191 1574 2268 hujusmodi
1584 2191 1702 2252 moles-

904 2289 1030 2348 tatione
1050 2263 1184 2348 cmnino
1199 2287 1360 2349 desistant
1381 2288 1414 2348 66
1428 2290 1506 2364 jura
1524 2289 1702 2362 praedicto-

905 2401 979 2445 rum
1000 2384 1139 2446 fratrum
1163 2387 1198 2445 in
1223 2385 1335 2461 aliquo
1354 2384 1475 2445 laedere
1490 2399 1557 2444 non
1572 2400 1702 2458 praesu-

906 2482 1012 2552 mant,
1039 2483 1219 2543 monitione
1243 2482 1431 2558 praemissa,
1452 2495 1700 2556 percensuram

907 2578 1702 2654 ecclesiasticam,appellationepostposite,com-

906 2676 1048 2751 pellatIs.
1061 2677 1178 2736 ilatum
1192 2673 1698 2746 16166661,111111161166666611,

908 2772 1117 2848 pontificatus
1133 2773 1239 2832 nostri
1255 2787 1343 2832 anno
1359 2772 1483 2847 quinto.

1227 2993 1383 3078 CCXIII

1200 3127 1252 3186 Aci
1266 3129 1412 3186 eosdem.

1206 3238 1239 3294 19
1250 3237 1405 3308 laniati.

1091 3342 1257 3407 [66661161.
1269 3357 1299 3403 c.‚
1312 3358 1336 3406 p.
1348 3342 1403 3400 aot,
1414 3356 1440 3392 6.
1451 3341 1518 3406 636]

936 3443 1019 3500 Vetat
1035 3443 1166 3514 praelatos
1180 3441 1215 3497 66
1228 3440 1393 3498 haereditate
1405 3439 1553 3497 homiuum
1568 3439 1676 3498 ordinis

1037 3529 1204 3587 Theutonici
1217 3537 1326 3609 purtem
1340 3530 1393 3585 sihi
1410 3529 1573 3586 vendicare.

947 3640 1114 3699 Honorius
1127 3639 1312 3714 episcopus,
1325 3653 1441 3698 servus
1450 3653 1621 3698 serrorum
1629 3639 1700 3708 Dei,

908 3735 1154 3796 venerabilibus
1187 3735 1346 3794 iratribus
1379 3733 1637 3810 archiepiscopis
1670 3736 1704 3795 et

907 3833 1073 3908 episcopis
1088 3834 1120 3893 et
1133 3831 1262 3890 dilectis
1279 3819 1362 3890 dliis'
1373 3829 1562 3899 abbatibus,
1581 3830 1703 3906 661661-

907 3931 979 4000 bus,
995 3929 1193 4004 praepositis,
1208 3926 1354 3997 6666616,
1369 3927 1624 3997 6666161666616,
1642 3942 1702 3986 66-
1809 3965 1820 3974 -

908 4025 1165 4103 chipresbyteris
1180 4023 1213 4084 et
1227 4025 1303 4085 aliis
1314 4023 1532 4084 ecclesiarum
1543 4023 1700 4100 praelatis,

907 4123 949 4185 ad
965 4139 1048 4200 quos
1065 4122 1183 4184 litterae
1199 4121 1272 4182 istre
1287 4121 1509 4197 pervenerint,
1521 4121 1705 4181 salutemet

908 4221 1125 4298 apostolicam
1140 4217 1415 4280 benedictionem.

948 4321 997 4379 lix
1007 4319 1101 4394 parte
1114 4315 1478 4384 dilectorum'diiorum,
1493 4313 1631 4374 fratrum
1644 4314 1705 4375 do*

908 4431 981 4476 mus
998 4413 1178 4490 Hospitalis
1200 4391 1328 4474 Sanctae
1348 4412 1463 4472 Mariae
1481 4411 1705 4472 Theutonice-

908 4527 981 4574 rum
993 4509 1582 4587 hierosolymitanampropositum
1593 4523 1705 4569 ceram

909 4607 1014 4680 nobie,
1032 4607 1135 4684 quod,
1159 4621 1233 4666 cum
1258 4605 1322 4681 ipsi
1346 4605 1477 4666 66661666
1491 4605 1618 4680 partem
1633 4621 1705 4664 ome

909 4707 1001 4766 nium
1016 4705 1177 4766 bonorum
1199 4717 1334 4763 suorum
1355 4701 1543 4768 hominum,
1561 4702 1617 4778 661
1632 4703 1707 4778 post

910 4817 946 4864 se
958 4799 1150 4878 relinquunt
1164 4799 1329 4870 haeredes,
1345 4798 1437 4860 soliti
1453 4799 1519 4859 sint
1535 4799 1705 4875 percipere

873 4952 877 4961 ,
910 4914 949 4964 66
962 4900 1170 4961 medietatem
1185 4896 1334 4966 illerum,
1352 4895 1408 4972 qui
1424 4895 1547 4972 absque
1563 4895 1706 4958 baeredi-

909 4999 970 5060 bus
985 4997 1038 5058 661
1055 5010 1159 5056 uxore
1175 4993 1347 5064 decedunt,
1364 4992 1463 5054 etiam
1478 4991 1628 5052 homines
1638 4991 1705 5066 ipsi

899 5096 952 5158 'ad
968 5095 1030 5156 hoc
1041 5091 1307 5168 tideinterposita
1318 5092 1509 5163 tenesmum
1521 5087 1706 5165 presbyteri

911 5195 943 5255 et
958 5190 1071 5253 6166161
1085 5190 1216 5251 tertiam
1231 5189 1357 5264 partem
1370 5187 1544 5263 portionis,
1561 5201 1634 5262 quae
1648 5185 1704 5261 ip-

911 5303 965 5352 sos
980 5288 1101 5349 iratres
1121 5286 1162 5346 de
1179 5288 1257 5362 J'ure
1278 5283 1458 5358 contingit,
1482 5281 1546 5342 sibi
1573 5285 1703 5357 praesu-s

909 5387 1005 5448 munt
1017 5386 1131 5446 contra
1143 5382 1307 5459 justitiam
1320 5379 1512 5448 vendicare,
1531 5378 1705 5454 praedictos

911 5481 1030 5544 iratres
1047 5495 1147 5555 super
1160 5493 1200 5538 ea
1213 5475 1447 5539 molestatIone
1461 5474 1607 5534 indebita
1622 5473 1703 5535 iati-

910 5579 1144 5656 6666666661
1171 5575 1274 5648 igitur
1299 5572 1423 5631 eisdem
1454 5570 1621 5640 iratribus,
1648 5572 1705 5646 661
