3952 6294
276 297 335 354 559

274 467 352 516 raro
365 456 563 520 transmittis
575 460 670 533 alios,
683 477 781 538 quam
792 464 935 538 Judaeos,
951 467 1007 543 qui
1017 467 1065 528 eis

274 552 470 624 constituet
479 555 599 618 tatum
610 556 874 622 Christianorum
885 565 1063 639 exponunt,

273 665 313 710 ac
336 653 462 712 secreta
487 653 654 728 revelant3
677 655 816 734 ideoque
840 659 1065 739 circumspec-

272 747 395 808 tionem
411 750 501 810 tuam
515 750 757 814 sollicitandam
772 753 937 828 duximus,
949 759 982 818 et
994 773 1067 820 mo·

273 846 427 918 nendam,
444 848 605 922 quatenus
616 864 689 910 cum
703 851 870 914 incumbet
882 853 943 915 tibi
957 854 1067 932 htijus-

147 941 152 949 '
274 940 363 1001 modi
395 943 530 1002 nuntios
564 943 748 1018 destinare,
784 951 892 1024 potius
925 949 1067 1014 destinet

274 1038 483 1111 christianos,
501 1058 575 1102 cum
594 1043 654 1104 tibi
675 1060 741 1106 non
761 1045 805 1108 sit
823 1047 863 1106 de
880 1047 1065 1110 infidelium

272 1136 430 1198 fidelitate
457 1139 656 1214 sperandum
683 1163 690 1201 :
714 1157 775 1203 nec
802 1145 984 1211 verisimile
1005 1147 1063 1220 sit,

273 1235 357 1310 quod
370 1235 426 1313 qui
435 1239 641 1312 negaverunt
650 1239 752 1315 impie
764 1241 874 1318 ipsum
886 1243 1063 1316 Christum,

271 1331 385 1392 fideles
400 1348 475 1393 esse
490 1334 630 1396 debeant
642 1336 852 1398 Christianis.
870 1339 987 1401 Datum
1001 1343 1067 1402 La·

270 1430 390 1502 terant,
403 1433 548 1494 linones
561 1433 727 1506 novemb,
738 1435 948 1512 pontificatus
959 1438 1065 1501 nostri

271 1543 359 1590 antro
374 1529 500 1605 quinto.

581 1656 754 1743 LXXXV

299 1791 350 1848 Act
364 1791 587 1851 senectutem
597 1795 791 1866 episcopum
805 1796 1020 1856 scarensem.

575 1912 667 1970 inor.
682 1914 761 1971 ml.

339 2025 483 2090 [Llljegrcm
498 2025 594 2078 Svensk
607 2027 823 2092 diplomatarium,
838 2031 857 2088 l,
868 2029 922 2088 tta,
935 2030 1002 2094 lsi]

272 2135 312 2194 llli
336 2133 486 2191 confirmat
504 2134 659 2204 libertates,
675 2136 872 2207 possessiones
891 2142 921 2193 et
934 2137 1064 2194 immuni·

304 2230 378 2282 tates
392 2238 463 2296 quas
471 2223 602 2282 scarensi
612 2223 741 2282 ecclesia
751 2225 909 2282 contulerat
918 2225 1062 2284 lohannes

304 2327 354 2370 rex
368 2312 491 2370 Swetiae.

311 2430 477 2491 Honorius
491 2433 676 2507 episcopus,
685 2447 801 2493 servus
812 2447 982 2494 serrorum
990 2433 1060 2503 Dei,

272 2526 455 2589 venerabili
470 2527 565 2588 fratri
578 2528 732 2605 episcopo
744 2531 909 2602 scarensi,
923 2529 1062 2591 salutem

273 2627 305 2688 et
314 2625 530 2702 apostolicam
545 2625 821 2687 benedictionem.

311 2725 390 2784 Cum
414 2737 434 2782 a
459 2723 554 2784 nobis
582 2722 706 2800 petitur
724 2725 809 2800 quod
823 2725 948 2802 justum
969 2729 1018 2788 est
1031 2726 1063 2788 et

271 2821 456 2893 honestum,
470 2821 537 2882 tam
559 2820 655 2897 vigor
673 2822 838 2898 aequitatis
863 2838 961 2900 quam
981 2823 1062 2884 ordo

269 2919 375 2996 exigit
386 2919 527 2981 rationis
541 2921 576 2980 nt
591 2919 623 2979 id
636 2933 695 2995 per
716 2920 972 2982 sollicitudinem
988 2921 1064 2982 ofil-

270 3019 314 3079 cii
340 3017 446 3079 nostri
463 3016 503 3078 ad
519 3017 664 3079 debitum
681 3017 881 3095 perducatur
895 3017 1058 3080 effectum.

269 3115 670 3195 eaproptenvsnerahilts
680 3115 716 3177 in
729 3114 859 3178 christo
871 3115 984 3189 frater,
994 3117 1061 3178 tuis

265 3215 365 3293 Justis
384 3212 660 3292 postulationibus
680 3214 810 3290 gratum
836 3213 1061 3290 impartientes

268 3329 452 3384 assensum,
460 3311 629 3376 libertates
645 3312 891 3390 possessionum
904 3313 937 3374 et
948 3313 1062 3373 immn-

271 3413 404 3482 nitates,
420 3427 459 3472 ao
472 3410 538 3472 alia
563 3427 636 3486 quas
662 3409 854 3473 carissimus
876 3410 911 3470 in
931 3409 1060 3472 Christo

270 3507 746 3576 tiliusnosterJ.,illustrisrex
757 3507 899 3579 Swetiae,
911 3507 1060 3569 ecclesiae

266 3611 331 3670 tuas
346 3607 479 3668 liberali
493 3604 634 3668 contulit
649 3605 783 3682 pietate,
795 3607 893 3682 prout
908 3605 941 3666 in
955 3605 1060 3682 ipsius

267 3705 387 3769 litteris
407 3703 536 3782 pleni-us
561 3703 760 3776 continetur,
778 3703 865 3765 sicut
888 3719 927 3764 ea
949 3703 1059 3766 omnia

262 3803 353 3882 juste
369 3818 408 3864 ac
428 3801 566 3880 pacifice
581 3801 721 3874 obtines,
738 3801 798 3864 tibi
814 3801 963 3880 otperto
978 3817 1058 3864 suc-

266 3901 454 3966 cessoribus
467 3903 533 3964 tuis
560 3901 758 3962 auctoritate
772 3899 961 3977 Apostolica
974 3915 1058 3962 oon-

266 4000 446 4070 flrmsmus,
470 4001 503 4060 et
531 4000 704 4076 praesentis
731 3997 845 4076 scripti
874 3997 1059 4074 patrocinio

266 4097 518 4160 communimus.
541 4096 588 4156 nd
602 4099 763 4170 majorem
792 4097 902 4158 autem
918 4095 968 4158 rei
982 4095 1057 4157 avi·

265 4194 412 4257 dentiam
431 4194 580 4255 tenorem
607 4192 794 4254 litterarum
811 4193 956 4268 ipsarum
972 4207 1059 4268 prs-

265 4291 413 4354 sentibus
429 4290 584 4351 duximus
595 4289 812 4352 inserendum
828 4288 884 4365 qui
899 4288 977 4350 talis
989 4289 1056 4350 ests

264 4392 330 4450 «fn
343 4389 477 4451 nomine
487 4389 616 4450 Sanctae
632 4389 664 4449 et
675 4385 856 4448 individuae
871 4385 1056 4459 Trinitatis,

263 4486 431 4550 lohannes
442 4487 502 4547 Dei
516 4485 624 4561 gratia
634 4500 696 4546 rex
716 4485 928 4546 Suetiorum.
944 4485 1059 4545 Omni-

265 4583 326 4644 bus
341 4583 462 4645 Christi
487 4582 638 4644 fldelibus
663 4597 811 4659 praesens
829 4581 989 4658 scriptum
1011 4581 1059 4642 in·

264 4679 433 4744 tuentibus
444 4680 497 4742 vel
513 4679 722 4744 audientibus
737 4679 773 4742 in
792 4681 997 4756 perpetuum.
1010 4681 1059 4742 lin

264 4778 384 4842 delicto
400 4777 496 4854 primi
509 4778 655 4853 parentis
665 4778 791 4840 cunctis
800 4776 1056 4854 infligiturquod

264 4878 409 4939 hnmana
429 4874 586 4936 memoria
603 4874 713 4935 labilis
729 4875 772 4936 sit
791 4878 825 4936 at
842 4874 979 4948 caduca,
992 4876 1057 4936 nisi

263 4992 316 5038 res
329 4975 430 5053 gestae
442 4971 552 5034 vivaci
565 4971 750 5032 litterarum
763 4972 954 5034 testimonio
965 4971 1058 5034 robo-

263 5073 390 5137 rentur.
414 5069 553 5132 Noverit
578 5067 740 5144 siquidem
761 5069 829 5130 mm
845 5069 1056 5146 praesentium

263 5176 343 5237 aetas
358 5185 456 5249 quam
470 5167 653 5230 futurorum
666 5166 853 5242 posteritas,
863 5165 948 5244 quod
959 5167 991 5227 in
1004 5167 1057 5228 die

263 5265 552 5334 inthronizationis
576 5264 697 5325 nostras
721 5263 855 5324 domino
878 5264 1056 5326 Benedicto

264 5368 419 5432 scarensi
434 5365 588 5442 episcopo
601 5361 772 5424 etcaeteris
785 5359 948 5439 episcopis
962 5363 1055 5438 regni

264 5466 369 5532 nostri
385 5465 585 5527 contulimus
605 5457 832 5538 possessiones
848 5458 1054 5520 ecclesiasti-

867 309 1067 370 'flONORlI
1089 312 1133 372 111
1156 315 1303 378 OPERA.
1861 332 1911 393 560

1120 485 1176 531 cas
1193 488 1267 534 cum
1281 475 1464 539 attinentiis
1480 495 1594 542 earum
1607 485 1731 560 aragia
1745 489 1911 550 exactione
1966 497 1967 514 l

1122 566 1244 631 liberas
1260 573 1476 638 etimmunas.
1494 579 1533 640 nt
1547 579 1657 656 siquae
1667 597 1781 644 causas
1794 583 1829 644 in
1844 584 1912 646 futt-

1120 664 1171 725 dis
1193 669 1251 729 aut
1265 670 1400 745 praediis
1424 673 1692 750 presbyterorum
1707 679 1762 740 vel
1778 681 1910 742 colono-

1120 776 1193 824 rum
1219 779 1334 827 eorum
1360 771 1558 834 emerserint
1584 776 1733 837 totaliter
1748 777 1815 854 ipsi
1832 779 1913 854 epis-

1120 875 1203 936 copo
1231 863 1396 928 attineant
1427 867 1461 928 in
1499 870 1749 934 satisfaciendo.
1789 877 1824 935 si
1846 877 1911 952 quis

1121 957 1223 1032 igitur
1238 959 1300 1022 hoc
1315 961 1426 1024 datum
1437 966 1504 1027 tam
1521 969 1768 1032 rationabiliter
1780 973 1911 1034 institu-

1121 1054 1189 1114 tum
1213 1071 1347 1118 cassare
1370 1062 1592 1132 attentaverit,
1613 1067 1706 1142 regia
1729 1068 1857 1130 ultione
1879 1087 1910 1131 se

1122 1154 1251 1215 noverit
1263 1157 1557 1234 complectendum.

1160 1252 1278 1312 Datum
1294 1268 1381 1316 anno
1396 1257 1513 1330 gratiae
1524 1274 1612 1320 anno
1627 1261 1669 1322 ab
1681 1265 1911 1326 incarnatione

1121 1349 1252 1409 Domini
1268 1352 1440 1424 MGCXIX,
1451 1370 1539 1415 anno
1555 1358 1649 1432 regni
1665 1361 1775 1421 nostri
1789 1363 1912 1424 tertio.»

1160 1473 1251 1533 Nulli
1266 1489 1346 1551 ergo
1360 1478 1495 1539 omnino
1512 1480 1681 1543 hominum
1709 1483 1813 1547 liceat
1834 1487 1911 1546 hanc

1120 1569 1274 1645 paginam
1300 1575 1422 1636 nostrae
1445 1577 1706 1642 confirmationis
1730 1581 1910 1658 infringere

1119 1667 1172 1728 vel
1184 1668 1214 1728 ei
1230 1684 1314 1730 ausu
1325 1671 1503 1734 temerario
1516 1677 1703 1753 contraire;
1718 1680 1748 1739 si
1765 1681 1840 1757 quis
1855 1697 1911 1741 an·

1119 1766 1184 1827 tem
1198 1765 1261 1828 hoc
1276 1769 1440 1831 attentare
1452 1777 1702 1850 praesumpserit
1714 1777 1913 1852 indignatio-

1119 1878 1194 1926 nem
1208 1866 1442 1942 omnipotentis
1470 1871 1529 1931 Dai
1544 1874 1577 1933 et
1593 1871 1768 1936 beatorum
1785 1877 1873 1936 Petri
1885 1878 1914 1936 et

1121 1961 1215 2021 Pauli
1228 1963 1453 2038 apostolorum
1466 1970 1494 2043 ej
1500 1983 1550 2038 us,
1563 1984 1599 2030 se
1611 1972 1745 2033 noverit
1757 1971 1910 2034 incursu-

1118 2073 1203 2120 rum.
1226 2060 1343 2120 Datum
1366 2063 1533 2135 laterani,
1552 2067 1580 2126 ll
1596 2081 1701 2127 nonas
1714 2069 1910 2138 novembris,

1118 2154 1330 2230 pontificatus
1345 2160 1449 2222 nostri
1468 2176 1556 2222 anno
1572 2164 1698 2241 quinto.

1419 2385 1613 2474 LXXXVI

1137 2533 1189 2592 Ad
1212 2536 1434 2598 Benedictum
1459 2539 1664 2601 scarensem
1684 2545 1890 2620 episcopum.

1412 2668 1509 2726 lnov.
1535 2671 1613 2730 tato,

1226 2791 1372 2855 [Liljegrem
1385 2793 1493 2844 Svensltt
1505 2793 1579 2859 dipl,
1594 2796 1613 2855 l,
1628 2797 1684 2858 ils,
1697 2811 1721 2847 n.
1739 2799 1807 2863 ish]

1118 2907 1259 2964 Honorius
1274 2909 1314 2966 lll
1327 2909 1456 2967 concedit
1471 2909 1633 2970 facultatem
1654 2913 1824 2988 absolvendi
1850 2915 1908 2971 illos

1152 2997 1201 3068 qui
1216 3005 1330 3069 propter
1342 2997 1536 3056 difficultatem
1552 3001 1657 3059 laboris
1679 3011 1709 3060 et
1724 3005 1838 3062 viarum
1853 3003 1906 3060 dis·

1151 3086 1270 3142 crimine
1290 3085 1496 3144 absolutionem
1513 3090 1655 3160 postulare
1675 3093 1840 3166 negligunt.

1156 3213 1322 3274 Honorius
1333 3214 1515 3292 episcopus,
1528 3232 1643 3278 servus
1657 3234 1830 3282 servorum
1840 3219 1905 3288 Dei,

1116 3310 1298 3371 venerabili
1328 3311 1460 3373 fratri...
1488 3314 1642 3391 episcopo
1661 3317 1832 3389 scarensi,
1855 3332 1907 3376 sa-

1115 3406 1217 3468 lutam
1242 3408 1276 3470 et
1302 3410 1449 3471 nostram
1469 3413 1683 3488 apostolicam
1706 3413 1907 3476 benedictio-

1116 3521 1202 3565 nem.

1155 3604 1234 3664 (lum
1251 3603 1336 3666 sicut
1350 3605 1385 3665 in
1409 3609 1523 3668 nostra
1539 3609 1740 3685 proposuisti
1762 3624 1906 3689 praesen-

1115 3700 1161 3762 tia
1176 3700 1383 3774 constitutus,
1395 3705 1548 3765 nonnulli
1562 3707 1628 3768 tuas
1643 3707 1798 3770 dioecesis
1814 3707 1846 3767 in
1857 3721 1905 3766 ca·

1115 3814 1234 3859 nonem
1259 3799 1334 3861 latae
1360 3802 1533 3863 sententiae
1554 3804 1750 3874 incidentes,
1777 3805 1905 3882 propter

1114 3896 1201 3974 quod
1224 3899 1336 3959 essent
1359 3897 1400 3958 ad
1424 3899 1541 3960 sedem
1563 3903 1788 3976 apostoticam
1808 3899 1905 3962 desti-

1114 3994 1215 4056 nandi
1230 3995 1411 4056 secundum
1425 3997 1603 4058 canonicas
1620 3999 1823 4071 sanctiones,
1833 3999 1904 4059 dum

1114 4091 1325 4154 considerant
1340 4093 1566 4156 difficultatem
1577 4095 1714 4168 laboris,
1729 4100 1761 4160 et
1779 4099 1902 4160 viarum

1113 4176 1323 4262 discrimina,
1347 4191 1520 4266 negligunt
1561 4191 1781 4255 absolutionis
1808 4194 1903 4255 bene-

1114 4283 1225 4345 ficium
1234 4285 1412 4362 postulare,
1426 4303 1498 4357 nos,
1513 4288 1546 4348 et
1559 4286 1695 4350 illorum
1710 4289 1811 4351 saluti
1827 4301 1903 4348 con-

1113 4381 1234 4453 sulere,
1244 4398 1284 4444 ac
1302 4384 1368 4444 tuae
1385 4383 1589 4446 fraternitati
1602 4385 1731 4448 deferre
1746 4387 1901 4451 volentes,

1113 4479 1305 4541 absolvendi
1319 4496 1377 4542 eos
1391 4483 1486 4558 iuxta
1503 4481 1643 4544 formam
1659 4485 1815 4547 Ecclesiae
1829 4480 1903 4543 libe

1113 4591 1184 4637 ram
1195 4575 1255 4640 tibi
1266 4578 1463 4641 auctoritate
1473 4581 1687 4657 presentium
1696 4582 1901 4644 concedimus

1114 4673 1315 4748 facultatem,
1330 4677 1395 4736 nisi
1411 4675 1494 4738 forte
1507 4677 1553 4738 ita
1574 4681 1663 4740 esset
1676 4679 1793 4742 talium
1808 4691 1901 4740 enor-

1113 4772 1175 4832 mis
1191 4787 1358 4846 excessus,
1380 4774 1467 4851 qviod
1483 4777 1602 4837 merito
1614 4776 1772 4840 deberent
1787 4777 1827 4840 ad
1841 4777 1900 4836 Sa-

1089 4951 1090 4954 *
1112 4869 1186 4931 dem
1207 4871 1429 4946 Apostolicam
1454 4871 1624 4945 destinari,
1645 4875 1758 4952 utpote
1783 4877 1812 4938 si
1827 4887 1900 4950 pro-

1112 4967 1268 5030 cederent
1285 4968 1327 5029 ad
1341 4969 1583 5032 mutilationem
1598 4973 1830 5045 membrorum,
1847 4984 1899 5031 seu

1111 5081 1247 5141 gravem
1262 5066 1436 5143 sanguinis
1451 5067 1659 5142 effusionem,
1672 5071 1725 5133 vol
1740 5072 1782 5133 ad
1796 5073 1897 5147 injec-

1111 5165 1234 5225 tionem
1247 5180 1404 5227 manuum
1418 5165 1452 5226 in
1464 5167 1666 5246 episcopum,
1676 5169 1729 5231 vel
1742 5169 1896 5232 abbatem,

1111 5262 1196 5338 quod
1223 5277 1289 5324 non
1319 5265 1406 5324 esset
1431 5263 1466 5324 in
1500 5267 1659 5341 patientia
1685 5267 1894 5330 tolerandum.

1111 5361 1229 5423 Datum
1250 5360 1431 5433 Lateranii,
1448 5363 1597 5426 linones
1614 5365 1811 5438 novembris,
1828 5375 1898 5440 pon-

1111 5457 1258 5519 tificatus
1274 5459 1379 5520 nostri
1394 5473 1482 5522 anno
1497 5461 1621 5538 quinto.
