4096 6312
118 398 166 457 roo
731 361 959 453 nrisronm.
983 391 1060 452 nin.
1084 393 1122 464 v.

111 553 219 616 mando
231 551 381 614 sacristae
393 549 554 626 Agathan.
572 550 706 613 duxerit
721 549 891 612 conferen-

112 647 890 720 dametnoseamsibicontirmaverimnsmerito

111 745 891 824 suaeprobitatisinductidiscretioni,vestraeper

109 845 289 920 Apostolioa
326 845 449 920 scripta
486 844 701 915 mandamus,
729 846 890 921 quatenus

109 942 220 1002 dictum
245 942 420 1004 sacristam
434 943 469 1002 in
495 942 703 1018 possessione
725 942 890 1018 praeposi-

108 1041 182 1100 turae
195 1040 362 1100 inducatis
377 1039 482 1115 ipsius
502 1041 534 1099 et
549 1038 678 1102 faciatis
693 1056 767 1100 eum
784 1039 891 1116 ipsam

109 1137 235 1212 pacifice
265 1137 448 1213 possidere.
479 1137 748 1199 contradictores
775 1137 804 1196 si
835 1136 890 1213 qui

108 1233 232 1306 fuerint,
254 1234 307 1296 vel
327 1234 485 1307 rebelles,
507 1246 762 1310 percensuram
784 1235 892 1295 eccle-

109 1332 280 1402 sIasticam,
303 1331 432 1392 sublato
454 1331 688 1407 appellationis
708 1331 888 1402 obstaculo,

108 1429 347 1507 compescendo
364 1428 456 1500 Quod
471 1430 499 1489 si
514 1445 581 1490 non
596 1444 721 1500 omnes,
744 1431 806 1491 etc.
823 1431 892 1490 lia-

107 1527 168 1586 tum
199 1527 369 1599 Laterani,
398 1529 460 1587 XII
492 1526 654 1588 kalendas
680 1527 777 1598 maii,
804 1541 891 1588 auno

108 1623 222 1699 quinto.

378 1809 616 1900 CCCXXVII

104 1963 149 2020 dd
161 1965 442 2024 archidiaconum
456 1967 708 2033 Grtezhcneem,
718 1963 893 2024 custodem

137 2063 412 2122 Porrtcrricrtacm
435 2061 505 2122 et...
529 2062 759 2130 Liciiienaem,
783 2064 893 2121 Gttez-

138 2160 255 2218 ocreas
267 2161 435 2219 dioeccsis.

382 2289 417 2346 io
431 2289 512 2362 april.
530 2289 610 2348 tiit.

185 2411 318 2476 whether,
330 2413 396 2464 llon.
412 2413 534 2472 Polouiae,
546 2417 565 2462 t.
584 2412 603 2470 1,
617 2427 642 2477 p.
659 2411 696 2470 te,
710 2426 737 2461 n.
747 2411 800 2478 ii]

104 2526 249 2584 donentur
261 2526 383 2599 jndices,
401 2535 432 2584 ut
448 2527 664 2599 crucesignatos
679 2529 707 2584 iu
723 2527 839 2585 Potonia
857 2526 893 2585 ad

134 2614 326 2688 adjuvandum
338 2617 503 2688 episcopum
516 2617 638 2674 Prussie
650 2618 678 2672 in
694 2616 894 2674 convertendis

133 2707 189 2760 suis
209 2705 333 2776 paganis
355 2704 549 2772 cohortentur,
579 2704 671 2777 iisque
698 2704 894 2777 indulgentias

133 2791 382 2850 transfretantibus
400 2793 429 2850 in
449 2795 565 2850 Terram
587 2794 719 2852 Sanctam
740 2808 893 2853 concessas

133 2881 305 2954 largiantur.

137 3000 500 3076 Honoriusepiscopns,
514 3015 630 3061 servus
641 3016 813 3062 servorum
820 3001 891 3074 Dei,

104 3096 227 3158 dilectis
251 3097 367 3158 tiliis...
391 3097 627 3159 archidiacono
654 3099 890 3171 Gneznensi...,

104 3195 225 3256 custodi
253 3195 476 3256 Poznaniensi
503 3196 572 3256 et...
588 3195 761 3256 LIcitienai
783 3198 892 3256 Gnez-

103 3294 209 3353 nensis
225 3292 390 3364 dioecesis,
408 3291 548 3353 salutem
564 3292 597 3353 et
611 3291 825 3368 apostolicam
840 3291 894 3354 be·

103 3389 330 3450 sedictionem.

139 3487 171 3547 Si
182 3503 245 3564 pro
256 3486 419 3548 varietate
430 3488 638 3562 negotiorum
646 3489 698 3550 vel
709 3488 893 3566 temporum

103 3585 238 3645 consilia
264 3584 401 3661 provide
429 3585 611 3658 variamus,
628 3603 695 3647 nou
714 3588 764 3648 est
784 3587 894 3663 impu-

102 3682 233 3742 tandum
246 3681 478 3743 inconstantiae
492 3682 631 3755 levitati,
644 3683 701 3743 sed
710 3683 893 3744 maturitati

102 3779 204 3853 potius
217 3777 484 3840 adscribendum.
497 3781 584 3840 Sane
595 3781 704 3841 autem
716 3780 891 3856 quondam,
913 3823 914 3828 η

102 3877 180 3950 quod
196 3877 234 3936 in
253 3875 403 3952 partibus
427 3877 572 3937 Prussiae
591 3877 720 3939 noviter
733 3876 892 3952 baptizati

100 3973 305 4034 vexabantur
319 3973 442 4034 acriter
456 3989 476 4033 a
489 3975 641 4051 paganis,
655 3989 716 4034 nos
738 3973 893 4035 timentes

101 4082 138 4128 ne
162 4085 231 4130 non
253 4069 360 4129 solum
382 4070 597 4131 convertendi
617 4085 637 4130 a
662 4070 892 4132 conversionis

100 4166 347 4228 retardarentur
368 4167 547 4243 proposita,
567 4183 682 4228 verum
695 4168 795 4228 etiam
807 4183 892 4228 oon·

99 4265 181 4324 versi
197 4265 398 4340 cogerentur
408 4265 525 4335 averti,
537 4265 756 4325 ecclesiarum
766 4264 890 4340 praela·

100 4359 138 4420 tis
152 4361 397 4438 circumpositae
413 4361 560 4436 regionis
573 4362 756 4422 direximus
769 4361 892 4438 scripta

99 4461 218 4534 nostra,
236 4461 274 4520 ut
297 4458 420 4520 Christi
442 4459 556 4520 fideles
582 4459 623 4520 ad
645 4459 891 4536 suscipiendam

101 4569 238 4628 crucem,
257 4556 290 4617 et
310 4555 351 4617 ad
372 4556 631 4618 succurrendum
644 4557 775 4617 noviter
789 4556 893 4632 bapti·

98 4653 175 4714 zatis
210 4653 448 4730 predicatione
483 4653 598 4713 sedula
631 4653 889 4724 commonerent,

101 4751 246 4811 eamdem
267 4750 316 4811 eis
337 4752 547 4827 peccatorum
562 4751 694 4810 veniam
711 4750 890 4826 indulgen-

100 4845 155 4918 tes,
184 4861 260 4924 quae
289 4862 446 4908 concessa
475 4849 526 4909 est
549 4847 839 4910 transfretantibus
856 4849 891 4907 in

101 4942 281 5004 subsidium
309 4947 421 5004 Terrae
445 4945 586 5006 Sanctae.
604 4945 815 5006 Postmodum
830 4961 893 5005 au-

100 5039 161 5100 tem
188 5040 375 5103 venerabili
399 5041 503 5103 fratre
529 5045 680 5123 nostro...
710 5041 891 5102 Albanensi

101 5137 263 5214 episcop0,
285 5119 484 5213 {apostoncae
511 5139 605 5199 Sedis
626 5138 746 5214 legate,
768 5141 800 5199 et
814 5139 891 5199 aliis

101 5235 890 5312 crucesignatisexistentibusapndhamiatamin

102 5331 234 5392 servitio
257 5333 338 5393 Jesu
364 5333 497 5405 Christi,
515 5333 584 5394 suis
608 5333 703 5395 nobis
725 5333 844 5394 litterIs
860 5335 893 5394 et

102 5428 224 5490 nuntiis
237 5429 481 5502 intimantibus,
495 5431 580 5507 quod
594 5431 776 5506 urgentius,
793 5445 891 5505 quam

101 5538 242 5602 unquam
270 5527 501 5602 indiguissent,
530 5531 659 5590 maturo
683 5527 716 5589 et
743 5526 891 5587 manuali

102 5637 317 5695 personarum
345 5627 378 5685 et
401 5640 513 5686 rerum
537 5625 664 5686 auxilio
687 5623 889 5699 indigebant,

103 5732 159 5777 nos
173 5722 356 5798 cupientes
371 5723 407 5783 ut
427 5723 467 5782 ad
486 5723 518 5783 id
535 5723 678 5782 manime
695 5720 841 5781 collectis
857 5720 891 5778 in

241 5867 356 5910 erinon.
376 5867 451 5910 rous
469 5857 518 5912 lll.

1680 398 1740 458 770

946 567 1046 612 unum
1085 551 1213 614 vlrlbus
1250 553 1436 616 intenderet
1475 556 1563 618 totus
1597 556 1739 634 populus

945 649 1313 727 christianus,nequasi
1323 652 1450 712 divisus
1461 654 1495 714 in
1506 655 1617 730 partes
1629 655 1739 714 minus

945 745 1111 808 sufficeret
1125 747 1166 808 ad
1182 748 1368 825 utrumque,
1386 751 1616 812 revocavimus
1631 753 1738 828 quoad

946 843 1226 918 crucesignandos
1253 847 1331 906 tunc
1359 846 1583 922 indulgentias
1611 863 1738 925 supra-

945 939 1065 1016 dictes;
1083 957 1170 1002 nunc
1180 943 1292 1004 autem
1305 944 1394 1019 quia,
1407 945 1493 1007 sicut
1504 945 1600 1007 nobis
1615 947 1665 1008 est
1680 963 1740 1023 pro

945 1039 1035 1100 certo
1061 1040 1215 1111 relatum,
1242 1041 1270 1100 si
1294 1041 1518 1104 dimiserimus
1544 1044 1593 1104 sic
1608 1045 1739 1106 noviter

945 1132 1136 1208 baptizatos,
1164 1134 1332 1196 laberetur
1353 1137 1473 1211 exiguo
1498 1139 1583 1215 quod
1608 1143 1739 1215 partum

946 1231 996 1291 est
1015 1232 1163 1309 tempore
1189 1233 1298 1307 longo,
1327 1249 1401 1294 cum
1425 1235 1453 1294 si
1480 1235 1629 1298 levantes
1657 1253 1740 1298 ocu-

945 1326 995 1388 los
1023 1343 1101 1388 euos
1129 1329 1170 1390 ad
1205 1335 1344 1402 montes,
1373 1331 1458 1392 unde
1480 1335 1614 1407 sperant
1639 1335 1740 1396 auxi-

946 1423 1027 1484 lium
1064 1425 1129 1486 sibi
1158 1427 1292 1499 venire,
1327 1429 1468 1504 speratis
1503 1429 1740 1494 fraudarentur

946 1523 1094 1594 auxiliis,
1136 1539 1210 1586 cum
1248 1541 1353 1586 uxore
1386 1527 1471 1588 Loth
1502 1530 1592 1590 retro
1626 1530 1738 1607 respi-

946 1634 1021 1680 cere
1061 1621 1269 1696 cogerentur,
1304 1623 1338 1684 et
1370 1625 1419 1688 sic
1447 1625 1537 1686 nulla
1566 1627 1738 1704 relinque-

947 1717 1039 1777 retur
1068 1732 1143 1793 spes
1176 1718 1217 1780 de
1244 1720 1321 1782 aliis
1347 1723 1593 1795 convertendis,
1624 1739 1741 1786 cruce-

947 1813 1119 1888 signandis
1139 1815 1174 1875 in
1190 1831 1305 1878 eorum
1320 1818 1483 1880 auxilium
1499 1821 1647 1884 eamdem
1662 1838 1741 1898 pec-

901 1939 908 1958 .
947 1912 1094 1972 catorum
1118 1912 1261 1984 veniam,
1278 1931 1376 1991 quam
1396 1919 1618 1978 concessimus
1633 1918 1739 1995 profl-

947 2007 1146 2069 ciscentibus
1171 2010 1206 2070 in
1231 2010 1414 2072 subsidium
1449 2015 1560 2074 Terrae
1590 2016 1736 2088 Sanctae,

948 2105 1066 2166 iterum
1096 2104 1250 2167 duximus
1283 2109 1537 2171 concedendam.
1577 2113 1738 2183 Quocirca

948 2201 1182 2266 discretionem
1204 2207 1349 2268 vestram
1372 2223 1544 2268 monemus
1567 2212 1599 2270 et
1619 2210 1739 2272 horta-

948 2301 1741 2384 murattente,perApostolicascriptamandan-

947 2399 1007 2471 tes,
1035 2400 1198 2475 quatenus
1218 2401 1469 2464 christifideles
1486 2419 1545 2479 per
1567 2404 1740 2466 Poloniam

947 2498 1074 2558 tantum
1094 2497 1127 2559 et
1145 2498 1376 2560 Pomeraniam
1392 2501 1589 2562 constitutos
1604 2502 1644 2562 ad
1658 2517 1739 2564 suc-

948 2595 1146 2656 currendum
1162 2597 1211 2656 eis
1221 2597 1401 2658 secundum
1415 2598 1742 2662 consiliumvenera·

947 2690 1024 2752 bilis
1039 2691 1151 2756 fratris
1168 2693 1311 2754 nostri...
1325 2695 1472 2770 episcopi
1488 2697 1631 2756 Prussiae
1645 2695 1740 2757 salu-

947 2788 1050 2851 briter
1078 2790 1302 2863 exhortantes,
1330 2791 1496 2863 omnibuS,
1525 2793 1580 2870 qui
1604 2794 1740 2870 accepta

948 2902 1046 2948 cruce
1074 2888 1113 2947 ad
1130 2887 1387 2950 succurrendum
1400 2889 1449 2950 eis
1469 2905 1504 2950 se
1520 2891 1738 2964 accinxerint,

944 2985 1041 3060 jnxta
1062 2986 1213 3062 proprias
1235 2985 1408 3047 facultates
1430 2987 1641 3062 peccatorum
1657 3003 1739 3049 suo-

949 3097 1021 3144 rum
1035 3083 1178 3154 veniam,
1196 3085 1292 3160 prout
1307 3085 1459 3160 superius
1470 3087 1521 3146 est
1533 3100 1737 3160 expressum,

948 3180 1144 3240 auctoritate
1165 3180 1278 3240 nostra
1302 3195 1376 3241 esse
1401 3180 1602 3243 denuntietis
1624 3182 1739 3242 indul-

948 3278 1026 3340 tam.
1050 3278 1168 3337 Datum
1196 3278 1363 3349 Laterani,
1386 3279 1448 3338 Xll
1469 3277 1631 3340 kalendas
1646 3279 1738 3352 maii,

949 3373 1158 3450 pontificatus
1173 3374 1279 3435 nostri
1294 3389 1382 3435 anno
1395 3375 1520 3450 quinto.

1215 3571 1475 3659 CCCXXVIII

968 3723 1020 3782 Act
1032 3724 1223 3783 loitcrtuem
1237 3722 1511 3797 strigoniensem
1525 3725 1724 3797 archiepisc.

1229 3843 1264 3900 iti
1281 3842 1361 3914 april.
1378 3842 1456 3900 tiit.

1065 3947 1154 4013 trojo,
1167 3947 1228 3999 Cod.
1240 3947 1314 4012 dipl..
1325 3947 1511 4012 Hungarieadll,
1525 3961 1544 4004 t,
1556 3947 1624 4014 alu]

946 4056 1025 4116 Circa
1043 4053 1201 4113 monachos
1224 4055 1338 4112 Grecos
1362 4053 1613 4126 Wisegradensas,
1636 4055 1742 4128 quibus

1013 4144 1143 4203 Andreas
1158 4144 1273 4201 Latinos
1286 4143 1417 4201 substitui
1428 4143 1518 4216 petiit,
1533 4143 1672 4202 rescribit.

986 4262 1154 4323 Honorius
1164 4261 1350 4338 episcopus,
1361 4275 1476 4320 servus
1485 4274 1655 4322 servorum
1667 4261 1738 4342 Dei,

945 4358 1130 4421 venerabili
1138 4357 1233 4419 fratri
1245 4358 1494 4434 archiepiscopo
1507 4358 1739 4432 strigoniensi,

947 4459 979 4518 et
993 4456 1112 4519 dilecto
1134 4455 1203 4516 illio
1223 4454 1331 4516 abbati
1349 4455 1389 4514 de
1405 4455 1498 4527 Pilis,
1513 4455 1741 4530 vesprimien-

947 4553 993 4612 sis
1008 4552 1172 4623 dioecesis,
1187 4551 1327 4611 salutem
1347 4549 1380 4610 et
1403 4549 1618 4626 apostolicam
1637 4550 1740 4612 berre-

947 4649 1136 4710 dictionem.

987 4747 1185 4808 carissimus
1211 4745 1246 4805 in
1271 4743 1400 4804 Christo
1424 4741 1513 4804 illius
1532 4743 1655 4818 noster,
1679 4760 1740 4808 rex

946 4844 1127 4919 ilungariae
1138 4842 1290 4912 illustris,
1307 4840 1401 4901 nobis
1416 4841 1587 4903 insinuare
1599 4844 1736 4914 curavit,

947 4942 1032 5018 quod
1052 4939 1184 5001 abbatia
1209 4939 1249 5000 de
1263 4937 1450 5015 Wisegrad,
1467 4939 1738 5014 wesprimiensis

946 5039 1115 5110 dioecesis,
1145 5038 1180 5097 in
1208 5052 1272 5112 qua
1297 5039 1352 5113 jus
1380 5037 1506 5098 obtinet
1530 5037 1737 5111 patronatus,

947 5141 1079 5198 Graecos
1094 5133 1194 5196 babet
1208 5135 1400 5207 monachae,
1418 5135 1450 5195 et
1464 5132 1580 5194 habuit
1594 5131 1635 5192 ab
1651 5133 1741 5194 anti-

947 5249 1030 5312 qu03
1051 5233 1238 5309 inquorum
1255 5231 1407 5292 manibus
1426 5229 1558 5291 abbatia
1573 5229 1645 5305 ipsa
1656 5229 1739 5292 adeo

946 5331 980 5390 in
992 5329 1221 5406 spiritualibus
1232 5329 1265 5390 et
1274 5326 1510 5404 temporalibus
1520 5326 1738 5403 estcollapsa,

947 5427 1113 5504 quodnisi
1128 5428 1343 5489 instituantur
1356 5439 1507 5500 personae
1519 5422 1642 5484 ibidem
1654 5425 1740 5486 vici-

947 5524 1012 5586 niis
1032 5525 1184 5586 ecclesiis
1197 5524 1312 5598 lingua
1327 5525 1361 5582 et
1372 5521 1441 5582 vita
1453 5519 1651 5590 conformes,
1668 5521 1736 5592 vix,

946 5622 1004 5683 aut
1029 5637 1199 5698 nunquam
1222 5619 1355 5696 adjiciet
1381 5620 1418 5680 ut
1437 5619 1606 5692 resurgat.
1629 5620 1739 5689 Quare

947 5719 1126 5816 postularit
1145 5718 1318 5788 instanter,
1336 5717 1371 5777 ut
1386 5715 1432 5779 ibi
1447 5714 1627 5776 monachos
1642 5715 1738 5776 Lati-

1566 5845 1601 5902 att
