4198 6322
140 397 179 456 93
759 393 988 452 EPISTOLAE.
1013 393 1090 452 LIB.
1115 394 1170 454 ΙΙΙ.
1751 403 1790 460 al

140 552 281 616 nasterii
301 552 414 614 Sancti
433 552 582 624 Quintini
597 551 631 612 in
647 551 770 624 Insula,
791 553 861 613 et...
878 551 939 612 de·
994 550 1245 628 responderunt,
1275 551 1361 628 quod
1391 569 1465 613 cum
1487 554 1643 629 praelatus
1665 557 1790 620 electus

141 664 226 710 cano
252 650 366 712 Sancti
392 649 541 722 Quintini
576 649 762 712 Novionen.
787 649 940 710 dioecesis
994 647 1040 708 ad·
1059 663 1174 709 eorum
1201 650 1440 711 monasterium
1462 652 1659 716 accessisset
1673 653 1791 716 visita·-

141 749 175 808 et
187 748 219 809 l.
238 746 473 810 archidiacono
488 749 699 810 cameracen.
993 745 1094 806 tionis
1107 745 1228 806 ibidem
1244 747 1388 808 osticium
1402 749 1623 824 impensurus,
1640 753 1792 828 promisit

181 844 329 906 Dilectus
345 845 471 906 iilius...
497 846 674 908 Belvacen.
695 845 821 906 electus
844 842 939 904 nobis
994 842 1128 914 eisdem,
1146 843 1230 919 quod
1247 845 1406 905 canonice
1421 846 1455 905 in
1478 847 1694 923 inquisitione
1707 866 1789 926 pro-

141 957 203 1020 per
217 943 560 1014 nuntium,etlitteris
575 943 752 1012 intimavit,
768 942 939 1020 quodcum
994 939 1135 1010 cederet,
1166 942 1199 1001 at
1222 941 1262 1001 de
1290 940 1418 1003 abbatis
1442 945 1582 1005 consilio
1609 947 1792 1021 corrigeret

140 1039 344 1100 uenerabilis
359 1041 463 1102 irater
477 1043 626 1124 noster...
646 1043 782 1102 Reman.
805 1040 938 1101 archie—
993 1037 1201 1112 corrigenda.
1227 1039 1289 1111 Qui
1301 1041 1506 1115 postmodum
1522 1041 1609 1118 quod
1624 1043 1790 1120 promise-

140 1136 299 1213 piscopus
318 1137 383 1198 iter
395 1139 683 1216 ierosolymitanae
698 1137 940 1214 peregrinatio·
993 1135 1045 1194 rat
1060 1149 1126 1194 non
1138 1135 1282 1207 servato,
1301 1137 1334 1198 et
1344 1137 1566 1214 praetermissa
1582 1139 1687 1202 torma
1703 1143 1791 1202 Con-

140 1233 195 1294 nis
211 1234 420 1310 aggrediens,
445 1235 509 1296 sibi
533 1236 623 1296 vices
647 1251 725 1296 suas
744 1234 780 1296 iu
802 1237 937 1298 Reman.
993 1230 1062 1291 ciiii
1072 1232 1238 1306 generalis
1254 1249 1321 1296 non
1336 1236 1552 1310 exprimendo
1577 1238 1732 1314 capitulo,
1749 1239 1790 1300 de

141 1332 316 1406 provincia
331 1333 561 1405 commisisset,
578 1333 649 1410 ipse
662 1331 764 1403 audit,
781 1331 868 1392 fama
883 1347 940 1408 pu·
993 1328 1113 1405 quibus
1128 1333 1202 1392 erat
1226 1331 1397 1408 inquisitio
1422 1333 1585 1407 iacienda,
1615 1335 1650 1396 in
1675 1351 1790 1397 eorum

140 1426 230 1490 blica
251 1429 454 1506 divulgante,
477 1431 563 1507 quod
584 1431 724 1492 ecclesia
740 1430 853 1491 Sancti
869 1433 937 1492 Re·
993 1443 1172 1502 gravamen
1185 1428 1226 1488 ad
1254 1429 1505 1506 inquisitionem
1516 1447 1576 1508 pro
1588 1449 1649 1493 sua
1664 1434 1786 1494 volun-

139 1525 237 1600 migii
253 1529 387 1588 Reman.
404 1528 583 1604 languente
596 1527 703 1604 capite
718 1526 939 1604 membrisque
992 1527 1060 1586 tate
1075 1525 1246 1601 processit,
1264 1527 1425 1599 statuane,
1442 1529 1479 1588 ut
1488 1528 1575 1588 idem
1590 1529 1692 1590 abbas
1708 1547 1792 1607 qua-

141 1623 387 1687 infirmantibus
402 1637 504 1700 grave
523 1624 712 1702 patiebatur
730 1623 766 1684 in
781 1623 939 1700 spiritua·
992 1623 1069 1682 tuor
1102 1623 1284 1684 monachos
1315 1625 1348 1686 et
1383 1623 1518 1686 totidem
1546 1625 1650 1687 laicos
1679 1643 1789 1688 secum

140 1719 230 1780 libus
244 1721 487 1794 detrimentum,
511 1723 592 1784 illuc
610 1722 860 1799 adpetitionem
879 1721 940 1782 ab·
993 1718 1139 1792 haberet,
1159 1721 1231 1780 sine
1256 1737 1395 1797 quorum
1416 1723 1567 1795 consilio,
1584 1725 1638 1785 vel
1663 1725 1705 1785 ad
1726 1725 1792 1784 mi-

137 1815 228 1878 batis
243 1833 344 1879 eausa
363 1819 563 1882 visitationis
579 1819 772 1898 procedens,
795 1819 938 1895 receptis
993 1832 1053 1876 nus
1079 1833 1193 1878 eorum
1221 1821 1363 1894 quatuor
1380 1819 1464 1878 nihil
1490 1836 1646 1895 magnum
1672 1821 1788 1898 dispo-

140 1912 382 1976 suiiicientibus
411 1916 671 1994 depositionibus
699 1916 937 1978 monachorum
992 1915 1095 1986 neret,
1110 1914 1220 1975 nullas
1234 1931 1397 1990 expensas
1413 1916 1547 1989 iaceret,
1566 1934 1626 1979 nec
1645 1918 1790 1995 aliquem

140 2011 289 2086 ejusdem
304 2013 453 2074 eeclesiae
471 2015 671 2090 juratorum,
697 2012 823 2091 liquido
842 2029 936 2074 com·
992 2013 1198 2072 contractum
1214 2027 1376 2074 summam
1387 2014 1506 2089 viginti
1521 2015 1681 2074 librarum
1697 2031 1791 2076 exce-

139 2109 285 2184 perisset
306 2112 390 2187 quod
406 2127 466 2187 per
485 2111 612 2174 abbatis
631 2111 866 2188 negligentiam
882 2127 939 2172 ec-
992 2107 1240 2181 denteminiret,
1252 2109 1790 2185 augendi,minuendietmutandi

138 2207 246 2267 alesia
273 2207 503 2285 multipliciter
523 2212 597 2272 erat
619 2208 776 2286 collapsa,
804 2211 938 2288 propter
992 2221 1093 2281 penas
1108 2221 1144 2265 se
1159 2207 1320 2282 potestate
1335 2207 1474 2278 retenta,
1491 2208 1653 2286 adjiciens
1675 2209 1787 2276 etiam,

138 2303 228 2379 quod
260 2305 410 2366 severius
439 2307 592 2383 potuerat
617 2306 797 2383 procedere
823 2307 936 2369 contra
992 2303 1027 2364 ut
1054 2302 1156 2364 abbas
1180 2302 1220 2365 de
1244 2305 1407 2365 servando
1437 2307 1561 2366 statuto
1599 2306 1790 2382 hujusmodi

136 2417 235 2476 eum;
265 2402 381 2463 volens
408 2404 519 2466 mmen
548 2404 807 2468 misericorditer
837 2419 937 2480 agere
991 2401 1164 2476 praestaret
1198 2400 1417 2478 corporaliter
1449 2404 1687 2480 jnramentum.
1726 2403 1790 2466 Sed

137 2515 215 2559 cum
238 2499 371 2572 ecdem,
401 2500 429 2561 si
458 2501 542 2562 sorte
568 2517 649 2563 sano
677 2515 756 2564 usus
784 2501 934 2574 consilia,
990 2513 1063 2558 cum
1089 2497 1266 2573 praedictus
1281 2497 1384 2560 abbas
1406 2501 1563 2561 statutum
1582 2501 1789 2578 peteretpu-

136 2594 259 2657 saltem
270 2613 312 2658 ex
324 2598 620 2674 tuncintelligerat‚
629 2601 665 2661 ut
673 2597 758 2661 bene
765 2600 889 2675 ageret,
897 2613 936 2661 ac
989 2592 1118 2666 blicari,
1135 2596 1170 2657 ut
1182 2595 1210 2654 si
1224 2595 1299 2672 quis
1314 2611 1490 2672 personam
1503 2597 1608 2674 ipsius
1625 2598 1788 2674 tangeret,

137 2708 176 2753 se
191 2693 234 2754 ad
249 2693 375 2770 b'ugam
392 2695 469 2757 vitae
489 2698 696 2758 converteret
715 2696 874 2769 melioris,
896 2697 936 2758 de
990 2692 1022 2752 ei
1036 2707 1137 2768 super
1152 2691 1538 2770 bocdaiensioniscopia
1552 2709 1619 2756 non
1646 2694 1788 2766 deesset,

137 2789 337 2866 prudentum
353 2793 501 2854 virorum
519 2793 671 2862 consilio,
697 2793 935 2856 deliberatione
990 2789 1076 2849 idem
1088 2789 1212 2850 electus
1225 2789 1258 2849 id
1272 2789 1382 2851 iacere
1390 2791 1567 2863 recusavit,
1576 2794 1789 2869 propterquae

136 2885 253 2949 habita
268 2887 429 2964 diligenti,
445 2889 697 2962 ordinationem,
709 2891 745 2952 ut
753 2893 824 2969 ejus
834 2890 935 2952 verbo
990 2886 1101 2947 omnia
1122 2889 1323 2948 memoratus
1354 2887 1455 2948 abbas
1477 2889 1623 2950 sentiens
1646 2888 1721 2960 sibi,
1757 2889 1791 2950 et

137 2985 283 3057 utamur,
299 2984 426 3046 iecltin
450 2985 565 3048 eadem
587 2987 728 3048 ecclesia
755 2987 935 3048 decaetero
990 2983 1191 3044 monasterio
1214 2999 1316 3058 grave
1338 2983 1553 3062 praejudicum
1567 2985 1733 3060 generari,
1757 2989 1791 3047 et

137 3083 281 3142 tirmiter
309 3080 564 3156 observandam,
602 3088 696 3161 cujus
719 3087 866 3146 tenorem
894 3085 935 3146 ad
989 3081 1182 3158 predictum
1211 3081 1352 3144 electum
1387 3083 1503 3144 contra
1534 3082 1789 3160 promissionem

136 3195 200 3239 noe
214 3179 384 3240 abeodem
406 3181 510 3243 electo
526 3181 586 3242 sub
601 3197 661 3242 suo
685 3181 795 3258 sigillo
818 3182 934 3244 trans·
990 3193 1095 3250 suam,
1110 3179 1144 3239 et
1152 3178 1288 3238 concilii
1300 3177 1484 3239 formamin
1495 3179 1790 3257 inquisitioneper-

136 3275 289 3348 missum‚
314 3277 408 3338 vobis
441 3277 501 3339 sub
526 3277 616 3340 bulla
643 3279 757 3340 nostra
779 3278 936 3339 duximus
988 3290 1102 3352 param
1117 3274 1320 3352 processisse
1339 3289 1553 3351 cognoscens,
1570 3278 1791 3339 nostramau·

134 3371 382 3434 destinandum.
411 3377 504 3436 Hanc
538 3377 649 3438 autem
679 3374 933 3448 ordinationem,
989 3372 1149 3434 dieutiam
1173 3371 1365 3449 appellavit,
1389 3372 1606 3449 appellationi
1620 3376 1692 3450 ejus
1707 3390 1789 3436 con-

135 3470 225 3532 sicut
250 3469 337 3531 idem
358 3469 481 3534 electus
496 3472 566 3534 suis
586 3471 681 3533 nobis
707 3473 826 3535 litteris
851 3473 934 3535 inti·
988 3473 1089 3531 ventu
1103 3469 1251 3546 ejusdem
1276 3470 1471 3530 monasterii
1494 3470 1697 3533 adhaerente.
1724 3471 1788 3532 Sed

134 3567 253 3639 mavit,
267 3566 368 3630 abbas
379 3568 411 3629 at
425 3569 606 3631 conventus
621 3570 770 3646 eJusdem
784 3570 934 3632 ecclesiae
988 3566 1165 3644 praedictus
1192 3566 1317 3628 electus
1344 3569 1417 3643 ejus
1450 3567 1674 3644 appellatione
1708 3583 1790 3630 con-

135 3667 296 3741 tanquam
323 3665 495 3743 providam
514 3667 547 3728 et
570 3668 793 3729 necessariam
808 3683 933 3745 appro-
988 3665 1122 3741 tempta,
1152 3664 1259 3740 primo
1286 3665 1526 3742 suspensionis,
1557 3665 1591 3726 et
1625 3666 1699 3742 post
1724 3665 1790 3727 iter

134 3760 269 3833 bantes,
281 3761 451 3826 humiliter
463 3765 672 3841 receperunt,
694 3767 831 3842 excepto
848 3766 934 3842 quod
988 3762 1157 3838 arreptum
1181 3761 1222 3822 ad
1247 3761 1365 3822 Sedam
1386 3762 1609 3838 apostolicam
1621 3762 1787 3834 veniendi,

135 3875 213 3919 cum
228 3859 264 3919 in
279 3859 487 3922 ordinatione
502 3861 724 3934 contineatur,
739 3862 933 3924 utabbaead
989 3859 1023 3918 in
1051 3860 1161 3934 ipsum
1189 3859 1222 3919 et
1249 3873 1409 3934 sequaces
1428 3861 1500 3935 ejus
1519 3859 1789 3920 excommunica-

136 3955 340 4018 exsolvenda
348 3959 499 4035 quasdam
509 3975 582 4036 quae
593 3961 628 4019 in
641 3959 850 4022 ordinatione
860 3976 936 4021 cou·
988 3955 1089 4017 tionis
1127 3955 1308 4016 sententias
1350 3955 1592 4032 promulgavit,
1637 3957 1788 4032 quamvis

135 4053 288 4116 linantur
302 4054 427 4127 eadem,
440 4072 477 4117 se
485 4056 648 4132 astringat
656 4057 821 4134 corporali
831 4071 936 4134 praes-
988 4053 1121 4129 arrepto
1133 4052 1254 4114 itinere
1269 4053 1418 4128 corporis
1432 4052 1602 4114 debilitate
1617 4053 1789 4129 correptus

135 4151 198 4212 tito
213 4153 415 4227 juramenta,
430 4153 519 4214 idem
534 4153 636 4215 abbae
651 4169 688 4215 se
702 4153 744 4214 ad
766 4153 799 4215 id
818 4153 935 4216 nolens
988 4150 1189 4211 remanserit
1215 4165 1312 4210 secus
1346 4150 1457 4227 Alpes.
1503 4153 1613 4222 Quare
1638 4149 1789 4226 praedicti

137 4247 336 4322 astringere,
352 4263 550 4326 quamquam
571 4265 673 4326 super
686 4247 750 4312 boc
763 4249 934 4313 delibera-
989 4247 1096 4309 nuntii
1126 4246 1300 4308 humiliter
1322 4247 1489 4324 petierunt
1511 4246 1702 4324 praedictam
1723 4263 1788 4308 ex-

136 4343 240 4404 tionis
254 4343 405 4406 inducias
420 4346 606 4422 postularit,
621 4346 755 4408 tsndmn
770 4347 806 4407 in
821 4361 935 4408 vocem
989 4343 1298 4406 communicationis
1320 4345 1539 4415 senteutiam,
1578 4345 1689 4420 utpote
1715 4345 1790 4419 post

137 4440 384 4518 appellationis,
401 4443 577 4506 occasione
591 4445 725 4521 propter
739 4443 802 4506 boc
816 4443 934 4506 frivola
989 4441 1246 4518 appellationem
1258 4441 1301 4502 ad
1315 4455 1376 4502 nos
1391 4440 1539 4515 legitime
1559 4439 1789 4516 interpositam

136 4538 327 4600 mendicata
341 4540 502 4616 prorupit
519 4539 682 4603 Praelatus
707 4557 788 4604 vero
811 4541 935 4604 electus
989 4539 1244 4614 promulgatam,
1257 4537 1387 4598 irritam
1403 4537 1570 4609 nuntiare,
1591 4537 1645 4598 vel
1671 4537 1788 4598 saltem

137 4633 354 4712 appellationi
368 4636 558 4714 huiusmodi
573 4653 672 4715 quam
691 4635 935 4701 busuatoriam
988 4635 1140 4697 abbatem
1164 4634 1205 4695 ad
1232 4633 1395 4694 cautelam
1420 4633 1559 4694 absolvi.
1590 4633 1673 4706 Quia
1708 4649 1788 4696 vero

135 4731 314 4808 reputabat
337 4733 474 4795 minime
494 4733 657 4807 deierans,
675 4736 782 4812 primo
802 4737 838 4796 iu
860 4751 935 4798 eum
989 4747 1089 4808 super
1103 4731 1156 4792 bis
1169 4730 1264 4791 nobis
1279 4746 1345 4792 non
1361 4732 1468 4806 potuit
1487 4729 1559 4791 lieri
1575 4730 1673 4807 plena
1694 4730 1786 4802 ildas,
1817 4777 1821 4786 .

136 4829 382 4905 suspensionis,
406 4845 445 4891 ec
466 4831 602 4893 demun
634 4833 805 4893 crescente
830 4832 936 4908 ipsius
989 4828 1183 4890 discretioni
1194 4831 1315 4889 vestrae
1330 4827 1371 4888 de
1392 4827 1688 4904 utriusquepartis
1708 4844 1788 4905 pro-

136 4925 347 4987 contumacia
375 4927 730 4990 excommunicationis
755 4929 936 4991 sententias
990 4925 1180 4986 curatorum
1206 4939 1346 4985 assensu
1369 4939 1429 5000 per
1454 4925 1643 5000 apostolica
1664 4925 1787 5001 scripta

137 5023 371 5099 promulgavit.
387 5025 495 5096 Quare
508 5025 709 5102 supplicavit
722 5023 818 5086 nobis
830 5025 936 5086 humi·
989 5022 1195 5093 mandamus,
1213 5023 1376 5097 quatenus
1391 5020 1520 5092 abbate,
1540 5021 1573 5083 et
1592 5021 1788 5098 sequacibus

138 5117 219 5180 liter
228 5125 260 5181 et
273 5120 403 5192 devote,
418 5123 455 5182 ut
475 5137 549 5182 cum
565 5122 629 5200 ipsi
644 5121 793 5184 ecclesiae
810 5122 937 5183 utiliter
990 5121 1062 5195 ejus
1088 5120 1165 5179 ante
1189 5118 1257 5179 litis
1284 5118 1473 5193 ingressum
1504 5117 1664 5179 absolutis
1691 5118 1787 5196 juxta

136 5216 348 5293 providisset,
378 5218 464 5280 sicut
489 5218 553 5279 sibi
571 5220 682 5280 visum
705 5220 814 5281 luerat
829 5235 935 5296 expe·
990 5215 1129 5276 sormam
1146 5213 1308 5284 acclesiae,
1325 5214 1364 5273 ad
1386 5214 1561 5284 cautelam,
1578 5217 1611 5274 et
1630 5213 1788 5289 inquisita

137 5313 347 5384 dira,relicto
359 5314 453 5376 vobis
463 5315 549 5392 quod
560 5317 934 5394 superessetagendam,
990 5325 1090 5388 super
1097 5310 1290 5388 praemissis,
1304 5313 1338 5371 et
1347 5309 1481 5386 cognita
1493 5310 1644 5382 veritate,
1661 5309 1690 5370 si
1705 5325 1787 5386 pro·

136 5410 347 5472 indemnitati
356 5412 505 5488 ejusdam
514 5413 667 5474 ecclesiae
677 5415 814 5490 paterna
824 5413 938 5489 digne·
990 5425 1121 5471 cessum
1131 5408 1227 5470 electi
1236 5407 1387 5483 praedicti
1397 5408 1595 5468 canonicum
1605 5421 1679 5468 asse
1693 5407 1790 5468 inve-

136 5521 251 5569 remur
283 5506 456 5583 diligentia
483 5510 673 5586 providere.
711 5511 828 5571 Nuntii
856 5525 937 5571 vero
990 5503 1520 5577 neritis‚moderationeadhibita
1535 5519 1633 5580 quam
1649 5504 1788 5580 aequitas

134 5602 371 5680 predictorum
401 5603 531 5666 abbatis
566 5607 600 5666 et
633 5606 815 5668 conventus
849 5605 935 5684 apud
992 5602 1196 5680 persuaserit
1209 5598 1440 5671 adhibendam,
1459 5600 1566 5676 ipsum
1590 5600 1788 5662 auctoritate

137 5699 255 5760 &dam
275 5699 497 5775 Apostolicam
523 5703 704 5775 constituti,
725 5717 744 5764 e
766 5703 936 5764 contrario
991 5699 1178 5777 apostolica
1192 5697 1788 5774 confirmetis.nlioq11insicntjnstnm
