4090 6316
288 325 335 376 xil
630 315 684 374 DE
704 314 853 374 TERTIO
875 314 1051 376 HONORII
1073 315 1118 376 111
1140 315 1443 379 PONTIFICATUS
1464 317 1592 379 ANNO.

290 472 372 546 cujus
389 477 457 530 sunt
474 467 607 530 manibus
627 470 713 529 corda
733 485 847 545 rogum,
864 480 893 532 et
910 473 1081 547 vigesimam

290 559 421 634 Philippo
430 562 583 631 concessit,
591 575 649 619 non
659 559 792 618 obstante
803 561 918 636 proprio
928 561 1081 632 desiderio,

290 663 342 722 per
355 649 409 707 has
422 649 568 720 collectas,
581 651 674 708 'iarroe
691 650 802 707 Sanctae
816 649 1013 708 subveniendi.
1026 649 1083 708 Sed

290 736 339 796 itio
350 751 473 812 quoque,
481 738 512 795 id
519 745 563 796 est
574 739 602 796 in
617 737 718 807 Gallia,
727 751 814 796 causa
826 737 922 796 divina
933 737 1081 812 agebatur.

326 827 381 885 iiio
393 827 493 885 tertius
511 841 604 884 annus
622 825 740 883 Honorii
752 828 803 896 111,
823 825 862 884 nil
880 825 955 884 aliud
969 825 1084 900 insigne

290 915 393 976 attulit.
405 916 493 974 i'otus
506 913 559 972 fult
572 913 703 974 Pontifex
718 915 748 972 in
762 915 857 972 causis
866 913 1038 988 judicandis,
1053 913 1082 972 in

1869 329 1929 380 xvi

1171 473 1207 531 iii
1222 487 1337 534 omnem
1356 472 1475 545 cultum,
1489 487 1576 542 omne
1596 471 1798 544 sacerdotium,
1812 487 1930 532 amnem

1135 561 1243 620 olerum
1255 561 1474 636 impugnabant,
1483 563 1589 637 templa
1599 569 1628 622 et
1641 561 1739 622 altaria
1752 561 1928 633 evertebant,

1135 664 1236 708 cruces
1249 659 1278 709 et
1292 651 1435 725 imagines
1455 652 1484 708 in
1504 652 1651 724 pulverem
1669 649 1851 721 reducentes,
1864 665 1928 709 nro·

1136 739 1261 797 nasteria
1276 746 1305 797 et
1318 746 1478 798 conventus
1491 739 1616 798 iiammis
1632 737 1736 809 dando,
1748 738 1930 812 anuinium,

1136 840 1253 884 omnem
1266 827 1463 886 anctoritatem
1473 826 1619 901 despectui
1631 825 1774 886 habendo.
1784 827 1931 885 interdurn

1137 913 1250 972 divitias
1264 916 1332 973 cleri
1346 915 1392 973 vei
1407 915 1594 974 ecclesiarum
1608 915 1636 973 vi
1650 913 1831 988 diripiebant,
1846 916 1931 973 inler-

290 1003 520 1080 possessionibus
544 1001 765 1072 confirmandis,
790 1003 819 1062 in
844 1002 971 1068 moribus
993 998 1081 1063 corri-
1134 1001 1204 1062 dum
1219 1003 1356 1062 advitam
1369 998 1565 1077 spasmeam
1582 1018 1683 1078 omnes
1697 1003 1929 1061 exhortabantur.

291 1091 405 1168 gandia,
421 1091 450 1149 in
465 1104 536 1164 pace
557 1089 692 1160 fovenda,
709 1099 738 1148 et
757 1092 820 1149 aliis
837 1091 988 1161 similibus,
1007 1098 1036 1148 et
1054 1092 1083 1150 in

289 1180 388 1252 rebus,
402 1187 451 1239 aut
464 1180 595 1252 incoeptis
605 1180 672 1238 anni
687 1179 851 1254 superioris,
867 1179 903 1237 ad
917 1179 1004 1238 iineru
1017 1193 1081 1253 per·

288 1269 438 1328 ducendis

1137 1093 1273 1150 Ecclesiae
1291 1092 1449 1150 dominium
1464 1093 1671 1166 qualecumque
1685 1091 1847 1165 legitimum
1864 1105 1931 1150 esso

1138 1179 1294 1254 negabant,
1317 1195 1373 1253 quo
1392 1179 1478 1239 liebat
1497 1189 1529 1239 ut
1549 1181 1645 1254 plures
1663 1180 1774 1238 nobiles
1795 1179 1860 1250 vici,
1876 1195 1932 1239 seu

1137 1267 1300 1342 cupiditate,
1314 1283 1366 1328 seu
1376 1268 1532 1328 ambitione
1549 1268 1856 1339 ducti,allicieban'tur.
1872 1270 1933 1328 Nec

327 1361 368 1418 llo
387 1358 551 1418 liicntiortio
571 1357 677 1416 diversi
700 1357 813 1415 diversa
835 1356 922 1416 locuti
944 1364 1020 1415 sunt.
1043 1359 1084 1416 lle
1135 1357 1196 1429 jam
1209 1356 1330 1415 haeresis
1344 1356 1542 1417 soladoetrina
1554 1351 1677 1428 luit‚sed
1691 1351 1776 1415 lectio
1790 1355 1933 1416 etseditio

290 1445 494 1521 albigensibus
509 1454 603 1504 autem
618 1453 717 1504 eontra
731 1459 804 1518 quos
821 1445 879 1516 ille,
895 1446 1011 1503 nomine
1028 1446 1083 1503 iio·

292 1535 398 1606 clesiae,
410 1543 502 1594 semet
513 1534 610 1610 gladio
624 1534 756 1604 accinxit,
771 1533 902 1606 quedam
917 1541 1000 1591 erunt
1012 1534 1082 1592 alie·

292 1622 392 1694 rende,
406 1638 422 1680 e
438 1623 539 1695 quibus
551 1622 677 1696 pericula
689 1629 749 1679 tum
761 1620 936 1692 christiane,
945 1628 1006 1679 tum
1015 1622 1084 1679 civi·

293 1711 329 1770 lis
351 1713 504 1781 societatis,
525 1726 612 1784 mom
632 1713 720 1769 tuitus
743 1717 796 1780 est,
819 1709 1010 1783 pulcherrirna
1032 1709 1082 1768 de-

274 1783 496 1858 ‘monsuantm
513 1801 630 1858 Strenua
651 1800 740 1856 armis
756 1799 847 1856 extitit
861 1799 976 1871 quidem
990 1799 1083 1856 blont·

293 1887 403 1958 ionius,
418 1887 469 1946 sed
488 1902 546 1946 non
565 1887 635 1944 solis
655 1889 743 1944 armis
758 1885 957 1946 haereticorum
973 1887 1085 1945 illorum

293 1976 442 2036 audaciam
458 1983 605 2034 conterere
618 1975 681 2048 ipsu
696 1975 824 2033 Ecclesia
840 1989 979 2048 aggressa
994 1983 1047 2034 est.

328 2065 443 2124 Certum
465 2071 510 2122 est
530 2063 585 2122 hoc
605 2071 733 2137 tempore
758 2078 859 2122 omues
881 2071 975 2122 sectas
991 2065 1083 2121 blani-

291 2151 439 2212 cheorum
463 2154 643 2212 consocietas
665 2151 753 2209 luisse
775 2151 829 2210 sub
849 2166 907 2210 unu
928 2152 1086 2226 eademque

291 2241 489 2316 albigensium
508 2241 708 2314 appellatione,
725 2239 823 2312 sicque
838 2254 854 2297 a
868 2241 984 2298 civitate
1003 2239 1083 2300 Albl·

292 2331 376 2404 gensi
388 2337 577 2402 nuncupatas,
592 2327 644 2386 sed
659 2343 717 2386 nou
731 2327 760 2385 in
774 2341 832 2386 uns
845 2335 955 2386 tantum
968 2329 1086 2388 civitate

293 2417 443 2494 degentes.
460 2419 518 2476 iilis
536 2418 623 2475 etiarn
642 2417 844 2486 valdenscs‚e
866 2417 1006 2491 Lugdano
1020 2420 1084 2488 orti,

294 2505 486 2565 adhaeserunt.
520 2506 563 2564 Ab
589 2506 717 2580 utrisque
743 2521 801 2564 nos
828 2505 1029 2580 discrepabant
1056 2509 1085 2564 in

294 2595 527 2654 italia-Patarini.
541 2595 599 2668 ipsi
614 2609 646 2652 se
658 2593 807 2663 catharos,
822 2593 851 2652 id
865 2601 908 2652 est
922 2609 1019 2670 puros,
1032 2611 1084 2654 vo·

293 2683 405 2741 cabant.
421 2684 533 2742 Nomen
548 2697 661 2756 quoque
676 2682 1025 2758 iuitautturlupinorum,
1037 2691 1086 2744 cul

294 2771 492 2846 Bulgarorum.

300 2905 303 2912 .
329 2863 363 2918 ln
377 2860 504 2919 secundo
514 2861 634 2920 concilio
645 2860 841 2933 Lateranensi,
855 2863 930 2937 quod
943 2861 1086 2922 decimum

294 2947 503 3007 oecumenicum
525 2948 702 3022 dignoscitur
719 2964 794 3020 esse,
811 2951 867 3008 illae
888 2950 1086 3009 haereticorum

294 3043 381 3094 sectae
400 3035 543 3096 danmatae
562 3045 636 3096 suni.
659 3037 806 3098 Adversus
824 3037 941 3098 easdam
960 3041 1084 3100 Alexan·

294 3123 346 3182 der
359 3126 401 3183 ΙΙΙ
417 3124 606 3198 congregavit
620 3127 734 3184 tertium
750 3129 952 3199 iateranense,
966 3129 1084 3188 undeci»

294 3227 374 3270 mum
386 3213 605 3271 oecumenioum.
615 3216 781 3287 Pariterque
790 3215 843 3274 sub
853 3217 1021 3274 innocentio
1034 3220 1085 3288 111,

294 3315 446 3374 perversas
457 3301 625 3360 eorumdem
646 3302 791 3361 doctrinas
808 3304 973 3378 profligavit
990 3307 1086 3364 conoi=

293 3391 364 3448 lium
379 3392 571 3449 Luteranense
590 3400 732 3465 quartum,
745 3391 944 3452 duodecimum
958 3407 1085 3452 oeeume·

294 3478 402 3624 gicum.
421 3479 502 3540 Unde
522 3481 628 3540 erroris
645 3482 801 3554 pertinacia
820 3487 848 3540 et
867 3483 1028 3558 pervicacia
1042 3484 1085 3542 vi-

315 3573 387 3625 etur.

1137 1444 1326 1518 quorumdam
1337 1445 1473 1504 nobilium
1485 1445 1861 1520 armatorumNihiloqisin
1871 1460 1933 1520 per-

1137 1534 1272 1592 suasione
1286 1531 1445 1605 videbatur,
1456 1541 1486 1592 et
1500 1535 1529 1592 in
1543 1534 1606 1592 dies
1619 1535 1712 1592 civilis
1724 1533 1796 1592 ordo
1808 1535 1838 1591 in
1850 1533 1932 1607 pejus

1137 1621 1929 1697 ruebat,nisiobstaretPontiiicumvigilantiaindelessa.

1171 1705 1313 1782 Quidquid
1325 1711 1364 1768 sit
1372 1709 1408 1768 de
1421 1703 1596 1780 iiont'lortlo,
1606 1711 1642 1770 da
1653 1705 1755 1783 ipsius,
1771 1719 1820 1768 aut
1833 1709 1869 1768 de
1882 1725 1930 1767 re·

1138 1797 1251 1870 ciproca
1268 1797 1458 1870 pugnantium
1473 1797 1541 1856 hinc
1553 1797 1619 1856 inde
1628 1796 1795 1857 emdeiitate
1809 1805 1858 1856 aut
1867 1795 1932 1855 ieri·

1139 1892 1207 1954 tate,
1217 1899 1305 1943 causa
1318 1885 1504 1944 humanitatis
1514 1887 1727 1960 agebaturcum
1739 1896 1826 1944 causa
1836 1887 1933 1946 locale·

1139 1975 1190 2032 siaa
1200 1981 1233 2032 at
1246 1974 1340 2047 regni.

1174 2063 1372 2137 albigensium
1395 2063 1467 2122 odes
1487 2062 1569 2122 laetis
1592 2064 1780 2139 congruebat.
1804 2064 1876 2134 Qua
1901 2063 1931 2121 in

1139 2149 1279 2208 dualismo
1293 2149 1473 2210 laudabatur.
1487 2154 1561 2210 Nam
1575 2155 1652 2212 Deus
1664 2153 1860 2223 tenebrarum,
1875 2153 1932 2212 aie

1139 2239 1217 2310 bant,
1239 2239 1318 2298 lranc
1332 2239 1473 2299 mundum
1495 2240 1571 2299 lecit.
1588 2240 1644 2300 Sed
1664 2244 1741 2300 boas
1758 2233 1834 2300 lutis
1855 2241 1933 2299 misit

1140 2343 1223 2387 suum
1243 2329 1380 2403 angeium
1402 2331 1500 2389 lesum
1522 2332 1570 2404 qui
1585 2338 1727 2404 segregat
1743 2329 1877 2388 dromidas
1896 2329 1933 2386 ab

1140 2416 1314 2487 hominibus,
1329 2425 1358 2475 et
1379 2417 1442 2476 bac
1458 2425 1502 2478 est
1515 2418 1683 2492 redemptio.
1699 2419 1779 2488 Quos
1798 2417 1933 2476 hemines

1140 2505 1206 2564 iecit
1220 2507 1297 2564 Deus
1313 2506 1495 2565 tenebrarum
1514 2508 1645 2581 Angelus
1661 2509 1745 2566 iestis
1764 2515 1821 2564 noa
1840 2514 1931 2565 curat.

1139 2593 1219 2664 Aliis,
1240 2595 1289 2668 qui
1310 2603 1377 2655 sunt
1399 2595 1504 2669 Angeli
1527 2595 1671 2669 quondam
1692 2596 1775 2668 lapsi,
1799 2603 1932 2653 naturam

1141 2684 1288 2757 pristinam
1300 2683 1452 2755 indicates
1460 2684 1515 2742 hoc
1522 2685 1738 2743 eritsuliiciens.
1748 2685 1933 2743 Sacramenta

1140 2771 1211 2831 nilril
1226 2780 1302 2831 sunt
1326 2773 1454 2832 Ecclesia
1469 2774 1540 2831 nihil
1554 2771 1607 2831 cst.
1626 2773 1780 2844 Trinitatis,
1797 2776 1932 2832 lucarna-

1140 2862 1226 2920 tiouis
1238 2869 1268 2920 et
1282 2861 1497 2934 Redemptionis
1507 2861 1644 2936 dogmata
1657 2861 1728 2922 nibil
1742 2869 1817 2920 sunt.
1829 2862 1932 2921 mnia

1140 2951 1215 3008 mala
1232 2952 1433 3024 permittuntur
1448 2951 1555 3024 eisqui
1572 2965 1625 3025 par
1642 2950 1854 3025 impositionem
1867 2959 1932 3008 mu·

1140 3054 1229 3099 nuum
1244 3046 1312 3097 sunt
1325 3041 1562 3098 consolamentum
1576 3041 1733 3113 accepturi.
1747 3041 1809 3097 iloc
1825 3053 1932 3097 conso·

1140 3130 1297 3187 lamentum
1308 3137 1401 3187 sacrat
1415 3128 1548 3186 homines
1561 3129 1664 3202 prioris
1678 3128 1796 3186 ordinis.

1173 3219 1278 3290 sicque
1292 3217 1454 3291 symbolum
1472 3219 1567 3292 ipsum
1585 3233 1602 3276 a
1627 3217 1723 3276 medio
1741 3217 1890 3276 tollebatur·
1904 3225 1933 3276 et

1140 3307 1240 3382 regula
1254 3320 1367 3364 morum
1381 3306 1582 3366 evanescebat.
1598 3309 1643 3378 Et,
1663 3314 1694 3365 ut
1708 3318 1766 3365 uuo
1785 3304 1873 3364 verbo
1887 3305 1931 3362 di·

1140 3409 1251 3465 camus,
1264 3409 1356 3454 nomas
1367 3393 1483 3468 quidem
1498 3395 1685 3469 paganismus
1699 3396 1816 3453 exitium
1829 3393 1932 3454 Christi

1141 3482 1289 3557 religionis
1303 3483 1482 3554 moliebatur,
1499 3497 1558 3542 uon
1576 3485 1672 3544 minus
1693 3499 1779 3558 quam
1798 3483 1934 3543 humana

1142 3573 1286 3631 mactatis
1297 3573 1448 3632 universae.
