4198 6322
236 269 253 278 ”
289 293 327 352 11
900 289 1076 365 neuneu
1097 290 1143 352 111
1164 291 1313 352 0111111.
1889 293 1927 358 10

158 446 163 455 “
286 450 328 512 ad
352 449 487 511 illorum
514 447 709 522 subsidium,
730 449 830 510 immo
853 448 895 510 ad
907 447 1076 512 (101011010-
1128 446 1229 522 tates,
1254 449 1288 512 et
1314 448 1399 510 111110
1427 449 1658 514 hereticorum
1683 451 1815 522 terras,
1843 465 1926 528 quas

284 563 360 610 uem
376 547 453 608 fidei
463 546 664 636 christiane,
677 562 713 609 se
723 546 874 622 accingat
887 545 1031 608 viriliter
1044 547 1077 608 et
1130 545 1289 607 Dominus
1303 545 1438 608 tradidit
1452 547 1487 609 in
1502 549 1654 610 manibus
1666 548 1799 627 inclyte
1812 563 1927 610 recor-

283 645 446 721 potenter,
463 643 527 704 sibi
548 646 582 706 et
601 645 644 704 iis
659 643 715 720 qui
737 658 847 704 secum
869 642 964 705 ibunt
982 643 1074 704 illam
1129 641 1273 704 dationis
1291 643 1396 718 patris
1420 643 1469 706 tui
1488 661 1528 706 ac
1548 646 1715 708 exereitus
1736 643 1923 716 christiani,

283 741 523 817 indulgentiam
544 740 752 802 concedendo
768 755 841 817 quae
857 755 1014 801 concessa
1025 741 1076 802 est
1129 739 1236 800 eidem
1247 740 1334 817 patri
1346 739 1415 813 tuo,
1428 742 1483 802 cui
1493 741 1659 819 principes
1669 743 1817 819 ejusdem
1827 758 1927 802 01101-

282 836 1071 914 protlciscentibusinsubsidium'l'erraesauotae,
1129 835 1224 908 citus,
1251 836 1490 900 cumconsilio
1519 838 1703 916 legatorum
1726 837 1924 917 spostolicae

281 935 414 1012 plenam
451 934 605 996 videlicet
629 933 762 997 veniam
792 936 1004 1011 peccatorum
1033 935 1074 996 de
1129 932 1234 1006 Sedis,
1257 933 1333 996 illas
1366 936 1529 1011 regendas
1563 937 1808 1008 commiserant,
1845 951 1925 996 nec-

281 1031 402 1110 quibus
428 1048 506 1094 vere
530 1031 664 1093 contriti
693 1031 816 1093 luerint
847 1032 881 1093 et
916 1030 1071 1094 confessi.
1128 1029 1205 1091 dum
1220 1029 1268 1110 (b)
1284 1031 1471 1094 haeredibus
1495 1031 1692 1109 ejusinflde
1707 1031 1872 1096 catholica
1891 1033 1925 1094 et

280 1131 416 1202 Verum,
443 1129 521 1206 quia
547 1129 619 1190 baec
644 1128 834 1205 specialiter
860 1129 1073 1191 0111101111
1127 1125 1301 1190 devotione
1324 1128 1418 1192 Sedis
1441 1129 1638 1207 Apostolicae
1653 1128 1922 1207 permanentibus

280 1225 477 1302 dependent,
517 1227 735 1289 serenitatem
769 1228 861 1288 tuem
895 1242 1070 1304 rogamus,
1127 1225 1352 1299 confirmavit,
1395 1226 1628 1304 principalium
1650 1226 1857 1288 dominorum
1891 1227 1925 1288 et

278 1339 451 1385 monemus
476 1323 510 1386 et
522 1324 740 1385 exhortamur
761 1323 797 1385 in
818 1324 970 1396 Domino,
984 1340 1071 1402 qua·
1126 1321 1280 1394 aliorum,
1301 1321 1464 1402 siquibus
1485 1323 1569 1386 iorte
1584 1323 1749 1401 competit,
1760 1327 1836 1402 jure
1849 1323 1922 1384 sal-

277 1421 373 1482 teuus
397 1435 457 1498 pro
475 1421 524 1482 tui
549 1421 644 1497 regni
665 1420 772 1497 gloria
793 1421 826 1482 et
853 1420 991 1494 11011010,
1011 1436 1071 1498 pro
1126 1419 1762 1496 100100011011101101001111101111110,
1781 1421 1923 1482 creden·

277 1516 383 1593 ipsius
394 1518 582 1580 reverentia
597 1521 615 1580 J
618 1533 676 1578 esu
691 1518 824 1591 Christi,
838 1534 898 1596 pro
912 1517 983 1581 zelo
994 1517 1070 1580 fidei
1124 1513 1225 1587 tibus,
1239 1514 1468 1578 defensoribus
1478 1520 1512 1579 et
1521 1516 1784 1594 receptatoribus
1794 1531 1923 1578 eorum-

277 1613 1068 1692 0111011010),οω11011111011011101000010111111,
1125 1611 1214 1686 dem;
1244 1612 1359 1674 eodem
1390 1613 1484 1690 patre
1506 1615 1564 1677 tuo
1590 1617 1658 1676 tres
1684 1613 1838 1676 denarios
1862 1631 1923 1692 per

275 1726 350 1773 011111
379 1727 552 1786 peccemus
571 1728 685 1774 omnes
711 1719 742 1774 et
762 1713 822 1774 Dei
841 1713 1069 1774 misericordia
1124 1708 1272 1785 singulas
1296 1709 1410 1771 domos
1440 1711 1588 1788 ejusdem
1612 1712 1710 1773 terrae
1733 1711 1922 1774 annualiter

275 1823 442 1884 egeamus,
457 1808 607 1871 eumdem
616 1809 872 1885 primogenitum
882 1812 975 1873 tuum
990 1810 1069 1871 illuc
1124 1807 1280 1868 Romanae
1293 1807 1449 1870 Ecclesiae
1465 1809 1684 1884 promittente,
1701 1809 1742 1870 ad
1758 1808 1917 1870 indicium

274 1919 349 1966 eum
361 1905 460 1982 digno
472 1907 504 1968 te
519 1907 631 1968 acillo
646 1907 781 1968 studeas
793 1908 827 1969 et
839 1905 974 1969 lestines
985 1906 1070 1968 diri·
1124 1902 1209 1979 quod
1223 1903 1330 1964 terras
1345 1903 1421 1966 illas
1437 1905 1528 1982 ipses
1541 1905 1576 1966 in
1590 1907 1764 1968 devotione
1776 1907 1919 1983 Aposto-

272 2017 351 2076 gere
375 2004 548 2079 apparatu,
571 2005 629 2065 aut
652 2004 748 2076 alias,
773 2005 953 2066 secundum
981 2005 1067 2082 qnod
1122 1998 1197 2062 licae
1224 1999 1318 2061 Sedis
1341 2002 1375 2064 et
1402 2003 1517 2064 sancta
1540 2002 1703 2079 religione
1718 2019 1917 2065 conservare

273 2098 485 2160 celsitudinis
498 2101 564 2161 tuae
586 2100 760 2178 prudentia
777 2101 933 2178 expedire
943 2116 1069 2178 cogno·
1122 2096 1162 2158 de
1182 2098 1302 2160 caetero
1326 2098 1530 2176 disponebat.
1559 2100 1648 2162 ldem
1663 2102 1764 2162 etiam
1787 2101 1918 2178 praede·

273 2195 371 2268 uerit,
394 2213 469 2257 cum
493 2196 612 2258 ellectu
640 2213 816 2259 succurras
840 2199 971 2274 negotio
995 2214 1067 2260 me-
1121 2209 1235 2256 cessor
1244 2196 1357 2258 noster
1366 2196 1481 2259 statuit
1489 2196 1524 2256 in
1535 2198 1682 2259 Concilio
1694 2198 1843 2274 generali
1855 2197 1914 2278 (o),

274 2292 414 2364 morato,
444 2293 530 2369 quod
556 2293 592 2354 in
614 2294 784 2371 antiquum
809 2295 910 2356 cbaos
942 2295 1066 2373 absque
1121 2293 1157 2354 ut
1170 2293 1260 2353 terra
1273 2308 1371 2371 quam
1386 2295 1607 2369 crucesignati
1622 2294 1835 2358 obtinuerunt
1851 2295 1915 2356 ad-

271 2388 487 2464 ambiguitate
511 2389 682 2462 relabitur,
707 2391 772 2452 nisi
799 2391 988 2468 specialiter
1007 2409 1067 2470 per
1120 2402 1236 2450 versus
1265 2387 1452 2462 haereticos,
1482 2390 1664 2464 credentes,
1689 2377 1858 2464 lautores,
1884 2392 1916 2453 et

270 2485 417 2546 divinam
430 2488 463 2549 et
471 2487 561 2548 tuem
578 2489 759 2563 potentiam
770 2490 983 2551 sustentetur.
995 2491 1065 2552 Nos
1120 2484 1342 2562 receptatores
1361 2501 1488 2560 eorum,
1509 2503 1583 2548 cum
1605 2487 1838 2550 Montealbano
1865 2489 1918 2550 at·

271 2581 392 2653 eutem,
424 2581 465 2642 de
499 2582 559 2643 Dei
583 2583 810 2646 misericordia
832 2586 866 2644 et
892 2583 1063 2646 beatorum
1119 2598 1183 2660 que
1193 2582 1312 2644 Tolosa
1325 2583 1545 2646 dimitteretur
1554 2585 1653 2662 atque
1664 2586 1913 2658 concederetur,

271 2678 363 2739 Petri
378 2681 410 2743 et
431 2679 528 2742 Pauli
543 2680 669 2742 meritis
687 2680 900 2754 confidentes,
915 2682 1064 2744 eamdem
1119 2679 1211 2741 salvo
1224 2679 1461 2742 catholicorum
1476 2683 1742 2760 paronniajura
1752 2682 1913 2756 virorum,

270 2774 333 2838 tibi
356 2776 568 2838 concedimus
593 2776 844 2856 indulgentiam,
859 2779 888 2840 si
908 2781 979 2857 jam
993 2779 1065 2842 dio-
1119 2776 1296 2839 mulierum
1309 2779 1343 2840 et
1352 2778 1579 2852 ecclesiarum,
1594 2781 1707 2843 comiti
1718 2783 1912 2853 memorato,

271 2873 341 2934 tum
367 2872 622 2949 primogenitum
647 2875 740 2936 tuum
765 2875 846 2938 illuc
867 2892 942 2938 cum
964 2876 1064 2953 digno
1118 2873 1155 2934 ut
1175 2888 1248 2933 eam
1262 2874 1392 2936 teneret
1405 2874 1447 2935 ab
1467 2875 1536 2936 illis
1551 2891 1570 2936 a
1586 2875 1705 2954 quibus
1720 2876 1770 2938 est
1786 2874 1915 2954 dejure

270 2969 490 3033 destinaveris
502 2972 672 3047 comitatu,
688 2974 745 3035 aut
756 2973 875 3036 saltem
889 2964 985 3046 alias',
1004 2990 1062 3035 se·
1118 2968 1270 3030 tenende.

268 3067 411 3130 cundum
437 3068 523 3144 quod
546 3070 807 3146 magnitudinem
837 3073 929 3133 tuam
957 3071 1061 3144 decet,
1158 3065 1226 3127 Nos
1247 3066 1360 3144 igitur,
1385 3067 1560 3144 tuisjustis
1580 3067 1733 3146 precibus
1748 3069 1913 3144 inclinati,

271 3164 477 3226 succurreris
493 3167 626 3241 negotio
648 3167 836 3245 saepedicto.
853 3170 971 3230 Datum
997 3171 1063 3230 La·
1117 3161 1223 3223 terras
1239 3179 1321 3241 quas
1335 3163 1401 3240 ipsi
1420 3165 1507 3244 patri
1521 3167 1577 3226 tuo
1592 3167 1625 3228 et
1637 3165 1825 3228 haeredibus
1840 3170 1913 3244 eJus

266 3261 387 3333 1011111,
403 3259 511 3337 pridie
523 3262 598 3339 idus
609 3263 755 3339 augusti,
769 3279 857 3326 anno
870 3265 979 3326 tertio.
1118 3257 1224 3320 dictus
1239 3260 1466 3338 praedecessor
1480 3263 1594 3324 noster
1616 3263 1765 3325 noscitur
1789 3263 1915 3325 condr-

308 3357 544 3434 scriptumest
567 3363 776 3424 secumdam
796 3365 935 3424 modum
958 3361 1063 3424 nobili
1118 3371 1237 3428 masse,
1253 3356 1294 3417 ad
1310 3359 1383 3433 ejus
1407 3359 1576 3437 exemplar
1590 3358 1650 3420 tibi
1669 3373 1709 3420 ec
1723 3360 1913 3422 haeredibus

270 3453 344 3516 viro
369 3455 537 3518 Lndovico
553 3457 642 3532 regis
657 3457 803 3537 Philippi
829 3459 1060 3535 primogenito,
1116 3451 1183 3512 tuis
1202 3453 1400 3516 auctoritate
1419 3456 1610 3532 Apostolica
1630 3457 1865 3518 confirmamus
1881 3459 1913 3520 01

268 3552 385 3631 paneis
396 3552 559 3618 duntaxat
572 3553 682 3617 verbis
694 3554 887 3618 immutatis,
1117 3549 1292 3625 praesentis
1311 3551 1427 3628 scripti
1450 3553 1635 3627 patrocinio
1659 3554 1911 3615 communimus.

1118 3646 1209 3720 Quod
1225 3662 1304 3708 vero
1321 3640 1362 3708 de
1374 3647 1451 3708 aliis
1465 3648 1685 3710 concedendis
1700 3651 1733 3712 et
1744 3650 1914 3714 dimitten-

646 3715 681 3802 Χ
1117 3742 1168 3802 dis
1192 3743 1298 3806 eidem
1322 3744 1409 3822 patri
1434 3747 1491 3808 tuo
1513 3745 1679 3807 ordinavit
1700 3747 1735 3807 in
1765 3749 1914 3811 Concilio

299 3836 353 3898 Ad
370 3839 584 3900 amolricum
603 3841 754 3900 Simonis
772 3839 813 3900 de
827 3839 1030 3914 Montefortt
1117 3840 1278 3916 generali,
1298 3841 1388 3903 circa
1412 3843 1445 3904 te
1466 3858 1506 3903 ac
1528 3843 1676 3904 haeredes
1697 3845 1772 3906 tuos
1787 3843 1911 3908 babere

522 3937 803 4012 primogenitum.
1117 3937 1324 4001 decernimus
1339 3939 1615 4018 roburperpetuae
1626 3940 1801 4003 firmitatis.
1819 3943 1911 4005 Nulli

538 4049 570 4106 11
586 4049 700 4122 augusti
713 4049 791 4106 1118.
1117 4051 1196 4112 ergo
1209 4037 1344 4097 omnino
1360 4037 1529 4098 homiuum
1545 4037 1645 4099 liceat
1658 4037 1745 4100 banc
1755 4041 1911 4117 paginam

267 4151 405 4216 [eomas
426 4151 484 4202 aas.
509 4152 553 4202 aa.
577 4152 681 4212 1111101,
701 4157 721 4205 t,
741 4155 808 4214 1111,
828 4170 853 4220 ρ,
876 4153 931 4206 oct.
951 4155 1061 4219 pm„
1117 4135 1240 4195 nostre
1257 4134 1518 4196 confirmationis
1545 4135 1744 4211 infringere,
1764 4139 1912 4200 010.Βο-

544 4231 590 4282 lib.
609 4233 653 4291 111,
671 4246 712 4298 ep.
729 4233 783 4296 aa]
1116 4231 1185 4290 tum
1211 4231 1386 4304 Laterani,
1407 4231 1482 4294 XVI
1496 4231 1563 4294 kal.
1590 4232 1797 4310 septembris,
1821 4251 1910 4297 anuo

264 4317 558 4388 brainacenses
581 4319 617 4378 de
636 4319 797 4380 Monlelorti
824 4321 893 4391 lilio,
912 4321 1062 4381 condrmet
1115 4325 1224 4388 tertio.

301 4409 666 4481 llonoriuspossessionem
678 4416 816 4469 terrarum
831 4411 984 4483 quaepatri
999 4411 1061 4484 ejus
1485 4435 1541 4522 XI

301 4503 462 4554 assenserat
475 4499 659 4557 Innocentius
671 4513 745 4573 papa
759 4497 874 4558 decreto
884 4501 1059 4560 101011001-

299 4585 339 4640 sis
354 4583 470 4643 eoncilit
482 4587 635 4658 gemmus,
1114 4567 1166 4627 Ad
1179 4567 1428 4629 nwnostertum
1443 4571 1478 4629 δ’.
1493 4569 1619 4630 Mortes
1630 4571 1671 4631 cte
1686 4573 1909 4636 0010110010.

304 4693 471 4756 Honorius
479 4693 664 4772 episcopus,
679 4711 796 4758 servus
806 4711 978 4758 serrorum
985 4697 1057 4769 Dei,
1380 4681 1412 4738 ¹7
1428 4680 1541 4753 augusti
1566 4679 1644 4740 ΜΒ·

136 4844 137 4854 ,
263 4791 382 4854 dilecto
411 4791 480 4852 tilio
511 4792 678 4854 Amalrico
712 4793 931 4871 primogenito
959 4795 1059 4858 clarae
1192 4785 1319 4850 [nimae
1332 4793 1525 4850 potsmodum.
1539 4787 1635 4847 cum,
1649 4787 1669 4846 ¹·
1683 4787 1827 4854 ⁰⁰¹·¹¹¹⁰·]

263 4889 432 4951 memoriae
456 4889 489 4950 S.
507 4887 556 4970 (a)
573 4890 702 4951 comitis
718 4891 947 4965 immissores,
967 4892 1060 4954 salu.
1114 4883 1276 4942 ldonasteril
1297 4884 1325 4941 S.
1351 4884 1447 4942 llarioe
1461 4881 1497 4940 de
1511 4883 1679 4944 Garamante
1701 4887 1907 4958 protectionem

262 4988 340 5058 tem,
361 4986 423 5047 etc,
584 5003 587 5009 ·
1166 4972 1284 5044 suscipit
1295 4971 1427 5044 bonaque
1441 4979 1469 5028 et
1479 4973 1677 5045 possessiones
1692 4975 1854 5033 0011111111.

302 5081 406 5145 Justis
431 5083 613 5159 petentium
637 5082 829 5158 desideriis,
856 5087 931 5158 etc„
953 5102 1058 5162 unque
1151 5081 1328 5153 Honorius,
1348 5082 1422 5153 etc,
1439 5080 1569 5143 dilectis
1584 5082 1761 5146 inebriato
1774 5084 1909 5146 filiabus

263 5179 439 5257 complere.
462 5181 548 5242 Sane
564 5180 599 5240 in
616 5182 756 5258 regestis
768 5182 875 5244 felicis
890 5185 1058 5246 memoriae
1113 5177 1260 5241 lsabellae
1275 5177 1451 5241 abbatissae
1472 5181 1667 5243 monasterii
1683 5182 1812 5244 Sanctae
1830 5185 1905 5244 Ma-

261 5276 446 5338 Innocentii
485 5292 600 5354 papae,
636 5273 890 5355 praedecessoris
930 5281 1055 5354 nostri,
1112 5275 1908 5355 1110110(11101111110111001010101110011111

262 5372 492 5449 perspeximus
507 5374 679 5446 contineri,
697 5377 782 5453 quod
797 5377 868 5455 ipse
883 5379 1057 5441 Biterren-
1112 5373 1330 5451 presentibus
1342 5390 1441 5450 quam
1461 5373 1581 5437 futuris
1600 5376 1788 5452 regularem
1803 5379 1908 5444 vitam

261 5485 342 5540 sem,
369 5470 666 5535 carcassonensem
691 5473 726 5536 et
747 5474 957 5552 Albigensem
974 5475 1059 5538 civi·
1112 5471 1268 5550 protessis
1284 5471 1538 5550 inperpetuum.

294 5599 338 5674 (c)
355 5599 488 5659 Simonis.
526 5599 565 5676 (1)
578 5603 758 5663 scribendum
770 5619 892 5665 necnon.
930 5603 969 5682 (c)
982 5600 1037 5666 du.
1050 5603 1127 5664 lile.
