3978 6292
81 288 141 346 369

78 444 238 515 ilariaco,
247 440 438 504 Cistercien.
452 439 590 510 ordinis,
600 441 669 502 et...
681 440 794 502 Sancti
807 443 877 502 Au-

78 539 206 618 gustini
228 525 522 600 praemonstraten,
547 535 674 596 ordinis
701 535 875 598 abbatibus

78 639 146 698 et...
162 635 342 712 preposito
355 632 542 704 Wacinen.,
559 631 710 704 salutern,
725 635 787 694 etc.

116 735 226 804 Quum
242 731 349 799 felicis
366 729 535 792 memoriae
549 731 761 790 Innocentius
777 745 873 807 papa,

78 831 306 906 praedecessor
318 830 442 898 noster,
457 829 563 888 ortam
581 826 703 888 dudum
719 828 877 904 quaestio-

77 924 875 1002 neminterveniratremnostrum...episcopum

76 1023 274 1086 ambianen.
288 1039 331 1083 ex
343 1025 436 1098 parte
456 1037 532 1092 una,
548 1023 581 1082 et
597 1020 734 1084 dilectos
750 1022 873 1084 lilios...

76 1119 243 1192 abbatem,
266 1119 299 1182 et
322 1119 520 1180 conventum
537 1119 649 1180 Sancti
665 1118 815 1180 Richarii
841 1119 875 1180 iu

77 1217 222 1280 Pontivo
236 1216 432 1278 ambianen.
449 1215 603 1276 dioecesis
618 1231 662 1276 ex
678 1215 795 1288 altera,
819 1232 877 1276 su-

79 1331 136 1391 per
161 1313 379 1390 subjectione,
397 1329 495 1390 quam
508 1311 550 1374 ab
579 1312 628 1374 eis
644 1313 732 1374 idem
747 1313 877 1389 episco-

78 1429 136 1488 pus
166 1411 333 1486 exigebat,
352 1410 447 1472 bonae
466 1410 634 1472 memoriae
662 1409 874 1472 suessionen.

78 1509 236 1586 episcopo
251 1511 284 1572 et
307 1511 379 1586 eius
399 1507 628 1585 conjudicibus
643 1507 875 1576 commisisset,

78 1609 111 1666 et
124 1605 228 1666 iidem
244 1621 379 1668 causam
392 1605 497 1682 ipsam
516 1605 557 1666 ad
573 1621 647 1665 eum
669 1604 876 1666 remisissent

78 1701 117 1764 de
129 1703 277 1779 partium
291 1703 472 1774 voluntate,
489 1703 572 1778 ipse,
593 1701 742 1779 partibus
755 1701 790 1761 in
803 1705 876 1778 ejus

77 1799 258 1876 praesentia
274 1799 472 1870 constitutis,
487 1799 672 1864 auditorem
689 1798 779 1860 dedit
799 1815 874 1860 ven.

79 1899 218 1958 tratrem
237 1899 386 1959 nostrum
416 1899 453 1957 Ρ.
484 1896 675 1974 episcopum
702 1895 874 1970 Albanam,

78 2010 191 2056 coram
203 2010 280 2070 quo,
292 2011 367 2054 cum
381 1993 538 2072 praeiatus
553 1993 728 2070 episcopus
743 2009 877 2070 posses-

79 2092 204 2152 sorium
219 2091 414 2154 intentando
436 2091 676 2168 professionem
692 2107 712 2151 a
734 2090 875 2166 quibus-

78 2188 151 2250 dam
172 2187 350 2251 abbatibus
367 2188 448 2250 dicti
467 2187 660 2249 monasterii
679 2188 874 2252 Ambianen.

79 2286 235 2363 episcopo
255 2285 388 2358 iactam
407 2287 440 2347 et
465 2284 728 2346 benedictionem
748 2285 815 2346 illis
835 2284 876 2346 ab

80 2383 234 2460 episcopo
246 2383 319 2460 ipso
330 2382 525 2460 impensam,
540 2383 808 2458 procurationem
826 2383 877 2444 ei-

80 2481 150 2541 dem
159 2480 390 2558 tanquamloci
399 2480 588 2541 dioecesano
598 2479 792 2552 exhibitam,
803 2497 878 2542 ses-

80 2579 205 2639 sionem
215 2577 249 2638 in
259 2577 384 2654 synodo
393 2593 467 2639 curn
476 2593 580 2654 cappa
589 2578 707 2648 serica,
718 2578 876 2640 etbaculo

82 2675 253 2752 pastorali,
267 2674 550 2736 consecrationem
562 2675 717 2736 altarium
733 2675 765 2737 et
782 2675 876 2736 ordi-

81 2771 876 2846 nationemrnonachorurndictimonasterii,ton·

83 2871 284 2932 serationem
299 2870 495 2931 clericorum
507 2870 620 2946 inipso
631 2870 833 2932 monasterio
844 2870 876 2933 et

82 2967 349 3044 praedicationem
364 2967 399 3028 in
414 2967 569 3044 paraviso
585 2967 705 3028 iactam
729 2967 877 3042 legitime

83 3063 287 3139 probavisset
297 3086 304 3140 ;
316 3067 410 3140 parte
423 3064 528 3126 altera
545 3063 765 3140 respondente
776 3064 873 3140 quod,

83 3159 876 3238 etsialiquandoambianenepiscopuspraedicta

83 3257 115 3318 in
127 3259 245 3321 eodem
260 3257 463 3318 monasterio
477 3258 758 3336 perquorumdam
773 3257 878 3320 abba-

83 3355 145 3416 tum
156 3355 321 3416 incuriam
332 3355 713 3432 indebiteusurpaverat,
722 3355 754 3416 id
765 3356 876 3417 tamen

84 3451 142 3528 ipsi
165 3469 288 3514 nocere
317 3453 519 3515 monasterIo
541 3469 607 3513 non
635 3452 784 3526 debebat,
801 3470 876 3515 cum

82 3553 165 3612 asset
185 3551 323 3612 omnino
344 3551 533 3626 exemptum
561 3553 594 3611 et
617 3552 732 3612 contra
753 3551 875 3629 hujus-

83 3648 165 3708 modi
199 3647 392 3708 exactiones
431 3647 590 3708 vallatum
619 3648 817 3724 privilegiis,
844 3650 877 3710 et

83 3743 296 3822 indulgentiis
325 3743 515 3821 pontificum
537 3745 771 3817 Romanorum,
788 3745 876 3806 idem

84 3842 306 3916 praedecessor
320 3844 442 3913 noster,
460 3840 512 3903 bis
525 3843 558 3904 et
570 3842 657 3914 aliis,
675 3857 747 3919 quae
763 3857 876 3904 coram

84 3939 232 4002 auditore
255 3940 328 4016 ipso
357 3938 450 4001 luere
472 3940 653 4016 proposita,
677 3939 807 4016 plenius
823 3940 893 4021 ing

83 4035 230 4107 tellectis,
242 4035 380 4113 praeiato
400 4036 555 4114 episcopo
568 4037 625 4114 qui
635 4037 875 4113 possessorium

84 4132 875 4210 intentaratpossessionemadjudicavitomnium

85 4231 325 4304 praedictorum,
336 4230 382 4292 ita
396 4232 508 4292 tamen
523 4230 621 4308 quod,
634 4231 699 4291 nisi
715 4245 820 4308 usque
834 4231 874 4292 ad

84 4327 160 4389 duos
175 4343 283 4390 annos
296 4343 396 4404 super
410 4327 565 4404 petitorio
580 4343 674 4388 suam
687 4328 798 4406 posset
818 4329 875 4389 in-

85 4425 261 4486 tentionem
278 4425 426 4496 lundare,
444 4425 682 4488 monasterium
705 4426 813 4503 ipsum
834 4442 877 4486 ax

84 4521 155 4584 tnnc
181 4515 337 4586 essetab
365 4538 480 4584 eorum
507 4524 719 4599 praestatione
745 4524 875 4600 penitus

85 4619 276 4692 absolutum,
291 4621 449 4700 perpetuo
474 4620 608 4682 silentio
632 4622 798 4698 superbis
813 4622 877 4682 irn-

85 4719 184 4792 posito
211 4718 366 4796 episcopo
388 4721 582 4790 momordic,
602 4735 678 4780 cum
694 4735 753 4795 per
767 4719 875 4796 privi-

85 4812 165 4888 legia
180 4817 214 4878 et
225 4815 450 4891 indulgentias
464 4816 663 4892 Apostolicae
680 4817 774 4877 Sedis
785 4816 876 4878 exbi-

86 4907 164 4972 bitas
178 4912 353 4990 injudicio
375 4911 501 4988 liquido
516 4915 692 4990 appareret
705 4913 786 4974 illud
802 4928 877 4974 esse

87 5006 219 5071 liberum
234 5012 268 5071 et
277 5009 466 5086 exemptum
480 5030 488 5084 ;
505 5009 629 5070 unde...
647 5009 757 5072 abbati
769 5009 876 5072 sancti

87 5105 214 5169 auberti
230 5108 298 5168 et...
313 5106 549 5168 archidiacono
573 5108 641 5167 et...
664 5105 876 5170 thesaurario

88 5204 291 5266 cameracen.
314 5204 385 5264 suis
399 5203 491 5266 dedit
514 5203 634 5266 litteris
647 5204 682 5266 in
697 5204 873 5276 mandatis,

89 5300 120 5361 ut
133 5302 214 5378 quod
231 5301 272 5362 ab
291 5317 331 5363 eo
354 5301 463 5362 iuerat
483 5300 725 5363 sententialiter
750 5300 877 5363 dilllni·

88 5398 150 5458 tum
164 5399 352 5462 executioni
368 5397 564 5461 mandantes
574 5399 762 5475 reciperent
776 5413 877 5475 super

90 5493 234 5566 petitorio
248 5494 461 5574 probationes
476 5493 583 5570 ipsius
594 5493 742 5572 episcopi
758 5509 797 5554 ac
812 5494 875 5554 de-

88 5589 247 5654 tensiones
273 5591 465 5654 monasterii
495 5590 679 5664 memorati,
704 5591 875 5668 ipsamque

603 245 609 250 ’
702 281 929 342 arrsvonrn.
954 283 1031 342 nvn.
1056 284 1108 344 iv.

1667 291 1727 350 370

930 455 1077 512 causam,
1089 442 1118 502 si
1130 442 1170 504 de
1181 443 1325 520 partium
1340 459 1504 506 consensu
1519 446 1723 523 procederet,

930 539 1106 603 concordia
1119 541 1172 602 val
1182 541 1311 618 jndicio
1325 542 1553 604 terminarent.
1570 544 1726 620 Alioquin

930 636 1141 698 eamdem-ad
1167 638 1392 715 apostolicum
1416 655 1558 702 examen
1578 641 1727 702 remitte-

930 735 1005 794 rent
1042 734 1245 798 sufficienter
1278 737 1485 808 instructam,
1517 739 1726 814 praefigentes

930 830 1078 907 partibus
1093 832 1269 894 terminum
1283 835 1532 910 competentem,
1549 849 1614 910 quo
1630 836 1727 896 veni-

930 930 1006 989 rent
1019 929 1217 990 sententiam
1232 931 1426 1008 recepturae.

972 1027 1087 1102 Nuper
1101 1027 1211 1088 autem
1227 1029 1459 1103 procuratores
1474 1028 1579 1104 ipsius
1593 1045 1728 1090 monas-

930 1122 1007 1183 terii
1034 1122 1076 1184 ad
1107 1125 1254 1184 nostram
1288 1125 1499 1200 praesentiam
1531 1127 1727 1188 accedentes

932 1223 1182 1296 proposuerunt,
1208 1222 1294 1298 quod
1323 1223 1411 1284 idem
1438 1224 1624 1300 episcopus,
1651 1217 1725 1300 post

930 1317 1050 1378 dietam
1086 1319 1339 1394 praedecessoris
1372 1321 1479 1411 nostri
1512 1321 1722 1392 sententiam,

930 1414 1092 1476 accedeus
1109 1415 1150 1477 ad
1165 1417 1404 1478 monasterium
1420 1418 1637 1478 memoratum
1649 1432 1728 1494 pro-

931 1511 1135 1574 curationem
1151 1512 1215 1574 sibi
1231 1529 1304 1574 cum
1320 1515 1534 1590 processione
1552 1515 1648 1591 petiit
1661 1529 1726 1575 ex-

932 1605 1039 1666 biberi
1054 1627 1061 1666 ε
1077 1605 1179 1666 abbas
1193 1622 1273 1670 vero
1289 1608 1322 1668 et
1335 1609 1518 1670 conventus
1540 1608 1729 1684 processio-

930 1719 1099 1776 nem,cum
1115 1719 1181 1766 non
1195 1706 1283 1766 esset
1301 1704 1342 1766 de
1356 1705 1507 1766 articulis
1524 1705 1672 1782 probatis
1696 1705 1728 1766 et

931 1800 1190 1877 comprehensis,
1202 1801 1234 1862 in
1246 1803 1411 1862 sententia
1425 1803 1607 1864 memorata
1622 1801 1728 1864 dene·-

930 1899 1047 1972 gantes
1064 1897 1171 1959 eidem
1189 1898 1456 1974 procurationem
1476 1899 1508 1960 ei
1523 1900 1727 1962 curaverunt
1781 1935 1783 1951 ·

931 1995 1103 2058 humiliter
1114 1995 1284 2066 exhibere,
1296 2011 1394 2072 quam
1407 1997 1582 2072 episcopus
1593 1997 1728 2072 ipsese-

931 2092 1057 2168 cipieus
1077 2093 1221 2154 asseruit
1236 2093 1322 2168 quod
1340 2107 1406 2154 uon
1423 2092 1617 2168 acceptabat
1631 2109 1728 2164 eamr

931 2189 1015 2260 dern,
1028 2205 1068 2252 eo
1088 2189 1173 2266 quod
1186 2190 1480 2266 processionaliter
1489 2190 1643 2266 receptus
1662 2206 1728 2252 non

931 2285 1730 2363 iueratcumeavioeprimumpostconsecratio-

931 2383 1730 2460 nemsuamadpraedictummonastariumacces-

931 2481 1040 2542 sisset.
1049 2481 1325 2544 Procuratoribus
1334 2480 1437 2557 igitur
1446 2481 1731 2558 partiumpropter

932 2578 994 2640 boc
1015 2578 1051 2639 in
1063 2579 1278 2640 executorum
1293 2578 1470 2654 presentia
1484 2578 1672 2640 constitutis
1688 2577 1728 2638 de

930 2674 1078 2751 ipsorum
1101 2676 1353 2752 procuratorum
1376 2690 1516 2736 assensu
1539 2675 1726 2736 ordinatum

931 2772 1041 2834 extitit
1063 2773 1099 2833 et
1124 2772 1323 2844 condictum,
1343 2771 1380 2832 ut
1402 2772 1511 2848 ipsum
1537 2771 1728 2848 episcopum

931 2883 1005 2928 cum
1020 2867 1233 2945 processione
1254 2868 1295 2929 ad
1312 2867 1579 2944 procurationem
1595 2867 1728 2942 recipe-

931 2967 1005 3026 rent
1030 2965 1161 3036 itarato,
1190 2964 1276 3042 quod
1309 2965 1529 3026 nibilominus
1557 2963 1729 3026 humiliter

931 3063 1189 3140 compleverunt,
1201 3061 1343 3138 receptis
1358 3062 1400 3124 ab
1413 3063 1486 3138 ipso
1501 3062 1656 3138 episcopo
1669 3061 1727 3122 lit·

929 3161 1022 3232 teris,
1039 3160 1125 3238 quod
1147 3159 1320 3222 caritative
1345 3159 1612 3236 procurationem
1627 3158 1728 3219 aliam

931 3256 1127 3334 recepisset3
1155 3257 1330 3334 episcopus
1357 3272 1438 3318 varo
1460 3255 1726 3334 procurationem

930 3355 1079 3416 eamdem
1091 3355 1385 3430 eumprocessione
1397 3354 1563 3430 recipiens
1574 3369 1609 3414 se
1619 3368 1683 3414 nac
1693 3353 1730 3412 il·

931 3449 1726 3529 lamacceptarenihilominusaiflrmaviteoquod

932 3566 996 3611 non
1010 3549 1185 3612 exercebat
1205 3549 1407 3612 visitationis
1428 3548 1574 3610 cilicium
1595 3548 1632 3609 in
1653 3563 1728 3610 mo·

930 3647 1076 3708 nasterio
1087 3646 1275 3724 saepedicto,
1291 3645 1409 3709 abbate
1419 3645 1452 3708 et
1459 3646 1624 3707 conventu
1637 3659 1726 3716 eum,

930 3744 1017 3806 sicut
1030 3744 1131 3806 iidem
1146 3743 1380 3820 procuratores
1394 3741 1539 3804 confessi
1563 3748 1651 3814 sunt,
1667 3757 1729 3802 ne·

931 3856 1095 3918 quaquam
1116 3839 1159 3902 ad
1178 3840 1369 3916 hujusmodi
1388 3838 1534 3900 osticium
1549 3838 1728 3900 admitten-

929 3939 1029 4009 tibus,
1044 3953 1084 4000 ao
1097 3937 1182 4015 quod
1194 3937 1342 3999 visitatio
1357 3951 1424 3998 non
1439 3937 1513 3997 erat
1526 3935 1566 3996 de
1579 3934 1727 4012 probatis
1755 3929 1758 3940 '

931 4035 1093 4105 articulis,
1114 4035 1147 4097 et
1171 4035 1208 4096 in
1223 4034 1380 4112 praedicta
1395 4033 1561 4096 sententia
1578 4047 1731 4110 compre-

932 4133 1057 4195 hensis.
1076 4133 1224 4210 Denique
1239 4132 1340 4194 iidem
1364 4131 1466 4194 abbas
1490 4133 1524 4194 at
1547 4130 1729 4206 convenas

931 4229 1103 4306 praeiaturn
1139 4232 1351 4308 episcopum,
1384 4227 1544 4305 quantum
1576 4229 1612 4290 in
1645 4228 1728 4304 ipsis

931 4328 1003 4400 luit,
1015 4328 1232 4390 restituerunt
1241 4327 1282 4388 ad
1293 4341 1409 4388 omnes
1421 4324 1581 4388 articulos
1589 4340 1729 4403 expres-

931 4441 996 4496 soe,
1011 4425 1046 4487 iu
1062 4425 1227 4488 sententia
1249 4423 1439 4500 saepedicta,
1462 4424 1494 4484 at
1515 4422 1564 4484 sic
1578 4422 1728 4500 pluribus

930 4523 1081 4584 terminis
1096 4522 1137 4584 ad
1150 4520 1395 4598 procedendum
1410 4520 1444 4580 iu
1458 4535 1561 4582 causa
1574 4521 1727 4597 proprie·

930 4620 1008 4680 tatis
1022 4619 1179 4696 episcopo
1191 4617 1385 4694 assignatis,
1402 4617 1443 4678 ad
1459 4633 1541 4694 quos
1563 4633 1642 4694 pars
1657 4633 1730 4680 mo-

931 4717 1069 4794 nasterii
1093 4715 1231 4777 veniens
1256 4714 1379 4776 trustra
1404 4713 1534 4777 labores
1559 4713 1670 4788 subiit,
1695 4718 1729 4777 et

932 4829 1106 4890 expensas,
1123 4811 1206 4890 ipsis
1216 4811 1386 4889 judicibus
1403 4828 1496 4872 suam
1512 4813 1644 4876 statutis
1659 4813 1728 4874 ter-

930 4911 1031 4972 minis
1040 4905 1250 4988 praesentiam
1264 4926 1332 4970 non
1344 4909 1540 4972 curantibus
1555 4909 1724 4972 exhibere.

931 5010 1067 5069 Demurn
1088 5023 1163 5068 cum
1179 5011 1211 5068 et
1220 5007 1351 5082 judices
1373 5023 1468 5068 suam
1483 5006 1615 5068 andem
1631 5006 1728 5066 exiri-

930 5105 1083 5166 buissent
1091 5105 1314 5181 praesentiam,
1325 5106 1358 5167 et
1372 5105 1569 5181 procurator
1580 5102 1727 5178 episcopi

931 5217 1149 5281 processurus
1164 5218 1264 5281 super
1275 5201 1429 5280 petitorio
1444 5200 1635 5261 crederetur
1652 5215 1726 5260 cum

930 5300 972 5362 ad
993 5300 1056 5362 boc
1068 5299 1187 5362 fuisset
1201 5301 1231 5361 ei
1245 5301 1406 5362 terminus
1423 5297 1622 5372 assignatus,
1638 5297 1727 5360 idam

931 5399 1127 5474 procurator
1148 5397 1321 5474 proposuit
1338 5411 1451 5458 coram
1462 5392 1630 5470 jndicibus
1644 5394 1727 5473 ipsis

930 5493 1016 5572 quod
1038 5492 1172 5555 nolebat
1193 5494 1228 5554 in
1252 5507 1354 5554 causa
1376 5489 1589 5568 proprietatis
1611 5507 1728 5566 proce-

930 5591 1020 5662 dere,
1048 5590 1153 5652 donec
1177 5590 1353 5668 episcopus
1382 5587 1554 5652 restitutus
1575 5589 1666 5650 esset
1685 5588 1727 5650 ad
