4198 6322
260 629 617 760 HONORII
672 634 798 794 ΙΙΙ,
850 635 1325 776 PONTlFlGlS
1379 645 1712 776 ROMANI

616 1033 1363 1281 nrisnonn
1468 945 1473 957 ’

494 1550 678 1640 PRIMA
712 1551 847 1642 VICE
882 1555 945 1643 IN
980 1557 1148 1649 UNUM
1184 1557 1484 1654 contidla]

865 1897 1103 1915 m

677 2225 911 2356 LIBER
962 2227 1289 2360 TERTIUS

548 2639 568 2726 Ι
1009 2634 1226 2710 proventuum
1241 2635 1473 2713 praedictorum
1493 2641 1748 2706 convertendam
1767 2644 1803 2706 in

1009 2746 1089 2792 usus
1102 2732 1257 2809 praelatos
1271 2749 1330 2796 vos
1345 2737 1503 2814 perpetuo
1525 2739 1697 2817 percipere
1715 2757 1802 2804 oon-

198 2783 470 2858 Admwmmm
485 2783 519 2844 et
537 2785 780 2856 mmmm
793 2785 915 2847 ‘mmm
1008 2826 1172 2902 cedentes,
1208 2831 1294 2908 qnod
1331 2831 1425 2894 vobis
1453 2835 1504 2896 est
1530 2835 1642 2899 taliter
1669 2837 1802 2914 pietatis

318 2881 494 2954 mmm
511 2881 631 2944 sami
647 2884 790 2944 mmm·
1009 2922 1143 2987 obtentu
1153 2941 1358 3000 concessum,
1369 2927 1474 3000 vobis,
1491 2931 1524 2992 et
1547 2948 1607 3009 per
1620 2948 1679 2995 vos
1694 2934 1803 2996 eidem

453 3001 488 3060 ²⁰
503 3001 566 3075 1¹¹¹st
581 3003 660 3061 ¹²¹8·
1008 3019 1120 3082 domui
1131 3023 1251 3084 vestrm
1263 3011 1460 3088 auctoritate
1475 3027 1665 3104 apostolica
1680 3029 1804 3092 contir-

177 3105 359 3203 ingestum.
374 3107 639 3174 ltepitlsstnss.
653 3109 931 3178 cerumtamen]
1007 3132 1157 3192 mamus,
1190 3120 1224 3182 et
1256 3121 1431 3198 presentis
1470 3125 1585 3200 scripti
1616 3125 1803 3202 patrocinio

283 3213 463 3274 uenientem
470 3222 658 3290 proventuum
668 3215 828 3275 confirmat.
1008 3216 1259 3278 communimus.
1279 3217 1370 3280 Nulli
1385 3234 1464 3296 ergo
1480 3217 1614 3283 omnino
1630 3221 1802 3288 hominum

197 3331 376 3404 Honorius,
397 3333 473 3406 eto„
499 3332 628 3395 dilectis
653 3332 769 3394 fflpigm
793 3335 953 3411 magistro
1007 3311 1107 3375 liceat
1121 3311 1207 3375 hanc
1221 3314 1376 3391 paginam
1396 3317 1519 3380 nostras
1540 3318 1802 3384 confirmationis
1829 3326 1835 3339 “

158 3430 194 3489 ot
214 3427 373 3490 matribus
398 3445 494 3492 novas
508 3430 625 3492 domus
651 3429 825 3508 hospitalis
841 3433 953 3495 Sancti
1007 3407 1201 3486 infringere·
1217 3411 1251 3472 Si
1267 3411 1341 3488 (luis
1355 3413 1477 3486 autem,
1492 3415 1555 3477 etc·

154 3524 289 3586 Nicolai
303 3527 380 3588 ante
394 3529 522 3603 postam
535 3527 672 3590 clausu-1
686 3529 898 3592 suessionen,
1045 3507 1164 3569 Datum
1183 3507 1350 3582 Laterani,
1372 3509 1499 3573 decimo
1517 3513 1616 3576 tertio
1640 3513 1802 3578 kalendas

195 3623 248 3686 nx
279 3622 398 3686 utrem
432 3624 634 3687 veneramus
666 3625 779 3689 fratris
807 3625 950 3689 nostra...
1006 3605 1150 3680 augusti,
1171 3604 1381 3684 pontificatus
1407 3609 1513 3672 nostri
1534 3625 1622 3673 anno
1643 3611 1799 3676 secundo.

34 3769 40 3784 .
153 3719 316 3796 episcopi,
333 3723 366 3783 et
377 3721 572 3784 dilectorum
586 3721 731 3784 illiorum
742 3725 779 3785 (i.
787 3722 906 3786 decani
919 3729 952 3787 et
1383 3758 1424 3845 Π

153 3816 295 3894 capituli
314 3819 525 3881 Suessionen.
550 3819 788 3894 intelleximus,
810 3821 896 3899 guod
915 3823 949 3885 ln
1728 3887 1729 3890 ,

153 3915 254 3976 domo
276 3915 407 3988 vestra,
437 3919 533 3993 cujus
561 3916 726 3980 ordinatio
751 3919 879 3994 spectat
908 3918 949 3981 ad
1148 3888 1200 3950 Ad
1219 3891 1379 4014 mite&
1389 3893 1653 3958 mmmm·

152 4010 258 4088 ipsos,
276 4011 516 4074 observandum
539 4014 696 4091 perpetuo
716 4014 888 4088 statuistis,
914 4016 950 4078 ut
1304 4003 1336 4061 ²1
1348 4002 1399 4076 1¹1¹·
1417 4004 1496 4064 1²¹⁸·

152 4109 190 4168 in
207 4123 248 4185 ea
264 4109 438 4186 sexaginta
455 4110 656 4188 pauperibus
671 4110 855 4174 scolaribus
876 4112 949 4174 cle·
1035 4105 1154 4170 [nagera
1163 4105 1209 4158 nn.
1221 4106 1250 4166 n
1264 4106 1337 4172 epio.
1349 4107 1419 4160 ¹³⁰⁰·
1428 4109 1486 4160 ⁵¹⁵⁸·
1497 4110 1620 4162 ¹³1²⁰¹i0
1629 4113 1662 4164 uu
1673 4113 1767 4182 rnen]

151 4205 235 4266 riois
259 4206 386 4284 jugiter
415 4207 574 4270 alimonia
601 4207 820 4272 ministratur,
856 4209 949 4274 Unde
1004 4202 1047 4261 Ad
1061 4203 1276 4277 crucesignatos
1287 4204 1411 4264 destinet
1424 4209 1457 4266 R.
1470 4208 1542 4267 tituli
1557 4210 1652 4268 Sancti
1660 4211 1799 4286 Stephani

152 4301 294 4366 dilectus
319 4303 405 4364 tilius
417 4307 447 4367 J.
466 4305 678 4368 Suessionen.
700 4305 851 4370 ecclesiae
869 4307 948 4370 the·
1073 4291 1109 4350 ⁶0
1122 4293 1316 4354 0oe¹i⁰l¹⁰¹¹t0
1329 4293 1527 4368 lfessbiiefflm
1539 4297 1725 4358 cardinalem.

152 4401 325 4465 samarius
340 4401 456 4464 videns
479 4401 521 4464 ad
546 4401 610 4464 hoc
632 4402 726 4465 vonis
740 4418 807 4466 non
822 4419 947 4483 suppe-
1041 4401 1220 4473 Honorius,
1243 4401 1325 4474 etc,
1355 4401 1476 4464 dilecto
1501 4403 1571 4465 illio
1602 4405 1706 4467 nobili
1724 4407 1797 4472 viro

31 4564 67 4584 ι,
151 4497 948 4579 terefacultatesmedietatempraebendre,quam
1002 4499 1043 4558 Η.
1060 4497 1172 4560 comiti
1186 4498 1366 4560 Nirernen.
1383 4500 1625 4576 crucesignato,
1651 4503 1714 4566 ete.

151 4594 187 4655 in
216 4595 358 4657 ecclesia
386 4596 474 4658 dicta
507 4597 615 4670 tenet,
645 4597 891 4674 percipiendam
927 4615 947 4662 a
1043 4595 1196 4672 Receptis
1220 4595 1338 4658 litteris
1358 4595 1436 4668 tuis,
1451 4598 1484 4659 et
1500 4613 1614 4660 eorum
1626 4600 1796 4664 intellecto

151 4691 258 4764 vobis,
273 4692 431 4770 quamdiu
453 4694 525 4770 ipse
539 4695 662 4757 vixerit
683 4696 716 4756 et
737 4693 946 4772 praebendam
1001 4694 1127 4763 tenore,
1152 4691 1239 4769 qued
1257 4691 1389 4754 anobis
1403 4693 1467 4755 iuit
1487 4709 1507 4756 a
1528 4696 1585 4758 tua
1599 4699 1795 4778 partepeti-

151 4789 540 4869 tenneritsnpradictam,
557 4792 668 4854 domui
684 4793 804 4856 restra
819 4791 860 4853 de
874 4792 948 4854 dic·
1001 4790 1083 4860 tum,
1095 4790 1253 4867 quantum
1268 4805 1342 4852 cum
1358 4789 1531 4855 honestate
1550 4795 1663 4858 nostra
1681 4797 1794 4872 potui-

149 4889 261 4948 torum
276 4888 435 4966 episcopi,
450 4889 568 4952 decani
587 4889 621 4952 et
632 4889 769 4966 capituli
783 4889 948 4952 concessit
1001 4901 1085 4960 mus,
1094 4885 1283 4948 curarimus
1293 4887 1465 4956 exaudire,
1478 4889 1512 4951 in
1522 4891 1690 4968 proposito
1701 4893 1796 4958 ilrmo

149 4999 301 5056 assensu,
325 4985 360 5045 in
386 5001 465 5047 usus
491 4985 679 5064 hujusmodi
712 4986 945 5058 convertendo,
1001 4983 1154 5060 gerentes
1169 4983 1349 5045 secundum
1369 4987 1471 5047 Deum
1491 4988 1706 5063 petitionibus
1728 4993 1795 5053 tuis

149 5081 324 5157 postulans
339 5081 511 5146 humiliter
522 5081 563 5144 ab
578 5083 702 5146 eisdem
718 5084 754 5146 ut
767 5084 853 5162 quod
867 5085 948 5148 tem·
1001 5080 1142 5143 libenter
1165 5096 1312 5144 annuere
1332 5083 1366 5144 et
1388 5083 1584 5146 exaltationi
1598 5087 1666 5148 tua
1680 5087 1795 5150 inten-

148 5177 310 5254 pcralitor
334 5179 406 5256 ipse
429 5179 553 5243 lecerat
576 5179 647 5243 iore
667 5181 734 5259 ipsi
752 5183 947 5259 perpetuum
1000 5177 1079 5240 dere
1102 5194 1141 5242 ac
1160 5178 1289 5240 honori.
1317 5181 1403 5242 Sane
1426 5196 1501 5244 cum
1520 5181 1686 5244 sicuttuis
1701 5184 1796 5248 nobis

149 5274 355 5352 stabilirent3
373 5277 459 5354 quod
474 5276 574 5339 iidem
592 5278 715 5356 absque
730 5281 843 5341 nostra
865 5295 945 5357 spe·
1000 5275 1122 5338 litteris
1141 5276 1313 5347 intimasti,
1339 5277 1375 5339 tu
1398 5279 1432 5339 et
1445 5277 1566 5340 nobilis
1578 5280 1667 5342 vir...
1684 5296 1795 5346 comes

148 5371 227 5432 ciali
255 5372 390 5436 licentia
413 5373 524 5437 iacere
546 5374 776 5448 formidantes,
797 5390 858 5453 per
885 5392 945 5438 nos
1000 5373 1171 5445 Marchiae,
1187 5389 1227 5434 ac
1241 5373 1389 5436 universi
1401 5375 1621 5451 crucesignati
1637 5377 1679 5442 de
1692 5396 1795 5458 regno

148 5467 341 5544 perpetuari
368 5469 491 5532 iactum
519 5471 709 5549 hujusmodi
734 5487 794 5550 per
812 5471 945 5534 easdem
1000 5470 1162 5542 Franciae,
1175 5469 1388 5546 andegaviae,
1413 5471 1606 5546 Britanniae,
1634 5477 1794 5552 Betuniae,

149 5563 279 5627 litteras
291 5567 486 5644 suppliciter
508 5569 727 5648 postularunt.
754 5569 823 5630 Nos
843 5569 946 5645 igitur
999 5567 1187 5645 Aquitaniae
1196 5569 1228 5630 et
1237 5566 1436 5644 Burgundiae
1447 5569 1679 5645 promiseritis,
1693 5589 1795 5650 praes·

147 5677 264 5724 eorum
287 5664 352 5741 piis
374 5665 528 5741 precibus
553 5665 716 5739 inclinati,
737 5665 945 5731 medietatem
1000 5664 1796 5743 titojuramento,voscumJanuensihusdecivi-

288 5811 401 5856 namon.
417 5797 554 5855 muclil.
1607 5799 1620 5854 i
