3978 6292
36 408 90 468 405
648 405 876 465 EPISTOLAE.
900 406 978 466 ΜΒ.
1001 408 1055 466 IV.

1613 405 1674 465 400

33 564 98 636 illo,
110 564 168 640 qui
185 563 350 624 neminem
362 562 434 624 vult
447 563 566 638 perire,
582 577 642 639 per
654 563 721 623 tuae
736 577 824 639 6161-
879 563 994 636 661116,
1011 563 1131 640 quibns
1141 563 1222 626 tides
1237 563 1423 626 adhibenda
1435 563 1553 626 merito
1577 561 1676 623 ride-

33 661 208 722 dicationis
227 659 445 721 ministerium
468 659 508 720 ad
533 659 737 734 agnitionem
760 675 823 720 ve·
878 659 976 721 batur
997 680 1004 718 :
1029 661 1067 722 tu
1095 659 1219 732 16666,
1242 661 1359 722 661666
1383 661 1417 722 16
1436 659 1468 722 16
1483 657 1671 734 hujusmodi

33 757 148 828 1116116,
161 771 225 817 666
238 772 296 833 616
311 756 417 824 labori
438 757 496 817 tuo
511 756 659 817 volentes
676 755 825 817 favorem
879 756 1042 817 maculam
1062 771 1246 828 remanere,
1262 757 1457 834 supplicasti
1480 756 1576 818 nobis
1601 755 1669 815 hu-

33 852 432 930 666616116666611111616,
451 852 824 930 616666116611111666-
879 853 1251 926 611116161166166161,
1273 855 1308 916 ut
1331 869 1430 931 super
1454 855 1517 915 boc
1545 852 1670 930 inquiri

35 951 161 1012 toritate
178 950 401 1022 concedimus,
419 951 455 1012 ut
468 950 560 1012 viros
568 949 744 1025 religiosos
757 951 824 1012 tam
879 949 1064 1012 laceremus
1079 950 1271 1026 diligentius
1291 951 1465 1013 veritatem
1486 951 1519 1012 et
1533 964 1592 1026 par
1606 949 1667 1009 de-

34 1047 154 1108 ordinis
184 1045 426 1117 cisterciensis,
448 1061 547 1122 quam
573 1047 726 1118 aliorum,
742 1061 824 1123 quos
879 1047 1094 1109 clarationem
1118 1047 1338 1122 legitimitatis
1366 1049 1431 1110 1616
1455 1045 1671 1124 6166616166

35 1160 102 1206 6666
130 1143 267 1205 noveris
293 1143 334 1204 ad
361 1143 425 1204 boc
455 1158 537 1220 opus
571 1142 720 1211 idoneos,
749 1159 824 1204 cum
879 1144 1043 1204 maculam
1057 1143 1202 1206 abolere.
1219 1145 1313 1208 Unde
1331 1160 1392 1205 nos
1407 1145 1535 1206 dilectis
1554 1143 1669 1204 tiliis...

34 1241 196 1312 ahbatum,
212 1241 253 1302 61
266 1240 519 1317 prepositorum
534 1253 669 1300 suorum
688 1240 823 1302 licentia
878 1239 989 1303 abbati
1003 1241 1072 1302 61...
1089 1241 1193 1318 priori
1207 1242 1331 1304 'linetae
1348 1257 1424 1302 ac...
1436 1239 1670 1302 archidiacono

33 1341 134 1402 tecum
158 1338 284 1398 ducere
305 1338 430 1410 161666,
455 1337 551 1400 6161
577 1337 824 1414 predicandum
879 1338 1092 1399 cracoviensi
1103 1338 1225 1400 nostris
1236 1338 1386 1400 dedimus
1398 1337 1519 1398 litteris
1533 1337 1569 1396 in
1582 1351 1675 1396 man-

35 1436 196 1498 Christum
209 1434 307 1496 dictis
321 1435 460 1511 paganis
472 1434 576 1496 libere
591 1434 771 1496 destinare
880 1435 977 1507 datis,
1012 1436 1048 1497 61
1072 1436 1259 1512 reciperent
1285 1437 1386 1498 166166
1414 1433 1561 1504 1166666,
1590 1447 1672 1510 quos

69 1535 186 1594 116166
218 1530 370 1603 viterbii,
388 1533 462 1593 XIV
492 1531 655 1598 kalendas
686 1532 822 1610 aprilis,
880 1547 980 1608 super
993 1531 1051 1593 166
1060 1532 1270 1608 legitimitate
1282 1530 1421 1592 duceres
1430 1529 1669 1608 producendos,

35 1645 114 1690 anno
127 1630 261 1707 quarto.
879 1629 912 1690 61
940 1629 969 1688 61
994 1630 1163 1690 constaret
1183 1628 1318 1699 eisdem,
1346 1627 1433 1704 quod
1462 1627 1502 1687 16
1525 1625 1672 1702 legitimo

880 1726 1091 1787 matrimonio
1115 1728 1213 1788 natus
1228 1741 1328 1795 esses,
1345 1727 1378 1787 te
1393 1723 1575 1800 legitimum
1587 1737 1671 1783 auc-

398 1744 463 1831 GV

62 1881 111 1954 Ad
131 1879 272 1941 6166166
287 1879 320 1940 61
334 1879 792 1953 6166661660161666166616

249 1978 382 2041 ordin-is
397 1976 431 2037 61
446 1978 605 2038 ultorum.

299 2089 445 2158 ,196611
462 2087 541 2164 1220.

108 2194 306 2260 [Turqensriua
323 2193 741 2254 11161616611666161166666616,

307 2279 325 2324 t.
336 2274 357 2332 1,
370 2290 396 2338 p.
413 2275 450 2332 ll,
461 2289 486 2324 n.
501 2273 551 2338 m]

38 2374 228 2446 1166166666
257 2372 418 2430 1161616661
447 2373 630 2446 evangelium
656 2372 825 2430 1611616616

57 2461 218 2534 predicanti
234 2461 377 2534 adjutores
390 2461 517 2534 religiosi
530 2461 582 2517 viri
596 2459 798 2518 concedantur.

71 2577 237 2640 Honorius
249 2578 436 2655 episcopus,
448 2592 564 2638 servus
572 2576 823 2648 servorumDei,

39 2674 203 2737 abbatibus
233 2676 266 2737 61
288 2675 476 2754 6166661116
502 2675 571 2736 166
595 2673 825 2736 cisterciensis

40 2773 157 2846 ordinis
186 2787 288 2848 quam
316 2772 470 2843 aliorum,
491 2773 672 2848 praesentes
698 2771 825 2834 litteras

40 2869 242 2945 inspecturis,
268 2869 457 2930 salutemet
480 2866 695 2944 apostolicam
718 2867 824 2928 bene-

42 2965 224 3038 dictionem,

73 3064 173 3134 Quum
192 3061 396 3124 venerabilis
411 3061 515 3124 116161
528 3063 678 3128 666161...
699 3060 824 3126 116161-

42 3155 130 3218 lensis
141 3160 320 3236 episcopus
331 3159 402 3222 zelo
415 3159 563 3222 caritatis
578 3174 739 3220 accensus
753 3174 827 3234 por-

42 3257 206 3318 16166166
228 3257 367 3334 paganis
390 3257 534 3319 listoniae
553 3272 674 3318 nomen
690 3254 823 3326 Christi,

43 3355 80 3422 ut,
95 3353 236 3415 16616616
256 3353 325 3426 1116,
347 3354 583 3430 quineminem
606 3354 677 3416 vult
702 3353 824 3428 perire,

43 3463 91 3522 per
104 3465 169 3510 suae
183 3448 432 3530 praedicationis
447 3448 719 3513 ministeriumad
734 3448 827 3524 agni·

43 3543 153 3606 116666
167 3547 475 3612 ueniantveritatis.
487 3547 559 3608 Nos
569 3547 623 3623 616
635 3545 742 3616 labori
753 3547 826 3621 ejus

43 3641 177 3706 uolentes
209 3642 360 3704 1616166
388 3643 613 3720 apostolicum
647 3642 822 3714 exhibere,

44 3735 240 3802 devotionem
261 3740 407 3801 vestram
425 3739 607 3816 rogandam
623 3739 778 3800 duximus
793 3739 826 3799 61

44 3831 240 3909 hortandam,
276 3851 337 3912 per
366 3836 556 3912 apostolica
581 3835 681 3898 vobis.
702 3836 826 3911 scripta

44 3932 236 4006 mandantes,
263 3935 425 4017 quatenus
448 3933 578 4010 aliquos
601 3933 641 3993 de
667 3932 825 3995 iratribus

44 4029 148 4088 1661116
171 4030 214 4093 61
242 4029 306 4090 bec
333 4045 417 4108 opus
436 4030 585 4110 idoneos,
614 4029 722 4090 eidem
751 4045 825 4090 cum

44 4126 221 4200 requisierit
234 4126 268 4186 in
283 4126 472 4202 hujusmodi
489 4127 709 4188 ministerium
722 4126 826 4188 libere

44 4222 230 4286 concedatis
253 4225 371 4284 Datum
398 4222 642 4296 viterbii,le
663 4223 826 4300 kalendas

44 4318 264 4403 aprilis-anno
284 4320 414 4398 quarto.

385 4489 472 4577 CVI

83 4623 129 4680 Ad
138 4626 324 4686 Falconem
338 4622 517 4684 cantorem
530 4625 773 4684 6166666666.

313 4735 349 4792 111
363 4741 446 4792 mart.
462 4735 541 4792 1110.

110 4837 238 4901 libatam,
255 4839 420 4889 1166666616
433 4839 558 4898 16166166,
571 4840 591 4896 l,
605 4839 682 4896 166.
695 4839 747 4904 11]

46 4929 113 4998 Quod
132 4934 237 4994 166166
260 4943 304 4994 661
319 4951 406 5009 super
420 4937 666 4996 nuntiationesue
680 4937 822 5010 legitima·

274 5025 371 5094 116616,
383 5025 579 5082 confirmatur.

78 5129 236 5193 Honorius
244 5134 428 5210 episcopus,
443 5148 561 5194 servus
571 5149 743 5195 serrorum
752 5133 822 5206 Dei,

47 5223 152 5289 dilecto
167 5229 235 5291 ilio
249 5230 386 5292 Falconi
402 5231 529 5292 cantori
550 5232 746 5304 1166666661,
764 5247 823 5294 sa-

47 5317 134 5383 lutem
148 5329 179 5387 61
194 5327 410 5404 apostolicam
420 5327 695 5390 benedictionem.

81 5421 176 5489 01166
190 5423 268 5485 6116
284 5422 530 5500 illegitimitatis
545 5426 622 5486 nota
636 5424 696 5486 tibi
712 5441 824 5487 coram

879 1823 1015 1884 16111616
1032 1823 1222 1900 apostolica
1248 1822 1467 1893 declararent,
1494 1819 1570 1897 quid
1596 1817 1680 1879 inde*

880 1919 1037 1992 lacerent,
1058 1917 1155 1980 nobis
1175 1918 1317 1980 fideliter
1335 1917 1541 1994 rescripturi.
1564 1919 1673 1988 Quare

881 2031 1046 2094 persnas
1073 2015 1170 2077 nobis
1196 2015 1325 2078 litteras
1352 2013 1559 2083 intimarunt,
1587 2010 1672 2088 quod

880 2115 1098 2191 exsequentes
1107 2111 1523 2190 6661616616661611666
1534 2109 1676 2185 diligen-

880 2212 940 2284 ter,
948 2212 1050 2272 testes
1065 2226 1164 2287 66661
1175 2211 1262 2271 11616
1274 2209 1414 2271 articulo
1426 2206 1632 2284 receperunt,
1641 2205 1674 2266 61

881 2309 1004 2370 attente
1014 2308 1271 2370 subtestimonio
1281 2305 1419 2384 capituli
1429 2303 1669 2374 cracoviensis,

881 2406 1037 2482 inspectis
1052 2404 1312 2484 depositionibus
1325 2403 1527 2474 eorumdem,
1539 2402 1673 2462 invene·

880 2504 959 2565 runt
978 2504 1011 2565 te
1033 2504 1073 2564 16
1095 2503 1244 2578 legitimo
1259 2499 1481 2572 matrimonio,
1496 2497 1673 2577 antequam

881 2601 975 2676 pater
986 2601 1062 2661 tuus
1074 2599 1204 2678 aliquos
1217 2599 1420 2675 suscepisset
1439 2597 1582 2667 ordines,
1600 2610 1674 2654 esse

880 2700 1006 2768 natum,
1029 2712 1131 2775 quare
1155 2697 1187 2758 te
1208 2696 1445 2757 nuntiaverunt
1474 2693 1672 2770 legitimum,

881 2794 978 2871 prout
992 2793 1090 2854 sihia
1111 2793 1207 2854 nobis
1222 2793 1331 2854 luerat
1354 2791 1598 2853 demandatum.
1623 2791 1674 2850 Ne

879 2893 982 2967 igitur
1006 2891 1130 2952 ueritas
1158 2890 1260 2952 semel
1290 2905 1390 2968 super
1411 2888 1478 2950 1616
1507 2885 1674 2948 declarata

881 2987 1047 3050 natalibus
1085 2987 1228 3065 alicujus
1269 2985 1483 3048 dubitationis
1518 2982 1675 3059 scrupulo

880 3087 993 3148 valeat
1015 3087 1050 3147 in
1078 3085 1246 3164 posterum
1272 3084 1441 3156 offuscari,
1467 3082 1552 3159 quod
1575 3095 1676 3157 super

881 3183 944 3244 boc
958 3183 1081 3246 lactum
1095 3183 1205 3246 extitit
1219 3181 1261 3245 ab
1281 3181 1417 3252 eisdem,
1439 3177 1596 3256 praesenti
1610 3192 1672 3254 pa-

880 3281 958 3358 gina
974 3280 1076 3342 scribi
1099 3267 1300 3342 lecimus'ad
1324 3278 1499 3349 cautelam,
1524 3277 1558 3336 et
1574 3274 1674 3335 bullae
1728 3279 1731 3287 '

881 3379 1003 3440 nostrae
1019 3378 1202 3438 munimina
1214 3375 1377 3438 roborari.

920 3476 1038 3537 Datum
1068 3473 1220 3546 viterbii,
1252 3475 1329 3536 Xlll
1360 3469 1521 3534 kalendas
1546 3468 1673 3548 aprilis,

881 3572 1092 3650 pontificatus
1107 3572 1212 3634 nostri
1225 3586 1313 3632 anno
1327 3569 1456 3648 quarto.

1227 3721 1333 3816 CVII

959 3851 1012 3914 Aa
1023 3850 1229 3912 universnm
1242 3849 1406 3921 populum
1423 3845 1595 3916 1116161161.

1169 3957 1204 4022 20
1218 3966 1301 4016 6611.
1315 3958 1393 4016 1110.

998 4065 1114 4132 [11166111
1131 4065 1225 4116 bullar.
1239 4062 1383 4123 Praedicet„
1401 4061 1560 4127 16611]

880 4167 969 4235 Quam
986 4171 1067 4238 grata
1083 4163 1206 4223 6111161111
1220 4164 1313 4221 611616
1332 4163 1475 4235 61661166
1491 4157 1671 4233 6661116116·

916 4251 1033 4312 dritensi
1055 4253 1188 4310 1161111166
1212 4252 1321 4310 ordinis
1343 4249 1584 4318 predicatorum,
1602 4263 1675 4321 quos

915 4342 1020 4411 laudat,
1033 4341 1170 4410 exhibita,
1185 4341 1320 4398 declarat.

921 4450 1087 4515 Honorius
1095 4451 1406 4526 episcopusservus
1420 4461 1590 4508 servorum
1601 4445 1672 4517 Dei,

880 4547 1009 4609 dilectis
1031 4547 1109 4608 liliis
1125 4547 1282 4608 universo
1302 4543 1423 4622 populo
1442 4543 1606 4621 Majorici,
1620 4559 1677 4604 sa·

881 4646 984 4706 lutam
994 4647 1027 4706 61
1042 4643 1257 4720 apostolicam
1272 4641 1548 4704 benedictionem.

922 4743 1057 4803 Gratum
1073 4743 1106 4803 et
1121 4741 1291 4817 acceptum
1308 4739 1403 4802 nobis
1417 4737 1490 4811 fuit,
1506 4739 1592 4816 quod
1607 4753 1672 4798 au-

881 4839 1034 4910 divimus,
1062 4837 1231 4909 videlicet,
1260 4836 1347 4914 quod
1375 4839 1506 4898 nostros
1535 4835 1673 4897 dilectos

881 4934 1124 5003 111166,1161166
1154 4934 1281 4995 ordinis
1317 4934 1587 5004 Praedicatorum,
1617 4931 1674 5010 qui

880 5033 1032 5095 habitant
1046 5031 1132 5109 apud
1148 5031 1357 5109 Majcricum,
1372 5031 1545 5108 recepistis
1557 5031 1592 5090 in
1607 5029 1676 5088 vis-

881 5131 1013 5193 ceribus
1033 5129 1182 5191 caritatis
1206 5131 1239 5190 et
1254 5129 1444 5206 protexistis
1465 5125 1676 5188 laudabiliter

882 5243 957 5288 oum
982 5227 1100 5288 61116116
1124 5226 1267 5304 61616116,
1296 5226 1331 5286 in
1358 5240 1422 5302 quo
1443 5222 1673 5298 intelligimus,

880 5325 1084 5400 ros-gratum
1110 5322 1303 5400 obsequium
1323 5325 1392 5383 Deo
1411 5323 1581 5398 praestare,
1596 5319 1674 5396 quia

880 5423 968 5482 inter
982 5421 1068 5482 bona
1084 5434 1196 5498 opera,
1215 5418 1333 5496 quibus
1344 5421 1411 5480 Deo
1421 5413 1596 5488 servimus,
1606 5417 1677 5478 1616

49 5515 129 5576 nobis
143 5519 259 5582 luisset
272 5521 308 5581 in
319 5521 452 5582 modurn
466 5521 670 5599 exceptionis
683 5521 822 5600 objecta,
881 5519 1009 5579 nullum
1031 5518 1200 5579 invenitur
1214 5517 1265 5577 illi
1280 5515 1418 5591 gratius,
1435 5529 1534 5592 quam
1556 5515 1677 5576 subve-

49 5607 114 5672 licet
127 5615 321 5692 objectarem
332 5617 527 5695 poenituisse
537 5618 709 5685 videretur
719 5618 825 5696 objec·
882 5617 954 5676 nire
969 5616 1049 5687 illis,
1081 5616 1138 5692 qui
1160 5614 1294 5692 propter
1318 5611 1407 5673 sitim
1431 5627 1529 5689 qnam
1554 5612 1677 5673 habent

50 5705 80 5774 ti,
95 5711 219 5775 6111616
234 5717 305 5792 ejus
330 5713 557 5790 refragaretur
572 5715 749 5777 multorum
765 5733 823 5778 as·
883 5713 1002 5776 salutis
1028 5713 1210 5782 hominum,
1238 5711 1396 5772 hauriunt
1427 5709 1461 5771 in
1492 5709 1611 5784 gaudio
1646 5711 1678 5771 et
