3946 6304
284 364 340 429 451
853 423 865 442 g
897 365 1072 435 Hononn
1095 367 1139 429 111
1162 369 1311 449 OPERA.
1338 463 1343 474 ἱ
1863 373 1915 432 452

284 523 397 589 mitem
419 525 646 596 memoratum,
665 523 701 588 ut
727 523 846 604 conus
871 525 981 602 ceptio
1006 527 1079 603 ejus
1135 541 1247 590 merus
1260 527 1501 590 monachorum
1516 528 1576 606 qui
1596 527 1914 605 perpetuoineadem

284 621 495 684 occasionem
524 621 642 686 tribuit
675 620 886 700 obloquendi,
914 622 1020 686 libera
1045 625 1079 686 ot
1134 625 1278 687 ecclesia
1292 624 1533 688 ministrarent.
1558 625 1650 699 Quod
1661 625 1741 690 licet
1754 628 1916 706 utrumque

282 717 433 783 liberalis
464 718 613 797 ejusdem
642 718 794 782 dimissio
818 719 995 782 materiam
1015 719 1079 784 tri-
1132 721 1328 800 aliquandiu
1342 721 1555 786 observatum
1570 723 1701 793 linisset,
1715 739 1804 788 nuuc
1816 727 1914 787 tamen

282 814 364 878 buat
389 815 657 888 commendandi,
684 831 810 892 uosque
838 819 1077 893 cognoscentes
1132 835 1192 896 per
1210 835 1326 882 eorum
1347 820 1506 898 injuriam
1521 823 1555 884 ot
1569 821 1710 884 militum
1725 823 1915 899 usqueadeo

282 912 490 980 devotionem
519 913 645 988 regiam
676 912 712 974 in
738 911 877 985 effectu,
900 913 1018 989 dignas
1044 913 1077 974 ei
1131 917 1238 978 estin
1260 918 1501 996 temporalibus
1526 919 1750 992 diminutam
1771 919 1915 997 inspiri-

281 1011 392 1086 gretes
407 1009 547 1080 reddere
559 1013 734 1078 teneamur
745 1011 779 1072 et
789 1010 897 1074 dictus
912 1025 1022 1074 comes
1036 1025 1077 1074 ec
1130 1015 1278 1077 tualibus
1298 1015 1497 1090 deformata,
1513 1017 1600 1095 quod
1626 1019 1785 1094 uuquam
1799 1017 1913 1094 abjecte

281 1107 345 1174 sui,
357 1108 414 1185 qui
429 1108 541 1183 magni
560 1108 593 1170 et
617 1107 770 1185 potentes
791 1123 866 1170 esse
880 1111 1073 1182 noscuntur,
1131 1113 1407 1190 supellectilibus,
1427 1115 1461 1176 ct
1479 1114 1557 1176 aliis
1584 1113 1729 1191 negotiis
1754 1115 1915 1176 saeculari-

281 1204 374 1267 tanto
384 1205 503 1270 lortius
513 1205 555 1268 ad
569 1205 662 1281 regia
674 1207 897 1282 provocentur
904 1205 1073 1286 obseqiue,
1130 1210 1191 1272 bus
1205 1212 1317 1273 minus
1336 1211 1489 1276 honestis
1503 1211 1655 1290 exposite
1674 1212 1775 1274 valde
1788 1211 1916 1276 babetur

280 1303 785 1380 quantcregalenclementiam
804 1319 884 1380 erge
905 1319 1075 1369 seseuse-
1130 1309 1344 1387 contemptui,
1368 1325 1442 1388 quae
1472 1309 1552 1372 olim
1568 1327 1644 1372 cum
1671 1325 1801 1372 summa
1823 1325 1914 1372 rere·

279 1400 348 1474 nint
357 1400 557 1478 proniorem.
578 1403 648 1464 Hoc
663 1401 774 1465 autem
789 1400 980 1466 mandatum
993 1415 1075 1464 uos·
1129 1406 1237 1468 rentia
1252 1407 1432 1470 colebatur.
1448 1406 1545 1472 Unde
1564 1407 1738 1470 memorati
1760 1407 1865 1469 clerm
1885 1410 1915 1470 et

279 1498 367 1558 trum
393 1497 574 1575 diligenter
598 1499 632 1562 et
654 1498 729 1560 sine
756 1497 916 1562 dilatione
941 1497 1076 1562 studeas
1129 1505 1269 1582 populus
1282 1506 1387 1571 eidem
1401 1505 1553 1571 ecclesiae
1566 1505 1678 1570 debito
1688 1507 1914 1583 compatientes

280 1594 612 1672 adimplere.1)atum
642 1595 729 1672 apud
759 1593 879 1658 Urbem
908 1596 1072 1666 Veterem,
1128 1601 1268 1676 effectu,
1302 1601 1400 1670 nobis
1422 1603 1595 1669 humiliter
1619 1603 1859 1682 supplicarunt,
1881 1606 1913 1665 ut

280 1692 1071 1771 xnlal.julitponlincennosiriannonario.
1128 1714 1204 1760 cum
1224 1700 1332 1777 parati
1356 1701 1423 1764 sint
1442 1701 1485 1766 de
1504 1700 1602 1765 bonis
1623 1700 1769 1779 propriis
1795 1701 1916 1764 clericis

568 1835 569 1842 ,
1128 1797 1345 1860 secularibus
1359 1799 1395 1859 ln
1420 1813 1461 1860 ea
1482 1797 1623 1860 Domino
1637 1799 1815 1862 servituris
1830 1813 1914 1860 com·

1129 1895 1277 1972 petentes
1289 1895 1439 1960 redditus
1452 1896 1631 1973 assignari,
1644 1898 1680 1958 in
1695 1897 1818 1960 statum
1832 1896 1914 1958 enti-

278 2039 330 2101 Att
344 2043 605 2102 tarracinensem
619 2041 653 2102 et
669 2044 869 2104 Ambtcnen.
886 2041 1072 2118 episcopor,

419 2139 453 2199 ct
467 2141 635 2200 decenum
655 2140 931 2202 Amoenensem.

570 2259 778 2332 nnununao.
903 2224 907 2232 ⁴

1128 2009 1228 2070 quum
1258 2007 1333 2054 eam
1364 1993 1472 2070 redigi
1509 1993 1721 2065 laceremus,
1747 1996 1913 2071 antequam

1128 2089 1260 2167 penius
1291 2090 1483 2156 uuuuletur.
1515 2093 1597 2154 Cum
1630 2092 1737 2168 igitur
1762 2090 1912 2153 instanlia

1128 2188 1244 2252 nostra
1266 2188 1459 2276 quotidiana
1476 2188 1521 2252 sit
1544 2189 1763 2252 ecclesiarum
1779 2189 1914 2253 omnium

1128 2285 1318 2351 sollicitudo
1334 2286 1505 2359 coufinua,
1519 2285 1714 2353 discretioni
1729 2288 1853 2352 vestm
1865 2300 1918 2364 per

304 2369 484 2446 [1010011.
497 2373 540 2434 ru,
551 2373 623 2440 epus.
636 2374 691 2425 reo.
703 2375 762 2428 us.
773 2374 809 2428 ua
818 2374 895 2425 rom
906 2373 944 2424 cn
954 2372 1047 2438 rnen]

278 2479 394 2541 Mandat
418 2479 471 2548 cie,
500 2487 531 2540 ut
559 2479 596 2539 ad
624 2479 777 2538 ecclesium
802 2479 878 2540 beati
895 2481 973 2538 Petri
991 2479 1071 2552 juxta

312 2568 519 2626 monesterium
534 2567 633 2626 Sancti
645 2568 763 2627 vedasti
777 2567 974 2628 luebateusis
987 2583 1071 2626 acce·

314 2655 425 2724 dentes,
447 2655 592 2722 abususin
602 2671 635 2716 ee
652 2656 862 2716 invalescentes
876 2653 1032 2723 reforment
1042 2663 1072 2716 et

313 2747 471 2820 corrigent.

316 2861 494 2934 Honorius,
521 2861 596 2934 etc,
610 2861 858 2924 venerabilibus
873 2861 1069 2925 iratribus...

274 2959 488 3022 Laudunensi
503 2961 536 3021 et
547 2958 761 3021 ambianensi
779 2959 956 3038 episcopis,
974 2963 1007 3020 et
1021 2960 1074 3020 di-

275 3057 362 3120 lecto
372 3055 996 3130 filio...dscanonmbianen.,salutem,
1008 3057 1070 3120 etc.

316 3158 367 3216 Ex
391 3156 485 3232 perte
509 3153 591 3214 cleri
617 3155 651 3216 et
676 3154 789 3231 populi
804 3153 993 3216 Atrebatem.
1011 3153 1073 3217 luit

273 3251 460 3330 expositum
476 3265 588 3312 coram
607 3249 714 3322 nobis,
729 3251 815 3328 quod
827 3253 905 3312 cum
915 3251 950 3312 in
965 3251 1074 3314 eccle-

273 3352 323 3414 sia
335 3352 371 3411 B.
385 3347 486 3422 Petri,
502 3365 575 3426 quae
589 3348 654 3410 sita
668 3351 718 3411 est
723 3349 821 3426 Juxta
833 3349 1072 3410 monesterium

273 3448 388 3512 Sancti
424 3445 577 3519 vedasti,
616 3445 778 3508 tredecim
813 3445 1000 3522 prebende
1031 3447 1073 3508 de

272 3561 409 3608 suorum
421 3544 703 3622 predecessorum
713 3543 936 3622 eleemosynis
953 3543 995 3606 ab
1010 3559 1074 3606 en-

271 3645 365 3720 tiquo
378 3641 538 3704 institute
551 3640 693 3702 luissent
704 3641 747 3702 ed
762 3656 845 3719 opus
856 3642 1070 3704 saecularium

273 3739 483 3812 elericorum,
513 3739 569 3805 cui
594 3739 697 3815 longo
723 3739 872 3820 tempore
901 3739 1074 3808 ministra-

273 3839 352 3902 runt
364 3837 526 3908 ibidem...
542 3836 657 3910 abbas,
672 3839 706 3906 et
725 3839 910 3901 conventus
924 3837 1074 3914 ejusdem

272 3935 470 4006 monasterii
489 3935 530 3998 ad
546 3950 631 4013 quoe
649 3935 902 4012 praebendarum
926 3935 1074 4012 ipserum

275 4035 411 4105 donatio
426 4032 624 4110 pertinebat,
642 4033 678 4094 ut
697 4032 787 4100 bena
801 4033 907 4109 ipsius
922 4033 1073 4100 ecclesie

276 4133 312 4194 in
337 4130 491 4210 proprios
518 4146 598 4192 usus
622 4129 761 4198 abusive
785 4130 976 4206 redigerent
1000 4130 1076 4197 loco

276 4229 515 4295 canonicorum
547 4241 608 4306 pre
644 4229 794 4305 tempore
829 4227 1073 4302 decedentium,

275 4325 494 4392 instituebant
503 4323 556 4386 uel
571 4323 682 4402 potius
696 4323 896 4400 ingerebant
907 4339 988 4394 sues
1003 4339 1076 4389 mo·

1127 2382 1317 2462 Apostolica
1355 2384 1481 2462 scripta
1515 2384 1730 2458 mandamus,
1763 2385 1917 2465 puanuus

1128 2479 1208 2541 illuc
1231 2481 1458 2558 personaliter
1479 2482 1687 2554 accedentes,
1707 2485 1741 2546 et
1765 2479 1916 2547 babentes

1128 2593 1196 2655 pre
1211 2578 1320 2644 oculis
1330 2580 1437 2643 solum
1445 2583 1561 2653 Deum,
1574 2581 1841 2658 statuatissuper
1851 2579 1915 2650 boc,

1127 2677 1330 2742 auctoritato
1364 2678 1493 2750 nostra,
1525 2676 1660 2740 sublato
1692 2675 1919 2756 appellationis

1127 2773 1311 2847 obstaculo,
1332 2774 1419 2857 quod
1447 2775 1555 2838 eidem
1579 2774 1732 2837 ecclesie
1746 2773 1917 2836 secundum

1131 2876 1236 2935 Deum
1249 2873 1369 2938 melius
1383 2873 1539 2936 videbitis
1550 2872 1724 2950 expedire3
1739 2869 1918 2934 contradic-

1126 2972 1228 3046 tores,
1241 2972 1271 3036 et
1287 2970 1343 3050 cui
1357 2969 1483 3036 luerint
1492 2971 1546 3032 vel
1558 2970 1715 3042 rebelles,
1729 2984 1792 3048 per
1808 2983 1918 3033 censu·

1127 3084 1200 3142 rem
1218 3067 1469 3136 ecclesisticam,
1485 3067 1711 3148 appellatione
1729 3067 1916 3146 postposite,

1127 3167 1385 3246 compescentes.
1408 3167 1523 3230 Testes
1542 3167 1664 3238 autem,
1694 3165 1772 3240 etc,
1789 3164 1872 3243 quod
1892 3162 1917 3226 si

1128 3279 1193 3326 nou
1212 3279 1338 3336 omues,
1364 3263 1426 3324 etc.
1443 3264 1562 3328 natum
1583 3262 1671 3344 apud
1687 3262 1812 3326 Urbem
1829 3262 1919 3323 Vele-

1128 3375 1209 3434 rem,
1227 3362 1288 3423 Xll
1304 3359 1567 3440 kalendasjulii‚
1579 3375 1667 3426 anno
1677 3361 1809 3438 quarto.

1461 3509 1599 3598 CLVII

1222 3638 1275 3697 Ad
1289 3636 1605 3698 Cerromonlcnscm
1625 3636 1833 3711 episcopum.

1418 3748 1453 3808 11
1468 3747 1542 3822 junii
1563 3748 1644 3808 1111.

1163 3854 1284 3919 (neget,
1295 3855 1338 3906 lib·
1350 3855 1394 3914 nt,
1405 3853 1480 3921 epist.
1491 3851 1546 3910 ⁷8l.
1556 3853 1613 3904 lle.
1622 3855 1658 3908 ta
1669 3849 1891 3914 bonorumet]

1128 3950 1263 4030 indulget
1291 3953 1320 4010 el
1346 3967 1403 4015 nec
1427 3952 1559 4013 obstente
1592 3951 1716 4026 quodum
1742 3957 1920 4020 statutoque

1164 4041 1259 4105 nullus
1289 4042 1317 4105 tn
1342 4041 1593 4101 claromonteueu.
1618 4039 1739 4096 ecclesis
1767 4037 1917 4098 canonieus

1165 4127 1226 4186 lieri
1250 4128 1366 4194 deberet
1387 4129 1480 4188 donec
1504 4143 1642 4187 numerus
1660 4128 1916 4188 canonicorunre·

1165 4214 1267 4275 ductus
1280 4215 1389 4287 luisset,
1406 4224 1437 4276 ut
1451 4217 1498 4274 elii
1512 4215 1709 4276 admittentur.

1170 4325 1352 4398 Honorius,
1375 4327 1451 4398 010..
1477 4323 1666 4394 venerabili
1690 4322 1825 4386 tratri...
1845 4319 1918 4398 epis-

275 4425 402 4491 000100
417 4424 451 4484 in
467 4423 627 4492 eamdem.
658 4421 751 4494 Quod
771 4437 846 4484 cum
868 4421 980 4487 felicis
1001 4438 1075 4487 mc·
1131 4421 1503 4501 copoClaromouteusi,
1522 4421 1754 4496 salutamen.

278 4525 393 4586 morie
409 4524 433 4583 l.
451 4537 548 4598 papae
561 4519 803 4599 predecessori
823 4520 937 4592 nostro
959 4519 1078 4586 luisset
1171 4521 1292 4586 Pelitio
1307 4524 1364 4587 tue
1379 4519 1475 4590 nobis
1489 4518 1656 4588 exhibita,
1667 4518 1753 4598 quod
1772 4517 1849 4580 olim
1864 4513 1916 4580 sta·

278 4620 477 4698 expositum,
490 4618 577 4682 idem
591 4633 726 4683 causam
743 4633 844 4695 super
856 4617 920 4681 boc
934 4632 1077 4684 uenera-
1131 4619 1239 4684 tutum
1268 4616 1330 4682 luit
1358 4617 1393 4679 in
1420 4615 1687 4688 Cleromcntensi
1710 4612 1865 4683 ecclesia,
1890 4610 1917 4669 et

280 4719 339 4781 bili
356 4717 452 4781 tratri
463 4718 807 4782 nostro...Tornaceu.
819 4715 987 4792 episcopo.
997 4716 1077 4779 tunc
1132 4714 1225 4777 saluo
1241 4713 1395 4777 mandato
1408 4713 1599 4790 Apostolico
1611 4711 1800 4790 juramento
1816 4710 1913 4770 firma·

280 4815 443 4892 megistro
466 4813 668 4884 scholarum,
686 4813 720 4877 01
748 4815 821 4890 ejus
848 4811 1077 4888 conjudicibus
1132 4814 1213 4886 tum,
1231 4814 1267 4874 ut
1280 4813 1390 4878 certus
1405 4810 1643 4876 canonicorum
1655 4824 1815 4872 nurnerus
1830 4807 1862 4867 in
1874 4819 1915 4866 ec·

280 4912 459 4990 delerent.
475 4911 536 4984 Qui
551 4911 698 4985 legitime
720 4909 935 4986 procedentes
954 4925 1080 4986 00100-
1133 4909 1235 4976 clesia
1247 4909 1319 4988 ipsu
1330 4909 1500 4972 decaetero
1511 4906 1702 4978 baberetur,
1713 4903 1914 4974 nullo,donec

280 5013 369 5082 dicte
394 5008 536 5081 ecclesie
561 5007 745 5070 monaches
767 5005 927 5076 amoueri,
941 5008 975 5074 et
988 5007 1024 5077 in
1038 5022 1079 5076 ea
1134 5006 1175 5068 ed
1191 5007 1300 5084 ipsum
1315 5022 1488 5068 numerum
1504 5005 1639 5067 ventum
1654 5005 1745 5064 esset
1759 4996 1912 5062 ibidemiu

280 5108 411 5172 institui
445 5104 585 5173 clericos
623 5101 808 5170 saeculares,
835 5102 1080 5174 sententialiter
1135 5103 1331 5166 canonicum
1351 5105 1438 5165 ultre
1452 5105 1524 5180 jam
1541 5101 1665 5164 dictum
1684 5108 1913 5161 numerumas·

281 5206 511 5275 decreuerunt,
527 5202 563 5265 in
579 5199 759 5262 monachos
777 5199 865 5272 illos,
883 5199 941 5276 qui
963 5215 1079 5271 eorum
1134 5201 1306 5274 sumendo,
1333 5201 1487 5277 idemque
1518 5200 1678 5267 statutum
1702 5195 1766 5259 luit
1792 5211 1812 5258 0
1844 5188 1914 5252 sede

282 5301 458 5367 sententiae
482 5313 602 5377 parcre
624 5296 792 5369 nolebant,
805 5297 1080 5367 excommunicas
1133 5298 1325 5375 Apostolica
1346 5297 1587 5368 confirmatum.
1612 5297 1692 5364 lium
1708 5294 1817 5356 autem
1839 5302 1911 5348 nou-

282 5400 388 5466 tiouis
413 5397 612 5464 seutentiam
641 5393 893 5472 promulgando.
922 5396 1078 5458 Postmo-
1134 5395 1217 5457 nulli
1232 5395 1386 5470 canonici
1405 5395 1554 5473 ejusdem
1579 5390 1745 5463 ecclesie,
1761 5383 1914 5452 ammabus

284 5499 362 5560 dum
375 5494 555 5561 nereidem
571 5491 796 5569 predecessor
807 5491 985 5565 uertenti
999 5507 1082 5568 sug-
1134 5493 1205 5558 suis
1227 5494 1405 5571 prouidere
1419 5493 1581 5564 retentes,
1600 5488 1712 5567 parati
1729 5486 1798 5552 siut
1814 5481 1915 5582 cedere

283 5595 468 5673 gestionem
498 5590 733 5668 praedictorum
767 5589 898 5656 abbatis
935 5592 969 5655 et
998 5605 1081 5652 con-
1134 5590 1217 5652 locis
1244 5583 1913 5663 0010,οῐ01101001110001001111010001

284 5687 539 5763 eventusstatuit
556 5690 589 5748 ut
604 5689 714 5750 certus
729 5686 773 5750 ibi
785 5686 1001 5764 deputaretur
1016 5703 1080 5765 uu·
1101 5707 1102 5714 ¹
1134 5689 1228 5763 grate
1255 5689 1382 5765 possint
1397 5688 1459 5764 ipsi
1477 5683 1629 5758 ecclesiae
1651 5674 1908 5761 0100001000ὶὶ-
