3988 6306
675 355 903 416 EPISTOLAE.
928 356 1005 416 LIB.
1031 359 1086 418 lIl.

73 351 123 410 185
1646 365 1703 424 186

70 511 169 572 eidem
182 509 248 572 loco
259 511 337 588 jura
354 509 563 574 servantibus
583 513 626 575 sit
640 527 707 590 pax
716 514 850 575 Domini
904 515 1062 593 iniuriam
1075 517 1145 578 sive
1159 511 1393 580 cottttttueliam
1408 506 1586 595 sustinere,
1604 539 1703 600 quam

70 610 167 668 nostri
190 611 267 670 Jesu
286 609 419 680 Christi,
437 611 600 686 qivatenus
622 612 654 674 et
678 611 732 672 hic
756 611 848 674 fruc·
905 612 1127 688 ignominiosa
1139 615 1316 692 opprobria
1328 617 1600 694 exprobrantium
1612 618 1704 680 blas-

69 711 130 766 tnm
172 706 263 768 bonae
298 708 439 770 actionis
467 709 663 786 percipiant,
702 711 735 770 et
762 710 849 786 apud
905 711 1375 790 phemorum,qui,tamquam
1389 717 1540 792 magistri
1564 716 1702 788 erroris,

69 805 241 865 districtum
260 804 409 882 judicem
436 805 571 883 praemia
598 809 731 868 aeternae
758 807 849 884 pacis
904 808 1103 885 prodeuntes
1124 827 1166 870 ex
1181 809 1408 886 Albigensium
1433 829 1613 890 synagoga,
1631 829 1705 874 ma-

69 902 237 964 inveniant.
250 907 367 963 Amen.
384 907 499 964 Amen.
517 907 633 966 Amen.
651 907 717 980 ligo
731 907 849 966 Hono·
904 904 1018 967 culare
1033 907 1086 968 vel
1100 907 1265 969 offuscare
1283 910 1392 985 potius
1412 910 1567 986 satagunt
1590 905 1703 971 chris-

4 1051 5 1054 ,
69 999 131 1059 rius
145 999 319 1060 Catholicae
330 1001 487 1062 Ecclesiae
499 1001 685 1078 episcopus.
700 1003 767 1078 Ego
783 1005 848 1064 Leo
904 1003 988 1064 tiam
1016 1005 1170 1076 nominis,
1202 1006 1400 1068 clarItatem.
1436 1008 1576 1084 Propter
1605 1008 1703 1085 quod,

67 1097 146 1157 liniti
171 1099 296 1158 Sanctae
319 1097 435 1158 Crucis
458 1098 633 1176 presbyter
662 1099 753 1160 card.
781 1102 849 1175 Ego
905 1100 990 1163 sicut
1008 1102 1075 1163 tuis
1102 1103 1222 1164 litteris
1246 1104 1418 1176 intimasti,
1446 1120 1511 1165 non
1535 1105 1703 1166 immerito

68 1193 214 1254 Nicotaus
226 1195 436 1255 Tusculanus
451 1195 637 1273 episcopus.
657 1199 725 1272 Ego
743 1197 849 1258 Guido
904 1199 995 1259 zelus
1017 1199 1050 1261 te
1072 1201 1213 1262 comedit
1235 1201 1351 1262 domus
1367 1201 1436 1274 Dei,
1453 1201 1541 1263 etad
1557 1202 1703 1263 confun-

68 1291 282 1352 nanestinus
297 1292 482 1369 episcopus.
500 1295 568 1368 Ego
580 1295 674 1370 Hugo
688 1294 849 1355 OstIensis
905 1296 1045 1358 dendam
1075 1297 1229 1358 haeresim
1258 1299 1552 1375 praevaricatorum
1585 1299 1706 1376 hujus-

67 1389 94 1448 et
122 1389 335 1451 velletrensis
372 1390 560 1467 epIscopus.
589 1393 657 1466 Ego
691 1391 849 1467 Pelagius
904 1393 993 1455 modi
1013 1395 1046 1455 te
1061 1394 1220 1471 accingis,
1235 1394 1336 1456 affixo
1351 1396 1417 1457 tuis
1443 1396 1590 1458 humeris
1607 1389 1703 1472 signo

67 1486 253 1548 albanensIs
279 1489 466 1564 episcopus.
501 1491 569 1565 Ego
597 1491 715 1551 Petrus
749 1489 849 1550 Sabi-

67 1583 710 1662 nensisepiscopus.agoretrussanctae
722 1587 850 1648 Puden·

67 1682 155 1742 banaa
166 1683 217 1744 tit.
234 1683 382 1744 Pastoris
399 1683 507 1760 presb.
522 1683 612 1744 card.
629 1685 697 1758 Ego
717 1682 847 1746 Robor-

65 1779 108 1839 tus
127 1779 174 1841 tit.
194 1782 227 1841 S.
244 1780 404 1857 Stephani
427 1779 461 1840 in
477 1781 578 1842 Coelio
599 1781 709 1842 monte
739 1779 847 1858 presb.

66 1877 145 1936 card.
177 1879 245 1952 ugo
274 1877 461 1954 Stephanus
496 1877 648 1939 Basilicas
675 1877 848 1939 duodecim

65 1975 279 2049 apostolorum
297 1973 406 2051 presb.
424 1975 513 2035 card.
531 1977 599 2050 Ego
623 1974 729 2036 Guido
746 1975 778 2036 S.
794 1975 850 2036 Ni-

66 2071 139 2131 colai
167 2070 203 2132 in
228 2087 361 2132 carcere
376 2072 462 2132 Tull.
483 2072 613 2134 diacon.
631 2071 758 2132 cardin.
782 2074 850 2148 ligo

66 2169 255 2230 Octavianus
271 2171 328 2230 SS.
343 2170 451 2245 Sergii
464 2173 496 2231 et
510 2168 634 2231 Bacchi
653 2169 738 2230 diac.
758 2169 848 2231 card.

66 2267 122 2340 Ego
142 2268 321 2327 Rernerius
338 2269 371 2328 S.
389 2267 504 2328 lldariae
523 2267 558 2328 in
574 2267 748 2328 cosmedin
763 2266 849 2328 diac.

67 2363 144 2424 card.
161 2367 231 2440 Ego
247 2364 434 2442 Stephanus
449 2366 481 2425 S.
499 2364 638 2426 Adriani
651 2364 737 2426 diac.
758 2363 848 2425 card.

68 2461 289 2537 EgoAEgidius
313 2463 370 2522 SS.
388 2464 513 2523 cosmae
536 2463 568 2524 et
586 2462 740 2524 Damiani
763 2461 848 2523 diac.

66 2557 145 2618 card.
173 2561 239 2619 Per
267 2575 402 2620 manum
431 2559 579 2621 Reinerli
601 2561 633 2620 S.
651 2562 689 2621 R.
706 2561 742 2620 E.
758 2559 852 2620 vice-

66 2655 249 2718 cancellarii
271 2658 301 2717 11
328 2656 395 2717 kal.
412 2657 538 2733 aprilis,
571 2657 753 2720 lndIctione
778 2659 848 2729 Vll,

67 2754 300 2815 incarnationis
315 2755 497 2815 Dominicae
521 2755 692 2826 MCCXIX,
717 2755 851 2832 pontiti-

67 2853 146 2911 catus
163 2867 244 2912 vero
260 2851 385 2913 domini
406 2851 545 2913 Honorii
571 2855 671 2929 Papae
691 2853 736 2912 lll
764 2867 850 2913 anno

67 2949 163 3009 terlio.

361 3063 549 3151 CLXXVI

67 3201 849 3278 attentatarum,catmaonezsemepvscopum.

343 3326 355 3381 f
375 3322 455 3397 april.
478 3323 556 3381 tate.

115 3441 251 3504 [bouquet
265 3441 322 3490 llec.
339 3439 383 3489 des
395 3439 468 3496 illst..
480 3445 498 3488 t.
510 3439 577 3497 XIX,
591 3455 614 3504 p.
625 3439 679 3490 681.
692 3439 798 3504 begeat..

326 3519 372 3568 lib.
388 3521 430 3576 111,
451 3533 492 3582 ep.
511 3518 578 3580 afa]

66 3616 196 3675 liveram
206 3615 381 3691 Albfgenscs
396 3615 556 3690 profecturo
571 3616 768 3689 episcopo,cui
784 3632 848 3690 pro·
871 3675 873 3680 ,

95 3708 156 3778 price
180 3707 355 3764 deficiebant
374 3704 532 3775 facultates,
549 3705 678 3778 indulget
698 3706 850 3772 Honorius,

93 3793 852 3866 utproventuumvicesimnm'l'erraeSanctatsuhsidio

93 3883 265 3955 deputatam,
293 3890 436 3940 reservata
465 3881 581 3939 dimidia
606 3883 751 3939 vicesimae
772 3889 852 3956 parte

93 3987 225 4031 concessa
239 3973 302 4046 regi
317 3973 459 4045 Philippo,
470 3974 601 4028 retineat.

98 4089 260 4151 Honorius
291 4091 504 4166 episcopus...
533 4087 717 4150 venerabili
755 4085 852 4150 fratri

67 4187 207 4264 episcopo
232 4187 468 4248 catalaunensi
483 4185 543 4265 (1),
567 4185 719 4258 salutem,
737 4186 798 4248 etc.

63 4315 66 4320 ι
99 4283 853 4361 ndcolligendnmzizaniaquaesupersemina-

67 4379 144 4442 vitin
157 4383 267 4443 medio
278 4383 381 4443 tritici
392 4381 529 4442 humani
539 4381 672 4458 generis
683 4380 849 4451 inimicus,

68 4492 188 4540 necesse
212 4478 337 4540 habent
352 4479 542 4555 frequenter
561 4477 684 4538 Christi
706 4476 851 4554 operarii

69 4579 245 4649 convenire,
268 4577 505 4653 praedicatores
527 4575 683 4638 videlicet
707 4589 853 4650 evange-

70 4671 129 4734 lica
146 4675 300 4736 veritatIs
315 4675 347 4735 et
367 4673 559 4734 orthodoxae
586 4671 662 4732 fidei
678 4672 850 4739 zelatores,

70 4771 98 4829 ut
110 4787 162 4831 eos
175 4773 232 4850 qui
249 4771 328 4832 huic
345 4771 473 4831 inimici
492 4771 569 4831 sunt
582 4769 719 4842 nomini,
732 4784 852 4845 repre-

904 1491 1024 1562 crucis,
1033 1491 1309 1554 ducturusteeum
1320 1495 1473 1554 strenuos
1487 1493 1701 1570 pugnatores,

905 1587 973 1664 qui,
989 1589 1021 1648 te
1043 1588 1083 1649 de
1099 1605 1179 1665 agro
1199 1590 1405 1652 haereditatis
1425 1589 1606 1651 Dominicae
1622 1589 1702 1650 lolia

904 1685 1129 1761 exstirpante,
1162 1686 1204 1747 ad
1233 1685 1491 1748 comburendum
1526 1686 1704 1748 fasciculos

905 1781 1010 1857 ligent
1023 1781 1107 1858 ipsa,
1125 1785 1353 1846 conservaturi
1369 1784 1517 1846 triticum
1533 1784 1704 1846 inhorreo

905 1879 1036 1941 Domini
1051 1883 1290 1958 reponendum.

944 1980 1190 2049 Verumtamen,
1207 1980 1286 2056 quia
1301 1978 1361 2041 tibi
1376 1980 1482 2056 gravi,
1497 1979 1583 2042 sicut
1604 1995 1702 2042 asse-

905 2075 964 2146 ris,
990 2074 1175 2137 debitorum
1198 2092 1299 2137 onere
1322 2077 1530 2154 praegravato
1557 2077 1701 2154 propriae

905 2171 1081 2235 facultates
1097 2189 1163 2234 non
1178 2174 1354 2250 suppetant
1376 2173 1417 2234 ad
1438 2173 1566 2235 tantum
1590 2188 1698 2248 nego·

904 2268 987 2329 tium
1013 2268 1248 2346 peragendum,
1265 2269 1456 2345 apostolicas
1475 2268 1703 2339 subventionis

906 2364 1089 2426 subsidium
1105 2365 1301 2442 implorasti.
1318 2365 1410 2428 Licet
1421 2367 1531 2428 autem
1546 2381 1613 2426 uon
1629 2365 1702 2426 sine

906 2463 1118 2526 conscientiae
1132 2463 1287 2540 scrupulo
1304 2464 1468 2541 possimus
1489 2463 1530 2525 ad
1546 2463 1626 2525 talia
1649 2462 1704 2523 in-

906 2561 1043 2633 clinari,
1074 2561 1222 2622 volentes
1245 2562 1367 2644 tamen¹
1386 2560 1472 2637 apud
1498 2575 1558 2621 nos
1586 2575 1702 2638 preces

905 2660 980 2720 tuas
995 2658 1030 2718 in
1046 2659 1157 2736 aliquo
1173 2659 1337 2730 exaudIri,
1350 2658 1542 2721 vicesimam
1554 2672 1702 2735 proven-

904 2756 998 2817 tuum
1013 2755 1055 2816 ad
1069 2757 1161 2818 tuam
1176 2771 1323 2817 mensam
1348 2756 1578 2832 spectantium,
1603 2770 1702 2831 quam

906 2853 1069 2914 mlesurus
1087 2869 1162 2914 eras
1181 2853 1216 2914 in
1232 2853 1415 2913 subsidium
1428 2855 1540 2913 Terrae
1556 2853 1697 2922 Sanctae,

906 2951 1077 3012 collectam
1097 2951 1130 3012 et
1146 2951 1246 3011 eliam
1266 2949 1496 3025 coIIIgendam,
1514 2949 1606 3010 salva
1621 2963 1704 3009 con-

906 3048 1056 3110 cessione
1070 3047 1257 3124 Apostolica
1279 3061 1379 3123 super
1400 3044 1462 3106 hoc
1478 3046 1579 3120 regiae
1598 3047 1701 3106 Sere-

905 3145 1002 3210 nitati
1030 3144 1129 3217 facta,
1157 3143 1227 3216 tibi,
1258 3161 1317 3220 pro
1353 3143 1508 3220 expensis
1545 3158 1628 3220 quas
1666 3143 1701 3202 in

906 3241 1134 3320 prosequendo
1168 3242 1292 3302 dictum
1327 3241 1496 3317 negotium
1529 3239 1640 3302 facere
1670 3239 1702 3302 te

906 3340 1044 3418 oportet,
1062 3338 1103 3400 de
1124 3338 1262 3416 speciali
1278 3337 1387 3414 gratia
1402 3337 1557 3399 duximus
1579 3337 1699 3397 remit-

905 3437 1050 3509 tendam,
1078 3436 1319 3498 fraternitatem
1346 3437 1437 3498 tuam
1464 3437 1636 3496 monentes
1669 3434 1703 3496 et

906 3535 1121 3597 exhortantes
1148 3535 1182 3596 in
1208 3533 1358 3604 Domino,
1392 3534 1553 3610 qnatenus
1579 3531 1703 3592 Christi

906 3631 1065 3695 militibus
1082 3631 1236 3710 praefatos
1246 3630 1421 3692 haereticos
1433 3628 1700 3706 expugnantibus

906 3730 954 3791 sic
968 3744 1155 3800 succurras,
1169 3727 1255 3806 quod
1271 3742 1463 3788 succursum
1477 3727 1570 3788 tuum
1581 3725 1613 3786 et
1628 3726 1704 3786 tuo-

906 3843 979 3889 rum
995 3826 1058 3887 sibi
1073 3826 1218 3888 sentiant
1232 3841 1307 3886 cum
1329 3824 1388 3885 Dei
1403 3823 1569 3900 adjutorio
1586 3821 1702 3898 profu-

906 3919 1700 3998 turumetnostuaeprudentaeacsolacttuuinis

907 4023 1050 4086 studium
1064 4021 1173 4096 dignis
1188 4019 1353 4097 possimus
1379 4019 1416 4079 in
1435 4017 1574 4080 Domino
1594 4016 1704 4078 laudi-

906 4120 967 4181 bus
978 4117 1220 4181 commendare.
1233 4117 1352 4178 Datum
1360 4115 1528 4186 Laterani,
1541 4114 1703 4176 kalendas

907 4218 1023 4296 aprilis
1035 4215 1246 4294 pontificatus
1261 4213 1367 4275 nostri
1382 4231 1470 4275 anno
1483 4213 1592 4277 tertio.

1201 4380 1410 4468 CLXXVII

936 4518 988 4578 Ad
998 4515 1207 4589 potestatem
1224 4515 1257 4574 et
1268 4519 1435 4587 poputum
1449 4512 1670 4575 Aastsirrotes

1202 4628 1215 4684 1
1228 4625 1309 4699 april.
1327 4626 1405 4684 1219.

977 4734 1106 4800 [Τὴοίιιον,
1117 4733 1177 4786 cod.
1187 4731 1251 4797 dipl.
1260 4731 1368 4782 dominii
1379 4737 1458 4796 temp.
1470 4733 1489 4790 l,
1498 4733 1538 4792 51,
1552 4747 1579 4786 n.
1590 4734 1642 4798 fh]

71 4865 211 4936 tendant.
226 4871 259 4932 et
267 4869 458 4945 expugnent
469 4857 611 4929 viriliter
626 4867 723 4928 fidem
737 4866 854 4928 catho-
940 4845 1082 4901 U¹²⁰¹¹¹¹¹¹
1093 4839 1228 4912 ⁰PI⁸⁰⁰⁹⁰
1243 4836 1373 4911 Imm
1389 4839 1498 4910 1681111
1512 4840 1673 4913 θῦὓῑὲὓθῦῑ·

71 4963 152 5026 licam
182 4967 429 5044 impugnantes.
455 4967 591 5042 Nempe,
620 4965 647 5024 si
675 4963 854 5040 diligenter
948 4957 1126 5029 Honorius
1150 4958 1225 5027 etc,
1254 4955 1383 5017 dilectis
1411 4955 1526 5016 tiliis...
1550 4957 1706 5033 potestati

72 5065 255 5126 attendimus
281 5066 439 5141 quantum
466 5063 681 5124 honoraverit
700 5062 853 5123 Christus
908 5059 941 5120 ct
967 5056 1088 5135 populo
1111 5053 1345 5124 asisinatibus,
1366 5053 1517 5125 salutem,
1537 5055 1598 5114 etc.
1625 5055 1705 5114 Cum

73 5159 215 5224 hominus
252 5161 465 5231 christianos
494 5159 570 5220 dum
600 5161 689 5237 ipsos
719 5161 853 5237 proprie
908 5153 1093 5216 venerabili
1118 5151 1211 5212 fratri
1241 5154 1391 5213 nostro...
1416 5151 1572 5228 episcopo
1595 5151 1706 5212 vestro

73 5261 214 5332 reputans
226 5275 300 5320 esse
316 5275 404 5331 suos,
423 5275 503 5336 quos
517 5257 550 5319 ln
568 5257 655 5318 unda
671 5273 852 5333 regenera-
909 5253 948 5313 de
973 5252 1086 5312 nostro
1115 5249 1178 5318 sibi
1213 5248 1390 5325 specialem
1419 5247 1559 5322 gratfam
1595 5247 1706 5309 facere

74 5353 110 5412 nt
130 5355 347 5433 baptismatis,
374 5357 461 5416 sacri
481 5356 637 5417 unctione
664 5351 854 5416 chrismatis
909 5349 1090 5427 cupientes,
1109 5345 1489 5407 recommendaverimus
1514 5343 1609 5406 fratri
1630 5361 1705 5406 mo-

74 5453 277 5528 consignavit,
295 5456 330 5516 ut
345 5469 403 5514 eos
418 5453 498 5515 tanti
515 5452 669 5514 vocabuli
680 5452 854 5529 privilegio
909 5447 1024 5517 nialla,
1041 5445 1111 5506 sive
1125 5443 1253 5519 regalia
1274 5442 1327 5503 vel
1347 5440 1528 5512 manualia,
1547 5444 1705 5520 quamdiu

75 5549 501 5626 communiretnutlampati
514 5565 683 5626 possemus
695 5551 853 5625 tnajorem
910 5545 1003 5608 nohis
1031 5541 1209 5620 placuerit,
1235 5539 1368 5600 nomine
1396 5539 1513 5600 nostro
1545 5541 1705 5614 tenenda,

105 5691 139 5760 tl)
154 5692 305 5749 Gutltefmo
315 5690 351 5747 de
365 5690 484 5747 Pertico.
