3946 6304
274 281 333 344 543
891 277 1065 338 HONORII
1086 275 1130 336 111
1152 278 1301 340 OPERA.
1641 289 1645 292 '
1855 287 1903 343 sn

272 445 307 504 to
322 441 400 504 tiliae
418 439 521 503 nobili
546 438 677 502 mulieri
693 433 884 518 l[sabellae]‚
901 437 1068 516 qnondam
1122 437 1196 499 viro
1221 439 1354 515 Hugoni
1367 439 1407 501 de
1421 439 1607 513 beriniaco,
1619 441 1734 504 comiti
1745 443 1899 515 diarchia,

274 541 400 617 reginae
412 537 551 616 Angliae,
568 537 723 608 salutem,
737 539 800 598 etc.
1125 536 1330 598 Pictarensis
1341 535 1506 611 dioecesis,
1517 539 1670 610 salutem,
1683 543 1748 601 etc.

313 637 431 700 Mirari
459 636 609 713 cogimur
634 635 667 697 et
687 633 827 705 moveri,
856 633 954 711 quod,
983 633 1070 696 sicut
1165 633 1364 695 carissimus
1378 634 1414 696 in
1429 635 1560 698 Christo
1580 635 1668 696 dlius
1685 638 1800 700 noster
1812 639 1848 699 H.
1863 637 1902 718 (4)

274 734 481 807 audirimus,
508 733 668 795 maternae
694 731 828 810 pietatis
860 730 979 800 oblita,
1011 747 1070 794 ca·
1124 745 1185 792 rex
1221 730 1403 807 anglorum
1431 733 1574 794 illustris
1609 749 1746 809 gravem
1780 735 1819 796 ad
1852 753 1902 797 nos

272 835 442 896 rissimnm
483 833 518 893 in
551 830 682 893 Christo
720 829 826 891 tilium
863 831 1066 903 Henricum,
1123 827 1367 904 querimoniam
1387 829 1578 902 destinavit,
1605 831 1703 909 quod,
1735 846 1808 893 cum
1834 835 1902 896 olim

216 991 222 1002 ,
272 947 384 1010 regem
412 930 593 1006 anglorum
618 929 797 1000 illustrem,
821 929 936 990 natum
957 929 1066 1000 tuum,
1119 927 1271 1001 jurasses
1291 927 1457 990 Joannam
1471 943 1620 990 sororem
1635 945 1744 1002 suam,
1777 934 1903 1008 quanto-

272 1029 417 1094 lndebita
447 1042 660 1106 persequens,
690 1041 799 1103 nuper
830 1029 866 1088 B.
900 1026 1069 1088 senescal—
1122 1022 1195 1084 cius
1209 1024 1446 1097 essetnubilis,
1461 1025 1585 1088 ducere
1599 1027 1635 1088 in
1652 1031 1903 1098 uxoremacin·

272 1127 341 1216 lum
363 1141 459 1188 suum
488 1125 563 1202 capi
590 1125 711 1197 fecisti,
725 1125 758 1186 et
783 1123 911 1186 tamdiu
927 1123 1068 1186 detineri
1122 1121 1221 1183 terim
1236 1136 1310 1183 eam
1325 1123 1358 1185 et
1374 1123 1542 1185 civitatem
1560 1125 1902 1188 xantonenscmetin-

272 1225 450 1304 captivum,
473 1224 577 1286 donec
592 1221 633 1284 ab
653 1237 693 1285 eo
715 1238 782 1283 non
806 1221 969 1284 modicam
1005 1237 1066 1298 pe·
1122 1217 1392 1282 sulamOleronis
1405 1237 1481 1282 cum
1493 1221 1570 1283 aliis
1580 1223 1680 1284 terris
1694 1224 1729 1285 et
1739 1223 1901 1287 redditibus
1961 1295 1962 1300 ἵ

270 1321 380 1386 cuniae
419 1321 636 1400 quantitatem
673 1319 909 1397 redemptionis
933 1319 1067 1381 nomine
1122 1331 1204 1394 quos
1232 1316 1333 1380 clarae
1364 1319 1533 1381 memoriae
1563 1321 1594 1382 J.
1620 1317 1669 1399 (5)
1698 1336 1762 1383 rex
1782 1323 1900 1398 anglia,

271 1421 453 1490 extorsisti,
474 1423 547 1497 ejus
561 1419 671 1481 adbuc
689 1417 908 1479 nibilominus
932 1416 1065 1480 obsides
1122 1415 1216 1490 pater
1224 1416 1307 1493 ejus,
1324 1430 1450 1478 cumea
1463 1415 1522 1478 tibi
1538 1416 1685 1490 tradidit,
1699 1417 1902 1481 fidelitercns

218 1510 220 1515 ’
271 1517 460 1591 detinendo,
489 1519 525 1580 ut
550 1516 592 1578 ab
618 1531 658 1578 eo
684 1519 844 1594 majorem
873 1516 982 1593 possis
1008 1533 1068 1594 pe·
1121 1511 1239 1584 todire,
1258 1528 1320 1576 nec
1341 1529 1487 1591 unquam
1500 1515 1626 1593 aliquid
1641 1515 1898 1594 tacereperquod
1961 1513 1962 1516 ’

271 1617 403 1680 cuniam
417 1615 626 1692 extorquere.
653 1615 831 1685 Praeterea,
853 1613 968 1676 fideles
977 1615 1066 1690 regis
1121 1610 1232 1686 posset
1246 1610 1436 1689 hujusmodi
1452 1612 1701 1676 matrimonium
1726 1613 1897 1686 disturbari,
1961 1599 1962 1604 ’

270 1715 418 1792 ejusdem
430 1712 491 1775 tibi
506 1716 622 1790 jurare
640 1711 778 1784 iaciens,
800 1727 876 1774 eum
901 1714 1011 1774 castro
1025 1712 1066 1774 de
1121 1723 1221 1776 nunc,
1238 1711 1354 1772 contra
1379 1712 1474 1772 tuum
1485 1713 1518 1774 et
1527 1711 1628 1772 clarae
1644 1712 1898 1774 memoriaenon·
1961 1727 1962 1748 l

272 1811 471 1890 Compniaco
481 1810 644 1888 spoliasti,
662 1809 747 1871 alias
759 1809 987 1887 multipliciter
1001 1810 1066 1887 ipsi
1121 1804 1183 1868 rici
1209 1807 1327 1884 patris,
1356 1809 1390 1870 et
1418 1810 1457 1871 R.
1484 1809 1595 1886 patrui
1623 1811 1685 1883 tui,
1703 1809 1854 1872 Marcbiae
1874 1815 1899 1872 et
1961 1867 1962 1880 ,

273 1905 1065 1987 etfidelibussuisdamnagrandiainterendo(1).
1121 1903 1207 1980 Augi
1234 1904 1390 1968 comitum
1417 1903 1482 1986 (6),
1516 1907 1655 1969 veniens
1677 1910 1898 1986 juramentum,

273 2011 354 2071 Cum
375 2007 478 2084 igitur
497 2020 636 2068 causam
668 2004 759 2081 regis
774 2005 880 2082 ipsius
897 2006 1066 2083 propriam
1121 2002 1146 2062 Ι.
1169 1999 1217 2082 (7)
1243 2003 1384 2065 matrem
1414 2004 1563 2082 ejusdem
1595 2005 1729 2084 puellae,
1755 2006 1898 2084 quondan
1961 2047 1962 2088 3

269 2107 471 2185 reputamus,
496 2105 607 2182 utpote
629 2103 686 2182 qui
705 2103 886 2180 orphanus,
908 2103 1064 2182 pupillus,
1121 2099 1270 2175 reginam
1298 2101 1439 2177 Angliae,
1463 2119 1538 2180 quae
1557 2103 1772 2181 sponsalibus
1796 2105 1856 2168 tuis
1874 2107 1898 2166 et
1961 2137 1962 2186 t

269 2203 519 2280 crucesignatus
542 2199 727 2278 etspeciali
754 2201 1066 2279 sedisapostolicae
1120 2197 1212 2258 illius
1238 2201 1471 2272 consenserat,
1503 2201 1695 2264 inconsulto
1729 2217 1805 2279 rega
1824 2219 1897 2280 pra-
1961 2194 1962 2280 l

271 2297 1066 2366 custodieederelictusexistitnobilitatemtuam
1120 2294 1219 2369 dicto,
1233 2294 1305 2370 tibi,
1319 2297 1405 2360 sicut
1429 2297 1504 2361 deri
1531 2299 1649 2376 potuit,
1681 2300 1896 2362 matrimonia·
1961 2293 1962 2376 l

269 2414 441 2462 monemus
462 2397 621 2460 attentius
636 2398 671 2458 at
683 2395 870 2469 hortamur,
888 2397 1063 2476 quatenus,
1120 2391 1197 2455 liter
1219 2395 1397 2472 copulasti;
1427 2397 1462 2458 et
1490 2395 1599 2457 adbuc
1625 2397 1896 2476 praetante)

268 2495 420 2578 praedicti
430 2492 746 2558 senescalllobsides
755 2492 902 2565 liberari,
915 2493 1065 2557 etablata
1120 2489 1283 2565 detinens,
1298 2507 1396 2571 quam
1420 2493 1508 2556 idem
1531 2509 1594 2556 rex
1611 2495 1757 2558 intendit
1767 2495 1824 2558 alii
1836 2495 1898 2558 des·
1961 2505 1962 2586 l

269 2593 301 2659 ei
324 2591 456 2658 restitui
480 2592 618 2664 taciens,
646 2607 686 2653 ac
714 2593 859 2654 castrum
887 2591 1065 2654 restituens
1120 2603 1274 2665 pensare,
1301 2590 1407 2668 ipsam
1435 2590 1500 2653 sibi
1526 2609 1601 2654 cum
1620 2593 1759 2656 civitate
1773 2594 1897 2656 etterrls

269 2693 497 2764 memoratum,
515 2689 556 2752 ab
578 2689 725 2767 ejusdem
750 2690 840 2766 regis
866 2689 900 2752 et
929 2703 1064 2752 suorum
1119 2686 1318 2764 supradictis
1353 2687 1493 2751 reddere
1526 2690 1755 2764 contradicis,
1790 2691 1897 2769 pluries
1961 2719 1962 2768 q

269 2789 416 2854 ildetium
440 2788 671 2851 molestatione
687 2787 818 2866 penitus
833 2787 1062 2866 conquiescas,
1118 2785 1301 2863 requisitus
1314 2781 1375 2866 (9).
1400 2786 1600 2861 Quinetiam,
1617 2788 1654 2852 tu
1682 2790 1717 2853 et
1737 2791 1895 2852 memorata

271 2885 318 2952 ita
334 2887 419 2967 quod
434 2887 511 2951 inde
521 2884 668 2948 divinam
676 2883 837 2946 offensam
850 2886 882 2947 et
891 2883 1063 2948 infamiam
1118 2882 1283 2960 quondam
1304 2885 1421 2960 regina
1443 2885 1594 2963 quaedam
1613 2888 1837 2967 castraipsius
1850 2903 1896 2964 per
1961 2913 1962 2944 l

269 2987 415 3051 declines
428 2985 621 3057 humanam,
634 2984 738 3046 etnos
753 2983 961 3046 nobilitatem
972 2985 1063 3046 tuam
1118 2979 1310 3044 violentiam
1322 2983 1520 3061 occupastis,
1529 3000 1580 3057 ac,
1594 2983 1693 3063 plura
1705 2987 1803 3049 etiam
1815 3001 1896 3048 occu·

268 3085 433 3165 possimus
460 3082 579 3146 merito
612 3081 855 3144 commendare.
893 3081 1062 3160 Alioquin,
1118 3093 1198 3155 pare
1213 3080 1367 3152 nitentes,
1394 3081 1645 3144 comminamini
1657 3098 1737 3146 eum
1759 3085 1822 3146 tota
1834 3083 1896 3145 Pic-
1961 3067 1962 3158 ἕ

255 3181 417 3246 'nolentes
433 3181 539 3244 eidem
563 3181 598 3242 in
612 3195 673 3242 suo
684 3181 762 3258 iure
781 3179 908 3252 deesse,
925 3179 981 3257 qui
1005 3195 1064 3242 su·
1118 3176 1208 3238 tavia
1219 3177 1375 3256 spoliare,
1389 3194 1429 3241 ac
1444 3179 1589 3259 puellam
1600 3179 1708 3259 ipsam
1718 3181 1895 3260 desponsare
1961 3159 1962 3248 l

267 3295 342 3344 mus
356 3279 508 3343 omnibus
527 3278 562 3339 in
578 3275 711 3356 justitia
725 3275 904 3349 debitores,
921 3291 1064 3340 venera·
1118 3272 1177 3336 alii
1190 3276 1310 3352 preater
1323 3276 1450 3352 regiam
1464 3277 1684 3341 voluntatem.
1699 3282 1853 3342 Praeterea
1864 3277 1895 3339 da

267 3377 390 3440 bilibus
405 3374 564 3439 tratribus
579 3375 704 3438 nostris
727 3373 935 3437 Xantonensi
961 3372 1009 3456 (2)
1032 3375 1065 3438 et
1118 3372 1217 3434 terris
1230 3373 1451 3438 etredditibus
1467 3375 1644 3438 antedictis
1653 3376 1894 3440 multaalienare

267 3572 392 3637 decano
405 3569 654 3648 Burdogalensi,
672 3569 796 3632 nostris
811 3570 927 3632 demus
940 3569 1063 3634 litteris
1117 3583 1184 3629 non
1198 3568 1361 3630 modicam
1376 3570 1557 3634 laesionem.

267 3673 302 3734 in
318 3670 545 3743 mandabant
567 3670 599 3732 te
613 3683 652 3730 ac
664 3666 811 3730 fautores
833 3669 866 3731 et
885 3668 1063 3747 complices
1157 3667 1237 3727 Cum
1252 3667 1354 3743 igitur
1366 3667 1453 3731 idem
1468 3684 1529 3730 rex
1539 3667 1601 3731 sub
1618 3670 1758 3748 speciali
1773 3671 1893 3748 Aposto-

265 3771 341 3832 tuos
356 3767 397 3830 ad
413 3767 457 3841 id,
473 3766 654 3829 monitione
664 3765 850 3843 praemissa,
862 3782 922 3844 per
934 3782 1064 3829 excom·
1118 3759 1191 3825 licae
1214 3764 1310 3828 Sedis
1341 3765 1546 3842 protectione
1587 3767 1767 3842 consistat,
1799 3767 1891 3846 utpote

267 3863 526 3929 municationem
540 3864 575 3926 in
589 3879 748 3942 personas
761 3864 795 3926 et
806 3863 1019 3926 interdictum
1028 3865 1062 3926 in
1117 3863 1379 3940 crucesignatus,
1409 3864 1565 3942 pupillus,
1589 3865 1761 3944 orphanus
1783 3868 1813 3928 et
1832 3881 1892 3927 cus-
1961 3917 1962 3944 ,

266 3965 385 4037 terras,
422 3961 647 4040 appellatione
680 3963 819 4034 remota,
850 3961 1060 4040 compellant.
1116 3957 1891 4043 todlaesodtsnpostolicaederelictus,nequens

266 4062 385 4125 Datum
396 4059 482 4138 apud
500 4058 621 4122 Urbem
633 4059 799 4131 Veterem,
814 4059 952 4122 Vllkal.
970 4061 1063 4124 octo-
1116 4060 1189 4136 ejus
1204 4057 1373 4137 injuriam,
1401 4076 1500 4138 quam
1517 4063 1688 4139 propriam
1707 4065 1887 4140 reputamus,
1961 4055 1962 4142 ᾗ

265 4159 345 4233 bris,
358 4157 569 4238 pontificatus
584 4157 789 4219 nostrianno
805 4155 931 4234 quinto.
1117 4157 1349 4234 equanimiter
1379 4159 1539 4228 tolerare,
1570 4158 1778 4224 nobilitatem
1814 4161 1887 4220 tuam
1961 4143 1962 4228 ἔ

1117 4267 1287 4315 monemus
1302 4255 1335 4315 et
1351 4253 1523 4316 hortamur
1534 4257 1671 4330 attente,
1688 4273 1749 4336 per
1767 4255 1889 4334 Aposto-
1961 4243 1962 4326 l

592 4306 736 4395 LXVII
1117 4348 1182 4412 lica
1197 4352 1320 4428 scripta
1332 4353 1555 4430 praecipiendo
1565 4354 1774 4429 mandantes,
1788 4354 1892 4432 quate·
1961 4347 1962 4428 l

313 4446 365 4507 Ad
378 4445 561 4522 liudonem
585 4443 626 4504 de
647 4443 838 4512 leziniaco,
850 4443 1009 4506 comitem
1117 4465 1179 4512 nus
1197 4463 1345 4512 sororem
1366 4467 1460 4512 suam
1485 4468 1560 4515 cum
1589 4453 1758 4530 praedictis
1778 4451 1887 4515 civitate
1961 4431 1962 4512 t

457 4542 623 4604 marcitae
635 4541 864 4602 Pictcvcratis.
1117 4550 1150 4610 et
1172 4549 1297 4620 insula,
1327 4547 1361 4611 et
1383 4549 1483 4611 terris
1515 4551 1549 4612 et
1573 4551 1704 4624 castris,
1727 4564 1844 4614 necnon
1863 4547 1887 4606 et
1961 4551 1962 4574 l

520 4651 802 4728 receptantem.
1117 4645 1278 4709 fructibus
1305 4645 1382 4709 inde
1408 4647 1583 4726 perceptis,
1612 4645 1700 4712 inira
1724 4645 1885 4728 quindecim
1961 4695 1962 4724 ,

266 4759 581 4830 [conquassamus
605 4759 680 4815 aar.
698 4759 766 4819 xnr,
784 4759 846 4819 roa,
863 4758 1019 4825 assarna
1032 4757 1060 4819 r,
1117 4743 1188 4806 dies
1216 4742 1291 4821 post
1312 4744 1537 4822 receptionem
1564 4747 1795 4825 presentium.
1819 4741 1883 4818 teet
1961 4745 1962 4820 ζ

585 4839 660 4906 aplst.
672 4839 740 4904 lib]
1116 4841 1168 4904 vel
1179 4841 1233 4904 cni
1248 4841 1319 4920 ipse
1334 4842 1555 4919 mandaverit,
1579 4845 1652 4906 sine
1665 4845 1817 4908 dilatione
1830 4853 1885 4902 res·
1961 4833 1962 4844 ’

300 4927 435 5007 Ellidtffl
450 4929 624 5004 argumenti,
642 4928 726 5004 tutu·
739 4929 1024 5003 ⁸⁰90l10b⁰lti⁸²⁰¹b
1114 4937 1249 5013 tituens,
1275 4941 1382 5017 ipsum
1397 4940 1451 5003 vel
1467 4941 1620 5004 homines
1633 4959 1712 5006 suos
1736 4939 1884 5004 decaetero
1961 4965 1962 5020 3

196 5023 202 5040 ⁹
305 5039 473 5104 Honorius
488 5037 722 5117 episcopus...,
737 5035 857 5100 dilecto
872 5037 941 5102 tilio
957 5037 1061 5102 nobili
1115 5053 1182 5101 non
1205 5037 1364 5110 offendas,
1381 5053 1443 5100 nec
1459 5039 1672 5118 permittasa
1699 5038 1830 5104 subditis
1842 5031 1882 5097 rel
1961 5023 1962 5108 J

301 5199 341 5272 (l)
367 5199 428 5258 Non
451 5205 518 5256 ante
541 5211 647 5254 annum
672 5195 741 5254 mac
756 5195 919 5269 huiusmodi
937 5196 1061 5256 dissidiis
1115 5203 1277 5256 mntextum
1293 5191 1883 5272 nonintclligentibus3itaque&timendus
1961 5187 1962 5246 Ϊ

266 5271 352 5330 tinem
368 5271 503 5343 imposuit
517 5284 567 5326 rex
587 5267 737 5334 ilenricun,
761 5269 830 5324 ratis
844 5267 959 5326 demum
979 5267 1061 5327 lactis
1116 5267 1228 5325 videtur
1250 5268 1330 5325 locus
1356 5268 1411 5326 noc
1430 5267 1538 5327 modo:
1561 5271 1659 5328 «Nunc
1676 5279 1772 5329 contra
1784 5269 1882 5341 tuunel
1961 5309 1962 5338 ,

266 5341 394 5401 isabella
404 5343 503 5398 matris
513 5355 574 5397 suae
585 5337 885 5410 dedotelrtiojuribun.
896 5341 1059 5414 (bouquet.)
1118 5361 1129 5390 ι
1145 5339 1231 5396 clane
1240 5339 1524 5406 memoristoannis,
1538 5341 1653 5400 Henricl
1663 5343 1758 5415 patris,
1774 5345 1800 5398 et
1807 5340 1881 5412 pratris
1961 5377 1962 5408 ,

303 5413 343 5482 (t)
355 5411 502 5470 Guillelmo
515 5411 559 5468 vel
575 5410 664 5468 llelie
674 5407 824 5466 dcdbnoel.
1119 5431 1128 5461 ι
1145 5410 1188 5466 tat
1198 5419 1226 5468 et
1242 5409 1355 5483 liudolfi
1370 5413 1460 5482 patrui
1477 5412 1528 5478 tui,
1544 5410 1679 5470 Marohiae
1690 5420 1718 5471 et
1730 5409 1799 5484 Augi
1812 5417 1880 5462 coul-
1961 5459 1962 5476 ἶ

304 5483 332 5550 (3
357 5481 501 5538 bernardo
515 5480 552 5537 de
567 5483 691 5540 Favene.
1119 5501 1129 5533 ι
1145 5487 1216 5550 turn,
1226 5483 1346 5538 veniens
1358 5481 1562 5554 juramentum,
1576 5489 1631 5540 etc.
1649 5503 1660 5534 ι
1961 5477 1962 5522 l

303 5553 332 5624 (l
361 5553 500 5609 Henricus
515 5552 564 5609 111.
610 5551 651 5624 (5)
666 5552 801 5609 loannes.
1152 5551 1193 5624 (7)
1210 5551 1369 5610 isabellam.
1409 5551 1451 5624 (8)
1466 5554 1618 5612 loannem.

304 5625 344 5696 (6)
362 5625 492 5680 Erratum
523 5630 567 5681 est
594 5621 649 5680 boc
677 5622 740 5680 loco
766 5621 1058 5691 damascensibus,
1152 5623 1194 5700 (9)
1215 5625 1275 5680 ltex
1300 5623 1450 5694 ilenricus,
1474 5623 1576 5682 eodem
1598 5638 1674 5684 anno
1695 5623 1769 5693 1220,
1793 5619 1832 5678 die
1856 5611 1880 5670 li
