3978 6292
273 322 330 386 sel

273 485 500 557 nrrrcliauen,
520 487 555 548 ot
576 487 733 562 magistro
748 485 884 548 (liraldo
906 487 1069 549 canonico

273 582 466 654 parisiensi,
487 584 713 651 salutemetc.

316 679 433 741 Dllecti
449 681 560 742 ulit...
582 681 798 753 camerarius,
815 683 849 744 et
865 681 998 759 quidam
1014 697 1072 744 ca-

276 778 387 838 nonici
416 778 566 840 ecclesia
600 779 711 840 Sancti
739 779 875 840 Martini
903 781 1068 841 Toronen.

274 875 369 936 nobis
396 875 567 937 insinuare
594 877 763 948 curarunt,
790 878 874 954 quod
899 877 934 938 in
955 893 1070 938 eorum

275 974 418 1034 ecclesie
433 989 498 1035 non
514 976 564 1036 est
574 975 810 1036 carronicorum
825 991 981 1037 numerus
996 991 1072 1038 con·

276 1074 389 1132 suetus
404 1071 481 1134 licet
495 1073 567 1148 ejus
590 1073 630 1134 ad
656 1073 718 1134 hoc
732 1074 911 1150 suppetant
929 1073 1072 1137 faculta-

274 1171 324 1230 tes
337 1187 344 1230 :
357 1169 477 1231 deinde
492 1170 688 1247 quibusdam
700 1173 857 1247 cognatos
868 1187 957 1242 suos,
973 1187 1072 1233 reve-

274 1267 363 1328 lante
396 1267 460 1329 sihi
495 1283 596 1330 carne
622 1272 655 1331 st
683 1269 856 1346 sanguine,
888 1269 1071 1332 nitentibus

275 1365 451 1426 instituere
469 1367 503 1427 in
519 1368 646 1439 eadem,
665 1367 741 1430 aliis
761 1381 827 1428 nou
843 1367 1070 1444 satagentibus

275 1461 321 1524 ibi
337 1479 497 1540 personas
512 1465 642 1527 institui
664 1481 738 1542 quae
751 1465 850 1542 digne
865 1465 993 1542 possint
1007 1465 1070 1526 ibi·

274 1561 349 1622 dem
369 1563 509 1623 Domino
531 1562 696 1635 famulari,
714 1577 781 1624 non
806 1567 968 1639 speratur,
986 1561 1070 1640 quod

275 1659 317 1720 de
331 1659 515 1721 ordinanda
535 1662 608 1738 ipsa
624 1661 764 1723 ecelesia
779 1661 913 1723 valeant
927 1659 967 1722 de
981 1660 1071 1722 facili

275 1757 490 1830 concordare,
501 1761 685 1835 praesertim
695 1775 769 1820 cum
782 1775 802 1820 a
813 1759 943 1821 dilectis
953 1757 1070 1820 liliis...

274 1855 392 1917 abbate
407 1857 447 1917 de
462 1857 615 1919 oratorio
631 1859 664 1919 et
676 1857 813 1932 cmlegis
824 1857 941 1932 ipsius,
952 1855 1071 1934 quibus

274 1969 375 2030 super
393 1955 456 2016 hoc
478 1954 661 2016 direximus
675 1955 798 2032 scripta
815 1956 941 2021 nostra,
956 1953 1071 2031 elapso

269 2055 340 2128 jam
364 2053 433 2114 sere
454 2051 600 2124 biennio,
629 2053 744 2114 moniti
770 2053 874 2128 ipsam
895 2051 1071 2112 ecclesiam

273 2150 429 2212 ordinare
442 2151 662 2225 neglexerint,
678 2165 739 2211 nec
761 2165 819 2226 per
843 2149 950 2226 ipsum
970 2149 1073 2209 abba-

272 2251 350 2320 tem,
373 2252 510 2325 ejusque
533 2249 679 2324 collegms
700 2247 793 2308 illam
816 2246 956 2309 iecerint
978 2245 1072 2308 ordi·

275 2363 357 2407 nare
373 2364 380 2407 :
397 2361 500 2422 quare
516 2345 612 2407 nobis
639 2347 810 2426 humiliter
831 2343 1070 2422 supplicarunt,

276 2446 313 2505 ut
326 2459 427 2520 super
439 2445 501 2506 hoc
516 2447 655 2521 paterna
668 2443 842 2520 providere
851 2443 1073 2504 sollicitudine

275 2541 501 2618 dignaremur.
521 2541 679 2604 Nutantes
697 2541 797 2617 igitur
818 2541 988 2618 praelatam
1012 2555 1071 2600 eo-

276 2642 412 2702 elesiem
430 2654 488 2718 per
505 2640 734 2702 contentiones
758 2639 949 2716 hujusmodi
962 2637 1073 2699 debito

274 2739 474 2800 servitorum
496 2753 634 2800 numero
659 2737 862 2807 delraudari,
877 2737 1073 2798 discretioni

274 2839 395 2900 vestrae
421 2851 480 2914 per
500 2835 689 2913 apostolica
713 2835 837 2912 scripta
864 2833 1071 2906 mandamus,

277 2936 439 3012 «rualenus
458 2933 608 3012 eJ'usdem
632 2933 784 2995 eccleslae
806 2933 986 3009 capitulum
1002 2947 1074 2992 nro-

278 3035 397 3101 neatis,
419 3035 455 3095 ut
478 3033 565 3094 inira
585 3033 667 3093 duos
687 3047 819 3092 menses
834 3032 908 3108 post
923 3045 1073 3091 commo-

279 3131 438 3194 nitionem
452 3133 608 3201 vestram,
626 3130 801 3192 ecclesiam
818 3129 926 3204 ipsam
942 3128 982 3190 de
999 3143 1076 3204 per·

279 3229 371 3292 sonis
386 3229 516 3289 idoneis
530 3229 682 3306 coaptato
704 3225 916 3290 facultatibus
937 3241 1075 3288 numero

278 3329 434 3389 studeant
448 3327 616 3387 ordinare.
633 3323 789 3402 Alioquin
803 3341 863 3385 vos
882 3339 925 3384 ex
944 3325 1023 3384 tunc
1043 3321 1074 3382 id

278 3423 475 3488 alletoritatc
491 3423 604 3485 nostra
628 3423 765 3500 exsequi
782 3421 977 3498 procuretis,
996 3435 1076 3482 corr-

279 3522 477 3584 tradictores
513 3535 572 3597 per
604 3534 779 3582 cerisuram
814 3517 1076 3579 ecclesiasticam

279 3619 502 3697 appellatione
518 3619 700 3696 postposita
717 3614 968 3692 compescendo.
984 3613 1075 3688 Quod

280 3719 309 3780 si
325 3733 391 3779 uon
410 3733 539 3789 omnes,
558 3718 622 3777 etc.
645 3714 763 3776 Datum
775 3713 916 3778 Viterbii
931 3712 1077 3775 secundo

281 3833 387 3879 rlouas
402 3815 591 3877 novembris
606 3829 694 3876 arvino
707 3815 853 3902 quarto„

577 4009 781 4096 XXXVIII

300 4157 352 4216 Ad
362 4155 616 4228 primaevum,
632 4153 800 4212 decertum
819 4149 853 4212 et
872 4150 1060 4226 capitutum

589 4250 772 4312 Metenses.

506 4385 508 4390 ·
583 4372 682 4429 ὅπου.
698 4369 778 4431 litt.

312 4479 432 4544 [aegea.
446 4479 491 4530 ua
505 4479 548 4539 1v,
558 4478 633 4544 epist,
644 4477 700 4528 ses.
711 4479 770 4533 uss
781 4475 1056 4539 meorumnam]

284 4589 319 4647 tlt
331 4587 482 4646 Vlvlanuvn
499 4583 659 4644 scliclarem
682 4585 710 4642 in
726 4584 897 4644 santonicum
921 4590 950 4641 et
965 4581 1081 4640 tratrem

607 4675 756 4748 recipiant

325 4791 504 4863 Honorius,
526 4793 600 4864 etc,
622 4789 753 4853 dilectis
779 4789 896 4852 liliis...
925 4788 1083 4866 primice-

285 4889 374 4953 rio...
383 4885 697 4966 decanoetcapitulo
709 4890 844 4961 Molem,
857 4887 1079 4958 salutemetc.

326 4985 584 5049 Promissionem
599 4987 724 5047 habens
735 4985 824 5056 vltae,
841 5001 914 5061 quae
926 4999 1014 5045 nunc
1031 4985 1084 5044 est

286 5089 405 5150 futuras
428 5086 534 5163 pietas
548 5101 608 5148 nos
623 5084 767 5155 induxit,
785 5085 821 5144 ut
840 5082 935 5145 vobis
950 5097 1010 5159 pro
1032 5081 1084 5142 di-

287 5187 372 5248 lecto
387 5185 456 5246 lilio
472 5183 613 5246 viviano
632 5181 790 5252 scholari,
809 5181 912 5242 latore
934 5193 1084 5258 praesen-

285 5284 380 5355 tium,
415 5282 648 5352 scriberemus,
681 5279 839 5354 rogantes
872 5277 1082 5340 devotionem

287 5375 978 5456 vestrametperApostolicavobisscripta
989 5390 1085 5436 man-

288 5479 415 5548 dantes,
433 5478 468 5539 ut
490 5475 652 5546 eumdem,
668 5473 929 5536 ecclesiasticum
953 5471 1083 5533 beneit-

286 5577 374 5639 clum
398 5589 465 5634 non
486 5571 674 5640 habentem,
696 5587 756 5650 pro
785 5570 970 5632 reverentia
998 5568 1084 5630 beati

289 5673 378 5737 Petri
390 5673 423 5734 et
435 5672 560 5744 nostra,
574 5670 810 5750 reciperetisiu
822 5669 962 5732 ecclesia
974 5668 1085 5730 vestra

889 329 1067 390 lloa'ohll
1089 329 1134 388 lll
1157 327 1306 388 OPERA.

1857 331 1910 389 332

1125 487 1335 556 canonicum,
1350 487 1384 548 lu
1400 502 1465 564 qua
1486 485 1608 550 dicitur
1630 487 1687 550 diu
1708 487 1912 552 laudabiliter

1125 587 1355 657 conversatus,
1383 585 1470 663 quod
1496 585 1607 648 lacere
1633 601 1699 648 non
1723 588 1911 656 curastis,a

1127 682 1257 744 dilectis
1273 681 1389 744 liliis...
1404 683 1445 744 de
1455 681 1618 754 villariis,
1633 687 1665 746 et
1679 689 1715 746 (i.
1731 685 1820 746 Clari
1839 689 1909 748 Loci

1126 780 1299 842 abbatibus
1314 797 1391 842 ac...
1408 782 1544 844 cantore
1558 783 1748 855 Treveros„
1762 799 1844 862 quos
1855 801 1913 846 mo

1126 879 1251 940 nitores
1275 893 1547 940 concesseramus
1563 879 1670 940 eidem
1691 881 1792 944 semel
1821 882 1853 942 et
1866 897 1913 942 se-

1126 976 1253 1050 cundo;
1269 976 1346 1038 licet
1360 978 1508 1054 tempore
1524 977 1641 1055 primae
1656 979 1913 1040 commonitionis

1126 1071 1211 1144 duae,
1224 1075 1377 1136 secundae
1389 1090 1478 1148 vero,
1493 1077 1561 1138 tres
1572 1075 1771 1137 vacarentiu
1780 1077 1913 1138 ecclesia

1126 1173 1307 1233 memorata
1331 1172 1528 1249 praebendae,
1550 1188 1612 1236 nec
1631 1173 1756 1250 aliquid
1779 1172 1914 1236 scholari

1126 1269 1314 1346 objiceretis
1348 1270 1466 1342 eidem,
1490 1271 1578 1333 sicut
1611 1271 1706 1332 nobis
1739 1273 1913 1350 temporum

1127 1368 1326 1429 monitorum
1354 1367 1474 1429 litterae
1500 1368 1724 1441 declararunt,
1753 1371 1786 1431 et
1812 1369 1913 1430 dilecti

1128 1464 1187 1525 tilii
1204 1468 1239 1530 B·
1259 1465 1502 1537 thesaurarius
1519 1469 1552 1528 et
1568 1469 1617 1539 Ρ.,
1631 1467 1681 1540 Β.,
1698 1466 1731 1528 et
1745 1469 1797 1528 W.
1812 1467 1916 1528 archi-

1126 1561 1269 1633 diaconi,
1286 1566 1319 1624 et
1335 1565 1374 1623 ll.
1401 1565 1622 1626 cancellarius
1646 1565 1795 1642 ejusdem
1815 1566 1915 1626 eccle-

1127 1661 1185 1722 siae
1200 1660 1322 1722 nostris
1335 1659 1690 1738 precibusetmaudato
1701 1663 1788 1742 pacti
1800 1663 1914 1724 luerint

1127 1757 1261 1820 obedire
1274 1761 1456 1834 gratanter,
1482 1759 1569 1822 slcut
1589 1760 1685 1822 nohis
1701 1759 1849 1824 constitit
1863 1777 1915 1836 per

1127 1855 1254 1917 litteras
1269 1857 1471 1918 eorumdem.
1488 1857 1572 1928 Quia
1582 1857 1735 1934 igiturde
1745 1857 1915 1936 saepedicto

1128 1953 1273 2016 scholari
1285 1953 1451 2016 laudabile
1466 1953 1796 2018 uobistestimoniuru
1811 1956 1916 2034 perhi-

1127 2052 1232 2123 betur,
1249 2067 1352 2130 quare
1373 2053 1458 2130 quod
1480 2051 1520 2114 de
1540 2053 1613 2131 ipso
1635 2053 1842 2130 incoepimus,
1859 2069 1915 2113 no·

1128 2150 1236 2210 lumus
1251 2151 1439 2228 relinquere
1452 2149 1693 2228 imperfectum,
1711 2152 1915 2213 universitati

1127 2249 1247 2308 vestrae
1261 2263 1320 2324 per
1330 2248 1449 2310 iterata
1465 2249 1589 2327 scripta
1601 2249 1824 2326 praecipiendo
1837 2265 1917 2308 man·

1128 2345 1257 2417 damus,
1267 2349 1441 2423 quatenus,
1448 2347 1545 2422 juxta
1556 2347 1654 2426 primi
1665 2347 1812 2409 mandati
1821 2347 1916 2408 nostri

1127 2447 1276 2506 tenorem
1300 2443 1335 2504 in
1355 2443 1492 2506 fratrem
1507 2443 1540 2505 et
1557 2445 1755 2507 canonicum
1777 2447 1914 2506 vestrum

1128 2541 1298 2618 recipiatis
1314 2541 1476 2615 eumdem,
1496 2545 1529 2606 et
1552 2541 1700 2606 fraterna
1724 2543 1870 2605 tractetis
1886 2543 1915 2602 in

1128 2640 1267 2700 bornino
1285 2641 1442 2716 caritate;
1460 2642 1608 2718 alioquin
1629 2640 1796 2702 dilectis...
1816 2641 1917 2700 Sancti

1129 2737 1313 2809 Michaelis,
1331 2739 1399 2799 et...
1410 2739 1661 2800 Habonimontis
1675 2737 1916 2802 abbatibuset...

1129 2835 1231 2912 priori
1240 2835 1351 2897 Sancti
1361 2835 1535 2897 Michaelis
1549 2837 1733 2898 Vindunen.
1750 2839 1782 2898 et
1793 2835 1915 2898 Tullen.

1129 2930 1225 2994 dioec.
1238 2931 1354 2994 damus
1367 2935 1489 2994 nostris
1505 2933 1625 2996 litteris
1647 2935 1682 2994 in
1697 2933 1870 3004 mandatis,
1887 2935 1918 2991 ut

1130 3029 1194 3091 nisi
1209 3029 1333 3108 aliquid
1349 3031 1545 3092 canonicum
1561 3027 1684 3104 obviet,
1702 3047 1761 3092 vos
1773 3031 1814 3092 ad
1827 3028 1857 3089 id
1867 3043 1918 3106 per

1130 3143 1305 3190 censuram
1333 3127 1845 3206 ecclesiasticam,appellatione
1874 3142 1920 3186 re·
1977 3147 1978 3160 ÷

1131 3229 1231 3297 mota
1245 3225 1456 3304 compellant.
1483 3229 1602 3290 Datum
1637 3225 1795 3298 viterbii,
1828 3223 1919 3286 nonis

1131 3324 1331 3396 novembris,
1348 3341 1437 3386 aluno
1448 3327 1576 3404 quarto.

1173 3423 1339 3500 Scriptum
1350 3423 1400 3484 est
1411 3437 1511 3500 super
1522 3421 1586 3484 hoc
1601 3421 1737 3484 eisdem.

1173 3706 1410 3768 ,lantbertum
1422 3707 1663 3768 Liooatensem
1677 3708 1880 3782 episcopam.

1401 3822 1417 3878 7
1432 3819 1565 3878 novemb.
1584 3819 1661 3876 lile.

1236 3925 1428 3992 [Turgenevius
1447 3925 1521 3977 lluss.
1534 3925 1671 3983 llonim.1‚
1684 3925 1723 3984 li,
1734 3940 1760 3974 n.
1778 3925 1828 3990 lt]

1134 4027 1292 4100 Episcopus
1309 4025 1487 4082 Livoniensis
1505 4021 1716 4096 supplicaverat
1740 4032 1772 4081 ut
1792 4023 1921 4081 Honorius

1170 4121 1279 4172 crearet
1295 4115 1323 4171 in
1341 4113 1456 4172 bivonia
1474 4127 1578 4170 novam
1592 4113 1788 4185 metropolim3
1808 4109 1921 4185 pontifex

1170 4203 1277 4272 scribit,
1290 4217 1355 4262 cum
1368 4201 1397 4258 id
1416 4201 1543 4259 nolrdum
1558 4201 1693 4274 expedire
1707 4203 1835 4259 ecclesia
1849 4201 1919 4256 live

1171 4292 1263 4350 nlensi
1278 4291 1438 4360 arbitretur,
1449 4304 1481 4348 se
1493 4289 1556 4364 eius
1576 4305 1678 4364 preces
1692 4290 1728 4348 ad
1742 4303 1866 4362 messus
1882 4301 1922 4343 ne

1172 4382 1298 4455 quivisse
1312 4379 1458 4438 exaudire.

1176 4490 1343 4552 Honorius
1352 4490 1538 4566 episcopus,
1547 4503 1666 4549 servus
1678 4485 1917 4554 servorumllei,

1136 4587 1330 4652 Livoniensi
1341 4589 1507 4666 episcopo,
1518 4587 1661 4650 salutem
1670 4589 1703 4648 et
1718 4585 1920 4664 apostolicam

1136 4685 1414 4750 benedictionem.

1177 4789 1284 4859 Quum
1307 4799 1484 4862 personam
1499 4784 1591 4846 tuam
1606 4783 1747 4860 speciali
1762 4795 1920 4860 praeroga-

1136 4886 1248 4961 galiva
1270 4881 1461 4945 dilectionis
1475 4882 1508 4942 ot
1526 4881 1643 4957 gratire
1663 4880 1919 4957 complectamur,

1138 4984 1250 5058 utpote
1276 4979 1362 5058 quod
1393 4979 1519 5040 electus
1548 4995 1567 5040 a
1598 4979 1739 5040 Domino
1767 4979 1804 5038 in
1827 4973 1922 5053 genti·

1137 5080 1199 5141 bus
1214 5077 1423 5155 praedicator,
1441 5075 1664 5138 ministerium
1678 5079 1773 5138 tuum
1793 5075 1919 5138 honoras

1139 5173 1404 5238 inconfusibilem
1415 5176 1449 5236 te
1457 5175 1647 5251 operarium
1657 5173 1854 5244 exhibendo,
1863 5185 1920 5248 pre

1139 5291 1193 5335 ces
1208 5275 1283 5335 tuas
1294 5271 1436 5334 libenter
1447 5287 1523 5332 cum
1535 5285 1711 5349 possumus
1729 5269 1918 5336 exaudimus,

1139 5373 1226 5434 sicut
1240 5372 1356 5447 etipse
1371 5372 1464 5448 potes
1481 5369 1686 5446 perpendere
1698 5384 1760 5445 per
1773 5369 1917 5432 effectum

1139 5473 1172 5530 et
1197 5469 1303 5530 nuntii
1328 5469 1389 5542 tui,
1407 5468 1464 5544 qui
1491 5481 1550 5544 pro
1574 5469 1723 5543 tempore
1753 5466 1794 5528 ad
1821 5463 1919 5526 swan

1140 5571 1165 5628 A
1170 5565 1327 5644 postolics
1334 5579 1365 5626 ln
1377 5564 1602 5636 accesserunt,
1616 5563 1791 5641 perhibere
1803 5559 1919 5640 possunt

1141 5663 1366 5728 testimonium
1388 5660 1533 5726 veritati.
1553 5663 1717 5725 Gaeterum
1741 5661 1818 5724 licet
1840 5656 1919 5720 nobis
