4198 6322
311 288 349 345 83
928 289 1103 352 HONORII
1127 290 1171 350 111
1194 292 1342 352 OPERA.
1917 307 1961 364 81

310 443 391 515 rari,
410 445 474 515 cni,
488 445 682 521 disponente
694 446 844 518 Domino,
859 446 893 508 in
905 447 1106 524 pontitlcalls
1161 451 1325 522 venerari,
1346 451 1431 529 quod
1447 451 1592 516 doceatis
1605 456 1689 518 alios
1700 473 1757 533 per
1769 461 1961 537 exemplum

311 541 413 605 officii
455 557 556 603 onere
596 544 801 614 successisti,
844 545 1105 606 sacratissimum
1161 549 1318 624 quantum
1342 564 1418 610 esse
1442 549 1560 613 debeat
1580 554 1720 616 celebris
1743 573 1802 634 per
1824 557 1961 620 diversa

312 654 432 716 corpus
460 642 533 716 ejus
556 640 731 702 sublevare
754 643 910 718 proponis
940 643 980 704 de
1002 643 1103 714 terra,
1161 645 1274 705 mundi
1299 646 1433 708 climata
1458 649 1588 724 praelati
1615 654 1770 730 martyris
1796 657 1960 716 momoria

310 737 485 814 ipsumque
517 737 714 800 translatum
741 739 971 802 honorabilius
997 739 1104 802 collo·
1159 741 1315 816 gloriosa.
1334 746 1450 806 Datum
1469 747 1623 808 Laterani
1639 750 1778 826 septimo
1793 751 1959 814 kalendas

313 850 402 906 care,
428 851 529 911 quum
551 835 685 911 dignum
707 835 766 897 tibi
791 836 825 898 et
845 838 1028 898 condecens
1054 838 1106 898 vi-
1155 841 1304 916 januarii
1320 843 1531 918 pontificatus
1544 861 1632 907 anno
1645 847 1755 909 tertio.

310 931 427 992 dentur
455 931 561 1003 illum,
596 936 754 1009 quantum
787 933 823 994 in
855 935 888 996 te
916 934 1106 999 interfuerit

308 1028 456 1090 exaltare
478 1029 513 1090 in
540 1031 640 1102 terra,
665 1045 761 1107 quem
787 1031 822 1094 in
845 1032 929 1093 coelo
947 1031 1103 1108 dignatus
1457 993 1658 1082 LXXXIII

309 1126 360 1188 est
391 1126 597 1202 omnipotens
635 1129 793 1190 Dominus
826 1128 1003 1196 honorare.
1035 1131 1104 1192 Nos
1212 1116 1264 1174 Ad
1277 1119 1473 1190 episcopum
1488 1119 1630 1180 erectum
1646 1124 1900 1184 Bclcccccccm·

308 1221 411 1298 igitur
425 1224 516 1299 pium
540 1225 573 1286 et
596 1224 765 1286 laudabile
785 1228 878 1288 tuum
899 1227 1102 1304 propositum
1417 1227 1691 1290 andecanem.

309 1319 418 1394 dignis
441 1320 476 1382 in
493 1322 632 1384 Domino
640 1322 801 1411 ‘laudibus
823 1325 1101 1396 commendantes,
1182 1321 1299 1384 suaet,
1314 1321 1360 1376 lib·
1374 1323 1417 1382 111,
1428 1325 1504 1388 epist.
1518 1327 1572 1376 ¹⁷²·
1586 1329 1642 1378 iic·
1656 1331 1692 1380 bt
1703 1331 1779 1380 Pone
1793 1329 1826 1382 an
1840 1333 1936 1395 rneit]

308 1414 509 1478 fraternitati
519 1420 585 1480 tuae
600 1435 660 1495 per
671 1420 859 1496 apostolica
873 1422 995 1497 scripta
1010 1437 1105 1486 man·
1189 1419 1344 1477 Confirmat
1361 1423 1577 1480 concessionem
1593 1425 1738 1484 vicesima
1752 1429 1925 1502 colligendae

309 1512 435 1584 damus,
454 1517 615 1591 quatenus
637 1517 834 1578 auctoritate
854 1519 967 1579 nostra
985 1519 1104 1578 suffiri·
1468 1512 1497 1568 in
1512 1513 1642 1570 Francis.

307 1611 373 1681 tus,
388 1612 421 1672 et
434 1613 623 1688 apostolica
638 1613 868 1676 bencdictione
881 1617 1038 1686 munitus,
1049 1631 1105 1676 re·
1197 1608 1376 1681 Honorius,
1393 1611 1468 1683 etc,
1486 1611 1606 1674 dilcctc
1621 1613 1726 1675 fllicn·
1748 1613 1853 1677 clcctc
1871 1618 1955 1679 Bel-

307 1709 463 1769 rcrenter
478 1710 604 1771 estlcias
616 1727 716 1788 super
733 1713 795 1773 boc
809 1712 895 1788 quod
915 1713 949 1772 in
970 1713 1103 1774 nomino
1159 1719 1273 1764 icccc·

309 1805 440 1866 Domini
456 1807 613 1868 intendis.
635 1810 753 1870 Datum
770 1809 936 1880 Laterani,
954 1812 1013 1870 Vll
1033 1810 1099 1870 kal.
1198 1801 1398 1862 Vicesimam
1412 1803 1446 1865 in
1461 1805 1635 1868 Bclvccen.
1652 1807 1685 1869 ct
1699 1811 1836 1870 Reman.
1853 1809 1952 1872 dioec.

304 1903 467 1977 januarii,
485 1905 695 1980 pontificatus
708 1907 814 1968 nostri
833 1921 921 1968 anno
933 1907 1042 1968 tertio.
1158 1913 1231 1957 curn
1246 1899 1385 1974 Pecunia
1398 1900 1536 1964 (30116οῐ3
1550 1905 1583 1964 et
1597 1905 1783 1981 colligenda
1797 1907 1832 1968 1¹1
1847 1909 1956 1968 Fran-

347 2003 391 2060 [η
418 2005 577 2063 eumaem
599 2006 673 2076 sere
702 2008 842 2066 mogum
869 2005 1028 2082 scriptum
1053 2008 1104 2068 est
1158 1995 1209 2055 cia
1232 1994 1398 2060 devotioni
1420 2000 1486 2059 tuae
1505 2001 1714 2062 meminimus
1733 2007 1953 2066 concessisse.

308 2096 475 2158 universis
511 2099 634 2161 cansa
672 2099 824 2162 coeranus
858 2102 1035 2175 nobilibus,
1071 2106 1104 2166 er
1158 2093 1237 2152 cun
1259 2096 1368 2155 autem
1393 2094 1552 2158 teneicit
1573 2098 1759 2175 principum
1782 2101 1952 2178 internic-

308 2193 384 2255 aliis
403 2211 463 2272 per
482 2197 636 2273 Angliam
659 2198 858 2270 constitutis,
876 2216 980 2276 usque
993 2221 999 2259 :
1013 2205 1103 2262 Ccu-
1156 2190 1256 2250 iicdc
1271 2191 1338 2254 sint
1352 2196 1443 2269 large
1461 2213 1467 2254 ε
1485 2195 1658 2270 pecuniam
1683 2212 1814 2274 quoque
1831 2199 1955 2260 collec-

308 2293 427 2353 tzaara'a
445 2295 569 2355 cantus
590 2309 674 2356 arae,
691 2297 758 2358 Vos
773 2297 894 2369 autem,
911 2298 1057 2374 inquam,
1073 2297 1101 2357 si
1156 2286 1235 2360 tam,
1249 2290 1282 2349 θῐ
1291 2288 1509 2364 colligendam
1523 2292 1557 2351 in
1571 2293 1738 2368 pl'aedictls
1752 2294 1952 2358 dloecesibtls

308 2387 485 2464 diligenter
499 2391 669 2453 attenditis
682 2392 771 2454 hunc
786 2394 957 2466 honorem,
971 2395 1100 2469 gratia·
1157 2399 1216 2461 liic
1240 2385 1465 2463 icdcmptifflc
1488 2392 1656 2461 ictorum,
1691 2389 1768 2462 tibi,
1795 2393 1888 2454 sclvc
1911 2410 1953 2455 cc

307 2501 381 2546 rum
410 2488 559 2548 actiones
588 2489 739 2550 assiduas
766 2491 918 2566 largitori
940 2491 1100 2553 bonorum
1157 2481 1243 2559 quod
1261 2486 1331 2561 jam
1345 2483 1416 2560 regi
1438 2487 1673 2559 concessimus,
1691 2487 1763 2564 Dari
1781 2489 1877 2550 modo
1892 2507 1954 2552 vc-

308 2583 453 2644 omnium
481 2585 673 2654 exsolvetis,
691 2587 746 2648 cui
771 2603 841 2660 vos,
871 2603 914 2648 ex
943 2588 1100 2665 impensae
1156 2579 1264 2640 lumns
1277 2581 1454 2656 assignati»
1467 2585 1660 2659 DOtOSiiicffl
1674 2585 1813 2660 0⁰8011di
1826 2586 1952 2664 adejus

306 2678 549 2744 benedictionis
568 2684 677 2758 gratia
700 2686 798 2746 terrae
820 2687 939 2746 vestrae
965 2687 1100 2762 potestis
1156 2677 1352 2738 solutionem
1379 2679 1530 2751 rebelles,
1556 2680 1616 2741 fibi
1642 2681 1840 2744 auctoritate
1859 2699 1951 2760 prae-

307 2793 509 2854 cognoscere
524 2770 702 2854 debitores
717 2782 753 2843 ut
763 2783 1011 2858 ingratitudinis
1024 2785 1099 2845 evi·
1156 2774 1309 2846 ccultum,
1327 2777 1548 2852 clipclliitifflic
1563 2778 1744 2855 postposita
1759 2781 1951 2842 conceden-

306 2876 382 2938 teus
398 2877 526 2950 vitium,
548 2880 582 2940 er
603 2880 738 2956 possins
758 2881 868 2942 uevoa
888 2881 948 2941 nin
971 2897 1101 2943 nuncu·
1155 2870 1216 2931 tes·
1241 2873 1358 2933 catum
1384 2875 1550 2946 Laterani,
1568 2875 1849 2954 litat-ianuarii
1862 2893 1951 2941 anno

306 2973 390 3050 pari.
404 2977 444 3036 Et
455 2977 586 3053 quidem
602 2977 632 3038 si
645 2977 734 3039 omni
747 2979 894 3056 ternpore
907 2994 990 3055 puro
1002 2979 1101 3041 corde
1154 2968 1265 3029 tertio.

305 3069 515 3146 benedicere,
528 3089 567 3135 ac
576 3075 741 3136 honorare
755 3075 928 3137 Dominum
940 3076 1098 3149 debeatis,
1455 3059 1648 3145 LXXXIV

306 3167 390 3229 istas
403 3169 513 3230 tamen
529 3173 697 3249 praecipue
711 3189 769 3233 vos
783 3174 911 3248 oportet
924 3176 1032 3235 vestes
1048 3175 1102 3234 in·
1195 3185 1247 3242 Ad
1268 3183 1545 3255 Cistercteuccm,
1574 3187 1858 3246 Crarcvoltcnsem
1877 3187 1910 3246 ct

306 3265 407 3327 duere
420 3268 597 3344 nuptiales,
617 3271 650 3330 et
671 3285 744 3329 cum
756 3271 964 3346 jucunditate
978 3272 1012 3330 in
1025 3273 1102 3332 lau·
1383 3281 1556 3345 Qnirrcioet
1574 3281 1721 3342 abbates.

305 3363 364 3424 des
390 3366 502 3426 vestro
526 3381 702 3442 assurgere
726 3367 891 3441 Creator13
918 3383 992 3428 cum
1015 3385 1100 3430 ven·
1415 3391 1449 3448 29
1464 3390 1592 3449 decemb,
1611 3393 1689 3450 1213,

307 3462 391 3522 turae
423 3461 612 3524 festivitatis
636 3464 825 3524 venenanda
850 3465 1043 3527 solennitas
1067 3467 1099 3527 id
1156 3485 1549 3547 [intrroncneummsinu.
1561 3489 1949 3552 lassataslasatas,

306 3561 475 3634 exposcat.
500 3563 588 3622 Sane
606 3560 789 3621 venerabili
809 3561 912 3623 fratrc
931 3569 1043 3625 nostro
1065 3567 1096 3624 S.
1503 3582 1529 3632 li·
1544 3568 1597 3634 aa]

306 3657 538 3717 cantuariensi
572 3658 835 3736 archiepiscopo,
870 3663 994 3722 sanctas
1032 3663 1100 3722 Ro-
1154 3655 1373 3728 ErgaErar-dum
1382 3655 1748 3730 deDreneethillppinam
1759 3673 1875 3716 uxorem
1885 3659 1948 3734 ejus

305 3769 412 3815 manae
432 3755 590 3818 Ecclesiae
610 3756 775 3818 cardinali
789 3771 896 3834 nuper
911 3759 1098 3835 accepimus
1172 3746 1333 3802 relaxantur
1347 3745 1505 3814 sententie,
1519 3747 1628 3819 treugis
1643 3745 1722 3803 initis
1737 3747 1811 3804 iuter
1824 3755 1928 3819 panes.

304 3851 490 3922 intimante,
513 3855 599 3932 quod
623 3854 711 3916 idern
734 3855 850 3916 volens
870 3857 1044 3918 ostendere
1063 3856 1099 3918 in
1193 3853 1370 3926 Honorius,
1396 3853 1470 3925 etc,
1497 3852 1626 3916 dilectis
1641 3853 1720 3914 filiis
1742 3855 1945 3928 Cistercien,

303 3950 424 4012 effectu
439 3955 562 4028 quanto
584 3952 768 4014 devotionis
788 3951 921 4015 fervore
942 3954 1098 4030 martyris
1154 3949 1371 4012 Clarevallen.
1389 3951 1421 4011 et
1436 3950 1607 4021 Quinciaci
1622 3950 1797 4013 abbatibus
1821 3953 1948 4014 Cister-

304 4048 484 4122 supradicti
515 4050 706 4110 memoriam
729 4052 915 4122 veneretur,
940 4051 1100 4111 sacratis·
1154 4046 1238 4108 cion.
1257 4047 1382 4108 ordinis
1405 4046 1557 4109 dioecesis
1580 4048 1717 4123 lingon.
1739 4055 1770 4110 et
1788 4050 1947 4110 Catalau-

305 4144 424 4204 simum
447 4161 566 4220 corpus
588 4147 661 4221 ejus
685 4143 859 4208 sublevare
882 4147 1034 4224 proponit
1059 4147 1099 4208 de
1154 4144 1389 4216 nen.,salutem
1402 4145 1435 4207 ct
1444 4145 1659 4222 apostolicam
1670 4145 1943 4208 benedictionem.

304 4243 405 4312 terra,
435 4241 607 4318 ipsumque
639 4243 835 4304 translatum
870 4243 1098 4306 honorabilius
1193 4244 1242 4301 iix
1259 4243 1351 4317 parte
1371 4240 1493 4301 nobilis
1512 4241 1576 4302 viri
1596 4242 1713 4303 Erardi
1728 4242 1768 4303 de
1786 4245 1894 4304 Brena
1915 4245 1947 4304 et

283 4339 479 4410 -collocare,
500 4356 599 4417 quum
614 4340 748 4416 dignum
769 4340 844 4411 sibi,
862 4343 894 4403 at
912 4341 1098 4403 condecens
1153 4339 1213 4398 Ph.
1231 4337 1344 4399 uxoris
1358 4337 1464 4414 ipsius
1479 4338 1575 4398 nobis
1590 4338 1652 4400 luit
1673 4339 1842 4400 humiliter
1863 4355 1945 4417 sup-

303 4437 456 4499 videatur
474 4437 567 4498 illum
589 4441 747 4515 quantum
761 4439 795 4498 in
812 4455 850 4500 co
866 4439 927 4508 est,
945 4441 1098 4501 exaltare
1153 4435 1309 4512 plicatum
1333 4436 1378 4506 ut,
1395 4451 1470 4495 curn
1501 4435 1677 4497 occasione
1709 4437 1945 4498 controversia

303 4534 338 4593 in
356 4537 457 4606 terra,
475 4551 571 4612 quem
590 4536 624 4596 in
644 4536 728 4597 coelo
748 4537 905 4596 Dominus
925 4537 1094 4598 exaltavit.
1153 4548 1225 4609 quae
1251 4531 1337 4594 inter
1361 4533 1451 4608 ipsos
1471 4548 1514 4594 cx
1537 4533 1629 4609 parte
1654 4548 1720 4593 una
1745 4533 1778 4594 et
1800 4533 1943 4596 nobilem

304 4633 373 4692 Nos
388 4631 492 4706 igitur
506 4634 606 4710 pium,
624 4637 656 4694 et
670 4635 837 4695 laudabile
854 4635 1097 4712 archiepiscopi
1152 4630 1324 4692 mulierem
1346 4629 1549 4691 comitissam
1565 4629 1753 4707 Campaniae
1772 4645 1812 4690 ac
1832 4633 1945 4692 natum

304 4731 476 4790 memorati
493 4731 695 4807 propositum
716 4735 938 4810 acceptantes
961 4732 1099 4793 univer·
1153 4729 1224 4804 ejus
1247 4743 1289 4788 ex
1309 4725 1415 4789 altera
1430 4727 1580 4799 vertitur,
1597 4726 1772 4802 multiplici
1795 4727 1861 4788 sint
1878 4729 1943 4789 tam

303 4825 433 4886 nitatem
457 4829 598 4887 vestram
620 4829 801 4899 hortamur,
824 4845 882 4905 per
906 4831 1096 4906 apostolica
1152 4825 1215 4900 ipsi
1237 4839 1334 4901 quam
1358 4822 1525 4902 adiutores
1545 4838 1660 4884 eorum
1677 4825 1946 4885 excommunica·

304 4924 399 4984 vobis
422 4925 542 5001 scripta
568 4925 773 5002 mandantes,
794 4927 957 5002 quatenus
982 4943 1096 5004 pacem
1152 4921 1241 4981 tione
1269 4920 1363 4997 ligati
1388 4923 1421 4982 et
1451 4921 1541 4982 terra
1569 4935 1684 4981 eorum
1713 4921 1756 4982 sit
1777 4923 1945 4998 supposita

304 5023 451 5084 mutuam
466 5023 717 5084 etconcordiam
730 5023 765 5083 in
778 5023 951 5085 cliaritatis
963 5025 1097 5086 vincrdo
1152 5018 1376 5079 ecclesiastico
1392 5017 1580 5087 interdicto,
1600 5015 1727 5093 treugis
1751 5033 1841 5078 nunc
1854 5019 1946 5078 initis

304 5121 552 5192 conservantes,
578 5121 706 5181 vestras
730 5121 950 5182 conscientias
969 5122 1097 5183 cunctis
1152 5116 1238 5176 inter
1267 5115 1389 5191 partas,
1426 5114 1610 5179 taceremus
1642 5114 1825 5179 sententias
1856 5115 1945 5192 ipsas

304 5214 744 5294 perversitatibusexpietis‚
772 5215 805 5278 et
820 5216 867 5277 sic
880 5232 938 5298 vos
951 5217 986 5276 in
1000 5216 1097 5277 bonis
1148 5215 1243 5290 Juxta
1276 5212 1416 5274 formam
1448 5211 1604 5274 Ecclesiae
1637 5211 1797 5274 relaxari.
1830 5211 1944 5273 Nuntii

303 5315 462 5378 studeatis
487 5312 642 5390 operibus
669 5327 836 5383 exercere,
866 5315 901 5374 ut
928 5329 1003 5374 cum
1027 5314 1097 5375 dics
1153 5326 1231 5372 vero
1246 5309 1424 5372 comitissas
1438 5310 1655 5386 praedictam
1669 5309 1785 5370 nostra
1799 5323 1946 5384 praesen-

303 5413 408 5490 ipsius
428 5410 647 5474 solemnitatis
669 5410 851 5482 advenerit,
868 5411 904 5472 iu
924 5425 1097 5473 occursum
1151 5401 1198 5470 tia
1222 5407 1393 5469 constituti
1405 5407 1565 5479 relaxari,
1591 5406 1783 5483 hujusmodi
1808 5408 1944 5468 senmu-

303 5511 407 5572 vestri
431 5508 635 5571 sanctissimi
656 5508 810 5584 martyris
826 5509 859 5570 ct
883 5507 1024 5584 patroni,
1046 5510 1099 5585 ip·
1152 5507 1323 5583 tiasjuxta
1338 5505 1478 5568 iormam
1497 5505 1532 5564 in
1556 5502 1682 5580 treugis
1696 5517 1890 5580 expressam
1914 5503 1945 5565 et

304 5624 376 5670 sum
405 5607 539 5686 possitis
566 5605 820 5668 honoriticentia
850 5606 960 5682 debita
986 5606 1099 5670 taliter
1153 5604 1186 5664 in
1216 5603 1335 5666 litteris
1367 5603 1467 5666 altius
1495 5601 1627 5680 scriptis
1656 5601 1843 5664 contentam
1872 5616 1943 5662 cum
