3946 6304
250 321 309 380 ur
524 295 531 306 “
868 317 1043 380 nouonu
1066 315 1111 379 nr
1133 317 1281 381 orans.
1388 296 1394 307 '
1825 323 1877 382 ns
1964 303 1965 340 ³

615 506 676 592 GL
1096 493 1197 540 sensu
1213 479 1356 555 partium
1372 479 1406 540 in
1430 482 1529 552 statu,
1546 479 1580 540 in
1596 495 1660 559 quo
1673 482 1750 543 tune
1763 482 1877 543 eratad
1964 565 1965 568 Ἴ

332 605 337 621 ι
656 642 662 654 ,
1097 577 1879 657 sedemapostolicamremittandoproutinejus

277 643 330 704 Λα
344 640 552 718 ’⁹²⁹0ssth
565 638 742 714 'mmmm
762 638 1018 712 mmmmm
1095 675 1216 737 litteris
1236 676 1367 752 plenius
1386 676 1585 738 continetur.
1609 677 1766 738 Nolentes
1787 677 1881 752 igitur

580 740 707 862 ξφ·
1096 772 1385 844 dictiabbatis‚vel
1397 774 1580 835 conventus
1592 773 1877 850 ipsiusgravamen
1964 783 1965 858 ἐ

531 851 655 922 ¹51¹¹¹¹¹¹
677 849 756 906 ¹²2⁰·
1095 869 1279 931 indebitum
1307 871 1483 942 sustinere,
1514 870 1709 932 discretioni
1736 873 1801 931 tuae
1828 887 1881 948 par
1964 941 1965 944 Ἴ

403 956 539 1020 [seeum
553 955 666 1012 rabula,
681 955 768 1020 ΡΝ»
780 969 806 1005 ¹²·
820 954 885 1018 ¹²⁸·'l
1095 967 1285 1044 apostolica
1305 969 1428 1044 scripta
1450 969 1656 1039 mandamus,
1678 967 1836 1044 quatenus
1849 969 1881 1029 in
1964 997 1965 1016 t

249 1064 390 1122 Honorius
404 1077 477 1135 papa
497 1065 537 1120 lll
553 1061 694 1134 hospitale
713 1068 792 1119 extra
809 1069 919 1133 portam
943 1062 1042 1134 logia
1096 1063 1185 1141 ipsos
1194 1065 1233 1126 de
1248 1066 1369 1127 caetero
1378 1080 1443 1126 non
1456 1081 1621 1142 usurpans
1633 1065 1778 1142 aliquam
1788 1065 1883 1141 turis-
1964 1073 1965 1102 ³

418 1150 726 1224 ⁸¹1b⁸¹¹⁸ll⁰10⁰¹3⁰¹¹0
741 1151 870 1223 Sssssssilii·
1096 1161 1275 1224 dictionem
1290 1163 1461 1224 insolitam
1476 1163 1528 1224 vel
1542 1178 1715 1232 exercens,
1737 1161 1789 1222 bis
1811 1163 1883 1222 tan-

289 1261 468 1331 Honorius,
485 1261 559 1331 etc,
575 1259 703 1320 dilectis
726 1259 805 1320 filiis
822 1257 988 1333 magistro
1010 1258 1043 1319 et
1095 1259 1263 1321 tummodo
1279 1261 1452 1322 contentus
1474 1259 1611 1330 existas,
1624 1258 1742 1336 quibus
1764 1259 1884 1336 praede-
1964 1259 1965 1344 f

249 1356 406 1420 iratribus
417 1356 592 1432 hospitalis
606 1358 701 1419 extra
714 1358 843 1433 portam
867 1356 979 1431 Fogiae
1007 1356 1042 1415 in
1097 1371 1246 1418 cessores
1274 1357 1323 1419 tui
1357 1357 1504 1420 contenti
1538 1356 1682 1428 fuerunt,
1704 1373 1766 1418 nec
1800 1357 1882 1416 aliud
1964 1385 1965 1436 1

250 1454 409 1516 suburbio
422 1455 462 1516 de
477 1456 639 1528 Vassano,
665 1454 805 1515 salutem
827 1456 861 1516 et
880 1452 1043 1530 apostoli·
1097 1454 1214 1530 exigas
1236 1453 1277 1516 ab
1293 1454 1417 1516 eisdem
1443 1471 1540 1532 quam
1556 1470 1576 1515 a
1593 1453 1689 1516 dictis
1704 1453 1884 1530 predeces-
1964 1453 1965 1536 l

250 1552 608 1614 cambenedictionem.
1098 1551 1229 1612 sonibus
1244 1552 1310 1612 tuis
1332 1553 1486 1614 exactum
1501 1551 1612 1613 extitit
1627 1552 1660 1612 et
1679 1553 1883 1628 pereeptum3
1912 1581 1914 1584 ·

291 1652 406 1710 Cuma
428 1648 524 1709 nobis
539 1649 672 1724 petitur,
693 1647 781 1724 quod
794 1649 921 1725 justum
947 1648 998 1711 est
1012 1649 1044 1709 et
1098 1649 1247 1725 alioquin
1259 1649 1390 1710 dilectis
1406 1649 1521 1710 tiliis...
1538 1648 1650 1710 abbati
1665 1649 1777 1710 Sancti
1797 1649 1884 1708 Cris-
1964 1639 1965 1724 t

248 1739 626 1821 honestum‚tamvigor
647 1745 813 1822 aequitatis
834 1761 933 1822 quam
962 1744 1043 1806 ordo
1098 1746 1168 1823 pini
1181 1747 1356 1823 majoris...
1370 1747 1497 1808 decano
1514 1747 1643 1808 Sanctae
1659 1745 1817 1807 Mariaein
1831 1745 1887 1806 vi·

250 1843 356 1920 exigit
369 1843 521 1914 rationis,
539 1845 572 1904 ut
582 1843 614 1903 id
628 1859 688 1919 per
700 1841 958 1904 sollicitudinem
972 1842 1045 1903 otii·
1098 1843 1171 1906 neis
1192 1846 1225 1906 et
1247 1845 1405 1920 magistre
1429 1847 1465 1905 B.
1491 1843 1532 1906 de
1558 1843 1710 1904 Hisdinio
1733 1841 1888 1903 canonico
1964 1905 1965 1910 ,

250 1941 294 2002 cii
310 1941 415 2002 nostri
430 1939 471 2001 ad
488 1939 633 2006 debitum
649 1940 850 2016 perducatur
876 1939 1042 2002 effectum.
1100 1943 1312 2003 suessionen.
1329 1944 1451 2004 nostris
1467 1943 1583 2003 damus
1596 1941 1717 2004 litteris
1735 1941 1770 2002 in
1794 1955 1887 2000 man·

251 2037 442 2116 liapropter,
464 2036 575 2099 dilecti
599 2037 634 2099 in
661 2039 800 2099 Domino
829 2036 902 2110 lilii,
923 2038 1043 2099 restris
1100 2038 1198 2110 datis,
1213 2040 1306 2111 utta,
1322 2040 1352 2100 si
1381 2053 1488 2108 secus,
1512 2039 1596 2117 quod
1623 2053 1690 2099 non
1714 2037 1887 2108 credimus,

246 2136 347 2213 J'ustis
360 2135 512 2212 precibus
523 2135 688 2206 inclinati,
702 2150 862 2212 personas
876 2137 909 2196 et
930 2135 1046 2212 hospi·
1099 2137 1219 2213 egeris,
1242 2137 1534 2215 apraesumptione
1557 2134 1758 2214 hujusmodi,
1782 2134 1888 2195 moni·

249 2231 1046 2310 talevestrumcumomnibusbonisquaeinprae·
1099 2233 1190 2294 tione
1205 2233 1388 2310 praemissa,
1410 2248 1470 2310 per
1489 2248 1663 2294 censuram
1689 2231 1890 2292 ecclesiasti·
1964 2193 1965 2282 l

251 2330 433 2391 sentiarum
458 2328 703 2390 rationabiliter
723 2329 912 2406 possidetis,
934 2332 991 2391 aut
1010 2329 1045 2390 in
1100 2344 1184 2401 cam,
1200 2328 1422 2406 appellatione
1440 2331 1578 2400 remota,
1593 2330 1814 2405 compescant.
1828 2330 1890 2388 Da·

249 2426 409 2497 futurum,
417 2427 861 2504 praestanteDomino,Justis
871 2427 977 2489 modis
992 2444 1046 2505 po·
1099 2427 1169 2486 tum
1194 2427 1280 2503 apud
1304 2427 1425 2488 Urbem
1448 2427 1613 2498 Veterem,
1631 2427 1706 2488 XVI
1731 2425 1799 2486 kal.
1818 2424 1888 2502 jul,

251 2523 360 2586 teritis
368 2523 520 2600 adipisci,
529 2523 589 2583 sub
601 2523 690 2584 beati
700 2524 789 2586 Petri
801 2527 834 2585 et
848 2526 962 2587 nostra
972 2541 1046 2600 pro·
1101 2524 1312 2600 pontificatus
1324 2525 1429 2586 nostri
1445 2539 1533 2585 anno
1547 2526 1674 2602 quarto.

249 2622 394 2686 tectione
423 2615 632 2698 suscipimus,
661 2622 694 2683 et
719 2623 894 2699 praesentis
929 2623 1045 2699 scripti

252 2719 437 2796 patrocinio
452 2720 704 2780 communimus.
717 2718 808 2780 Nulli
819 2735 898 2796 ergo
910 2721 1045 2782 omnino
1447 2693 1549 2781 (ΠΜ
1672 2725 1679 2748 ·

250 2817 421 2878 bominum
437 2817 537 2880 liceat
551 2818 638 2878 hanc
650 2819 805 2894 paginam
823 2821 946 2880 nostrae
962 2835 1044 2896 pro·
1099 2829 1152 2888 Ad
1167 2829 1323 2890 abbatem
1342 2829 1376 2890 et
1390 2829 1596 2889 conventum
1609 2825 1729 2888 Sancti
1749 2825 1892 2900 Renrtqit

251 2915 406 2976 iectionis
433 2914 615 2990 intringere
640 2915 705 2987 vel,
731 2917 793 2977 eto.
821 2917 856 2976 Si
880 2917 954 2994 quis
984 2932 1047 2978 au·
1387 2927 1605 2988 senonensis.

251 3013 329 3083 tem,
340 3014 402 3074 ete.
419 3013 537 3075 Datum
550 3012 637 3089 apud
652 3013 771 3074 Urbem
781 3015 1045 3086 Veterem,XVII
1392 3047 1426 3104 lb
1435 3046 1508 3120 junii
1525 3045 1605 3104 Μ).

252 3109 327 3170 lral.¹
331 3110 420 3186 julii,
437 3110 647 3186 pontificatus
667 3111 773 3173 nostri
802 3127 890 3173 anno
914 3113 1043 3189 quarto.
1116 3145 1293 3217 mmmm).
1307 3155 1351 3212 w,
1364 3152 1438 3217 epist.
1452 3151 1507 3202 774.
1524 3152 1581 3202 Μ·
1596 3153 1632 3204 ba
1644 3151 1720 3202 Pone
1737 3150 1772 3201 d„
1786 3148 1878 3212 Μ]

610 3278 691 3366 CLI
1101 3259 1213 3318 inhibet
1227 3275 1263 3318 ne
1274 3258 1493 3317 archidiaconus
1505 3258 1679 3316 senonensis
1691 3271 1797 3314 novam
1807 3257 1837 3313 in
1848 3271 1893 3312 eos

507 3415 512 3426 ,
542 3417 548 3428 ,
1218 3347 1444 3421 iurisdietionem
1464 3361 1597 3404 exercere
1613 3353 1776 3420 presumat.

351 3414 945 3488 noarcuomonemsaweeesem.
1141 3458 1320 3528 sonorius,
1345 3459 1421 3529 etc„
1445 3457 1575 3519 uirentis
1596 3455 1714 3516 eins...
1731 3453 1844 3517 aaran
1864 3453 1892 3512 n

545 3523 753 3596 ἱθὶῑῑῑῑῑῑηῖθ·
1102 3555 1279 3617 conventui
1307 3555 1418 3616 Sancti
1447 3553 1590 3630 Remigii
1606 3555 1785 3625 senonen,
1804 3551 1891 3612 saln-

289 3632 410 3697 [Repest.,
421 3631 467 3682 lib.
479 3629 521 3689 IV,
538 3645 579 3694 ep.
590 3629 645 3680 773.
659 3631 715 3681 tiss.
731 3633 768 3682 La
780 3631 854 3681 Porto
866 3631 901 3682 du
913 3631 1008 3697 Tbeil.]
1102 3653 1179 3722 tem,
1196 3653 1259 3713 etc·

129 3764 138 3776 =
253 3738 365 3798 inbibat
380 3753 416 3796 ne
440 3738 582 3795 insolitam
605 3737 832 3809 jurisdictionem
857 3739 886 3794 in
915 3738 1046 3798 abbatem
1143 3749 1394 3810 soletammere
1408 3749 1511 3810 sedes
1524 3743 1889 3825 Apostoljcapiisvotis,

324 3829 419 3886 sami
433 3826 508 3885 ⁹⁰³5
523 3825 575 3882 ⁹¹³¹
595 3824 636 3900 (¹)
653 3827 828 3884 3³¹¹⁰¹¹⁰¹¹³¹⁸
851 3826 974 3885 ⁸¹¹⁰&st
1102 3846 1135 3908 et
1158 3846 1307 3908 lronestis
1337 3846 1520 3922 petentium
1546 3844 1722 3906 desideriis
1750 3842 1890 3903 savorem

292 3946 469 4016 Honorius,
480 3946 555 4014 ete..
565 3943 685 4006 dilecto
694 3943 802 4004 tilio...
811 3942 1047 4007 archidiacono
1102 3943 1297 4004 benevolum
1311 3942 1485 4019 impertiri.
1499 3945 1605 4015 Quum
1618 3942 1730 4003 autem
1743 3940 1829 4000 sicut
1838 3953 1891 3998 ro-

255 4047 431 4114 Senonen.,
446 4041 599 4110 salutem,
617 4041 679 4103 etc.
1102 4041 1152 4102 bis
1166 4040 1408 4118 exponentibus
1421 4039 1647 4101 intelleximus
1661 4037 1889 4100 monasterium

294 4137 500 4214 Significavit
525 4135 619 4196 nobis
635 4135 774 4197 dilectus
798 4134 924 4197 iilius...
945 4135 1047 4200 abbas
1101 4141 1249 4202 restrum
1273 4139 1316 4201 sit
1344 4154 1418 4200 cum
1446 4137 1602 4198 membris
1627 4137 1696 4196 suis
1713 4130 1888 4197 venerabili

252 4235 447 4298 monasterii
461 4233 573 4294 Sancti
590 4233 681 4294 Petri
701 4233 766 4293 viri
781 4235 945 4295 senonen.
961 4235 1046 4312 quod
1102 4237 1196 4299 iratri
1210 4237 1361 4298 nostro...
1376 4235 1627 4311 archiepiscopo
1641 4235 1806 4294 senonen.
1819 4229 1889 4292 sub-

252 4337 288 4397 tu
312 4335 346 4394 in
371 4349 445 4394 eum
472 4331 640 4392 insolitam
657 4329 927 4408 jurisdictionem
949 4349 1049 4394 usur·
1098 4335 1234 4410 jectum,
1251 4336 1284 4395 et
1296 4333 1327 4394 ei
1339 4348 1380 4394 ae
1391 4332 1548 4394 membris
1563 4332 1633 4392 suis
1645 4330 1808 4407 petieritis
1821 4341 1890 4404 pro·

253 4448 335 4510 pens
348 4447 446 4508 quam
461 4430 510 4491 tui
526 4426 786 4506 praedecessores
808 4428 843 4489 in
858 4428 978 4505 ipsum,
994 4431 1047 4492 rel
1101 4429 1208 4492 rideri
1223 4445 1242 4492 a
1257 4429 1441 4492 nobisne...
1458 4428 1715 4491 archidiaconus
1731 4429 1886 4488 senonen.

254 4529 401 4606 ejusdem
416 4527 613 4589 conventum
629 4542 696 4588 non
712 4527 958 4589 consueverunt
967 4526 1048 4588 bac-
1102 4527 1280 4605 quidquam
1295 4527 1336 4588 ab
1352 4528 1401 4588 eis
1416 4525 1456 4588 de
1471 4541 1556 4588 novo
1571 4525 1742 4602 percipere
1754 4539 1814 4584 seu
1828 4521 1889 4582 rin

253 4627 351 4689 tenus
366 4640 534 4694 exercere,
553 4623 645 4684 nulla
660 4624 842 4685 monitione
862 4625 1045 4700 praemissa,
1102 4625 1214 4686 dicare
1243 4626 1430 4701 praesumat,
1459 4623 1517 4684 sed
1543 4624 1597 4685 bis
1628 4622 1791 4682 duntaxat
1815 4633 1886 4680 con·

253 4725 289 4784 in
305 4739 379 4784 eum
402 4721 442 4781 de
467 4719 553 4782 iacto
567 4720 673 4782 tulisti
693 4721 892 4782 auctoritate
913 4722 1047 4798 propria
1103 4725 1211 4786 tentus
1226 4722 1359 4794 existat,
1374 4738 1447 4799 quae
1463 4722 1532 4782 suis
1552 4721 1798 4781 consueverunt
1813 4731 1888 4793 pra-
1964 4723 1965 4804 t

255 4819 452 4882 sententiam
465 4816 642 4878 interdicti.
659 4819 805 4894 Cumque
819 4817 906 4878 idern
922 4818 1048 4880 irritari
1103 4818 1333 4881 decessoribus
1361 4817 1538 4879 exbiberi:
1561 4834 1622 4878 nos
1653 4816 1776 4880 vestris
1799 4811 1887 4892 justis

253 4933 366 4981 coram
376 4913 513 4977 osticiali
527 4913 709 4974 senonensi
722 4912 1049 4991 hujusmodiseuten·
1102 4915 1255 4995 precibus
1278 4915 1442 4983 inclinati,
1468 4916 1665 4978 auctoritate
1682 4912 1883 4990 praesentium
1964 4905 1965 4912 ’

252 5017 333 5079 tiam
347 5011 540 5091 postularet,
565 5011 661 5086 teque
690 5009 753 5071 sibi
779 5011 819 5072 ab
841 5011 899 5073 illo
914 5013 950 5072 in
965 5029 1049 5090 qua·
1102 5012 1285 5076 districtius
1298 5012 1497 5085 inhibemus,
1512 5027 1554 5074 ne
1568 5013 1675 5074 dictus
1688 5011 1885 5073 archiniaco·

253 5115 329 5175 dam
342 5108 490 5188 pecuniae
507 5124 635 5168 summa
650 5107 685 5167 in
700 5121 830 5184 poenam
850 5108 949 5186 hujus
964 5109 1049 5186 inju·
1102 5127 1165 5172 nus
1175 5109 1442 5188 jurisdictionem
1464 5110 1633 5171 insolitam
1654 5109 1820 5179 exerceat,
1840 5100 1883 5164 rel

253 5212 313 5274 riae
329 5205 553 5278 condemnari,
572 5205 679 5266 dictus
692 5204 857 5278 officialis,
872 5222 973 5283 super
985 5207 1048 5270 hoc
1102 5209 1226 5286 aliquid
1255 5207 1411 5279 vindicet,
1438 5223 1499 5268 seu
1526 5207 1688 5284 percipiat
1718 5207 1755 5266 in
1783 5201 1883 5266 eodem
1964 5243 1965 5288 q

255 5307 367 5369 audita
387 5304 532 5382 querela,
554 5303 719 5364 relaxarit
735 5303 884 5364 eamdem
909 5305 1047 5367 senten·
1102 5305 1305 5368 monasterio
1329 5305 1362 5366 et
1381 5303 1535 5365 membris
1554 5304 1660 5380 ipsius
1685 5304 1774 5364 ultra
1798 5309 1881 5378 quan

254 5406 335 5469 tiam
346 5403 386 5463 ad
400 5402 575 5472 cautelam,
590 5415 725 5461 causam
738 5415 839 5476 super
855 5399 908 5461 bis
921 5401 961 5462 de
974 5417 1049 5465 con·
1104 5405 1157 5465 sui
1180 5405 1403 5466 exercuerunt
1428 5403 1461 5463 et
1491 5402 1711 5480 perceperunt
1738 5403 1881 5462 hactenus
1941 5463 1946 5474 ι

291 5567 331 5644 (lt
350 5569 373 5628 ll
388 5567 472 5640 s'agit
485 5582 553 5624 sans
563 5566 648 5624 doute
658 5567 695 5624 du
714 5565 877 5625 monestere
887 5567 923 5626 de
938 5569 964 5627 la
977 5571 1236 5644 Piera-qni-Vira
1250 5569 1321 5628 dans
1338 5570 1600 5628 l’arrondissement
1614 5569 1649 5626 de
1663 5569 1746 5636 sens,
1761 5561 1877 5625 actualia·
1964 5555 1965 5622 t

256 5651 333 5700 ment
351 5654 454 5698 encore
470 5637 564 5696 babiti
581 5653 630 5710 par
645 5638 696 5696 des
711 5636 897 5697 benedictina.
1964 5649 1965 5668 ¹
