4066 6290
84 413 146 479 805
712 409 940 484 EPISTOLAE.
965 407 1042 470 LIB.
1066 411 1105 472 V.
1341 439 1348 456 ·
1672 413 1732 476 800

84 571 292 648 spectantem
305 571 429 634 temere
455 585 491 632 se
514 569 687 634 intrudens
702 585 776 634 eam
795 569 884 632 detl—
936 568 1111 632 Michaelis
1130 567 1173 632 ed
1189 567 1330 642 Ulmam,
1352 568 1494 631 salntem
1514 571 1547 632 et
1567 569 1732 648 apostoli-

85 670 144 732 net
172 668 367 746 occupatam
388 668 424 728 in
442 668 593 730 ecclesiae
606 667 836 749 praejudicium
851 668 884 729 et
937 667 1301 730 cambenedictionem.

84 779 280 842 gravamen.
310 766 452 842 Ideoque
477 765 669 828 discretioni
690 765 810 828 vestrae
825 779 884 842 per
979 767 1199 828 sacrosancta
1215 767 1365 828 Romana
1386 765 1536 832 Ecclesia
1551 765 1686 830 devotos
1701 767 1734 830 et

86 863 282 940 Apostolica
316 863 441 940 scripta
475 861 687 935 mandamus,
721 863 884 940 quatenus
938 861 1080 923 humiles
1096 862 1735 940 llliosexassuetopietatisolllciopro·

87 961 240 1041 partibus
275 961 465 1023 convocatis
499 961 644 1024 audiatis
680 975 827 1033 causam,
853 960 886 1021 et
939 960 1075 1036 pensius
1091 960 1231 1036 diligere
1243 961 1426 1032 consuevit,
1442 962 1485 1032 et,
1503 977 1544 1021 ne
1556 975 1734 1037 pravorum

86 1058 177 1136 quod
202 1058 400 1120 canonicum
421 1057 532 1130 suerit,
558 1057 782 1136 appellatione
794 1057 886 1134 post·
939 1055 1112 1145 hominurn
1123 1057 1285 1120 molestiis
1307 1059 1485 1133 agitentur,
1503 1073 1561 1119 eos
1578 1057 1734 1136 tanquam

87 1157 215 1234 posita,
242 1157 397 1218 statuatis
424 1155 584 1217 facientes
613 1156 698 1234 qnod
728 1155 886 1216 decreve-
939 1155 995 1232 pia
1011 1155 1119 1217 mater
1132 1171 1201 1216 snae
1216 1156 1434 1232 protectionis
1452 1155 1636 1216 munimine
1651 1171 1735 1216 con-

85 1253 163 1314 ritis
186 1268 245 1330 per
269 1269 445 1314 censuram
465 1253 725 1314 ecclesiasticam
747 1252 887 1314 tirmiter
940 1252 1063 1314 fouere.
1080 1255 1275 1330 Eapropter,
1299 1253 1413 1314 dilecti
1438 1253 1471 1314 in
1499 1254 1639 1314 Domino
1661 1252 1734 1323 lilii,

87 1350 275 1414 observari.
296 1352 412 1412 Testes
431 1353 541 1412 autem
557 1350 613 1427 qui
631 1350 764 1412 luerunt
778 1350 886 1411 nomi·
939 1350 1061 1412 vestris
1072 1351 1174 1428 justis
1190 1350 1470 1428 postulationibus
1485 1351 1579 1426 gralo
1595 1365 1737 1412 concur-

86 1447 162 1510 nau
174 1447 205 1507 si
217 1463 254 1508 se
268 1446 387 1522 gratia,
406 1447 492 1519 odio,
509 1445 561 1508 vel
577 1446 696 1508 timore
711 1445 887 1508 subtraxe-
940 1450 1052 1509 rentes
1068 1463 1220 1516 assensu,
1237 1463 1397 1525 personas
1412 1451 1542 1510 vestras
1555 1449 1588 1510 et
1602 1463 1738 1508 monas-

86 1545 159 1606 rint
184 1559 244 1621 per
271 1559 448 1606 censuram
480 1543 629 1606 eamdem
665 1543 887 1620 appellatione
940 1545 1061 1606 terium
1077 1545 1112 1608 in
1127 1561 1191 1623 quo
1206 1546 1320 1608 divino
1335 1546 1417 1610 estis
1433 1546 1591 1623 obsequio
1608 1545 1738 1606 manci-

87 1642 244 1704 cessante
266 1641 392 1718 cogatis
412 1642 546 1704 veritati
568 1641 795 1704 testimonium
810 1657 888 1718 per·
941 1643 1022 1722 pati,
1037 1658 1112 1705 cum
1122 1643 1275 1706 omuibus
1289 1643 1386 1706 bonis
1402 1660 1475 1722 quae
1490 1644 1526 1704 in
1541 1643 1739 1721 praesentia-

86 1739 219 1800 hihere.
253 1740 372 1803 ilatum
405 1739 573 1812 Laterani,
611 1741 641 1800 11
664 1754 770 1802 nonas
794 1739 885 1811 maii,
941 1740 1467 1820 rumrationabiliterpossidetiS,
1478 1741 1579 1804 autin
1590 1741 1737 1802 sutorum

86 1837 305 1914 pontificatus
320 1837 523 1899 nostrianuo
539 1837 667 1915 quinto.
938 1839 1039 1914 justis
1064 1839 1182 1911 modis,
1209 1841 1388 1916 praestante
1410 1839 1562 1907 Domino,
1585 1838 1738 1916 poteritis

943 1935 1094 2011 adipisci,
1111 1934 1172 1998 suh
1186 1935 1359 1998 beatorum
1375 1935 1466 1998 Petri
1479 1937 1512 1996 et
1527 1935 1624 1998 Pauli
1639 1950 1739 2010 apos-

366 2033 616 2122 CCCLXXIX
942 2032 1086 2094 telorum
1106 2033 1138 2095 el
1159 2033 1273 2096 nostra
1294 2033 1500 2110 protectione
1524 2033 1736 2109 suscipimus.

371 2179 377 2192 .
618 2177 648 2194 ..
945 2129 1141 2206 Specialiter
1164 2132 1275 2192 autem
1301 2130 1478 2192 ecclesiam
1495 2131 1527 2191 S.
1544 2127 1681 2191 Martini
1702 2128 1738 2190 in

225 2177 277 2240 Ad
299 2178 492 2312 mmmm·
514 2179 741 2240 M‘mme’we‘
943 2227 1184 2303 Hervelsingen
1200 2229 1233 2290 et
1246 2228 1409 2307 capellam
1426 2229 1458 2288 S.
1472 2223 1626 2298 Andreae,
1640 2226 1739 2290 sitam

385 2300 400 2356 ⁷
426 2313 494 2362 “¹³¹¹
511 2297 591 2364 ¹²²¹·
943 2325 979 2384 in
999 2324 1082 2386 ville
1104 2326 1294 2401 stozingen,
1315 2326 1349 2387 et
1368 2323 1453 2387 alias
1471 2324 1632 2386 ecclesias
1656 2339 1739 2402 quas

118 2413 301 2478 [regestum.
315 2413 347 2472 L
363 2411 436 2480 epist.
447 2413 502 2464 599·
514 2415 572 2466 llss.
589 2415 625 2464 nc
640 2414 718 2474 rece
728 2411 763 2466 ‘¹1¹
774 2413 870 2479 rnatu]
940 2423 1030 2502 juste
1045 2425 1077 2486 et
1092 2423 1230 2500 pacifice
1249 2421 1437 2500 possidetis,
1454 2421 1548 2484 vobis
1564 2423 1598 2484 et
1610 2409 1741 2484 monas·

87 2522 279 2581 Vicenariunr
292 2521 496 2580 canonicorum
511 2521 540 2578 in
553 2521 680 2596 ipsorum
700 2521 821 2580 ecclesia
834 2535 887 2579 nu·
942 2519 1029 2582 torio
1051 2520 1164 2584 vestro
1184 2520 1383 2582 auctoritate
1401 2519 1593 2597 apostolica
1617 2517 1740 2580 conflr-

123 2625 257 2680 mefflms
282 2618 365 2683 prout
387 2608 423 2668 ³¹)
446 2611 517 2682 ipsis
540 2617 569 2668 et
592 2611 727 2684 el>i⁵⁰⁰ll⁰
753 2618 890 2670 statutum
944 2633 1073 2678 mamus
1087 2618 1121 2679 et
1134 2617 1309 2696 praesentis
1323 2617 1438 2694 scripti
1452 2616 1638 2696 patrocinio
1654 2631 1740 2677 com·

123 2699 233 2768 luerat,
254 2695 421 2758 auctoritate
436 2699 591 2772 apostolica
611 2699 771 2756 confirmat.
945 2715 1123 2786 munimus,
1143 2713 1277 2792 proviso
1300 2715 1387 2792 quod
1410 2713 1445 2776 in
1467 2714 1565 2776 ,110th
1589 2713 1740 2774 ecclesiis

129 2816 314 2890 Hunccine,
330 2817 404 2890 etc„
421 2816 553 2881 dilectis
562 2815 640 2878 filiis
651 2816 797 2894 capitulo
805 2818 891 2878 Mas·
943 2828 1004 2890 por
1018 2811 1204 2874 confratres
1218 2812 1346 2873 vestros
1366 2811 1419 2874 vel
1442 2810 1588 2874 vicarios
1602 2810 1740 2873 idoneos

86 2914 236 2976 siliensi.
944 2910 1060 2971 divina
1082 2909 1155 2972 sine
1174 2908 1313 2971 alterins
1336 2907 1531 2986 praejudicio
1551 2907 1738 2970 celebretis.

128 3014 151 3074 J
155 3012 241 3074 ustis
252 3011 446 3088 petentium,
461 3011 524 3074 etc.
539 3011 772 3090 uaprcpur...
786 3027 890 3091 rusque
944 3007 1038 3072 Nulli
1062 3022 1141 3084 ergo
1165 3006 1300 3068 omnino
1328 3006 1501 3068 hominnm
1527 3005 1628 3068 liceat
1652 3005 1741 3070 hano

85 3124 246 3172 assensu.
275 3109 490 3172 vicenarium
508 3109 746 3170 canonicorum
768 3125 889 3171 nume·
945 3105 1101 3184 paginam
1122 3105 1244 3166 nostrae
1265 3101 1527 3166 confirmationis
1544 3103 1578 3166 et
1596 3117 1739 3182 conces·

85 3221 179 3279 rum,
196 3220 293 3284 quem
307 3205 509 3268 venerahilis
522 3207 625 3268 nater
634 3209 784 3270 noster...
801 3209 891 3284 epis·
945 3203 1050 3264 sionis
1063 3200 1322 3276 infringereve
1333 3199 1364 3261 ei
1374 3217 1457 3262 ausu
1468 3201 1647 3264 temerario
1660 3215 1742 3262 con-

86 3319 199 3384 copus
212 3303 334 3374 uester,
359 3301 572 3366 facultatibus
595 3304 745 3368 ecclesiae
768 3306 890 3368 vestrae
946 3301 1059 3362 traire.
1085 3300 1121 3360 Si
1140 3299 1214 3378 quis
1241 3299 1352 3362 autem
1380 3298 1443 3360 hoe
1465 3299 1629 3361 attentare
1647 3313 1740 3375 prae-

88 3401 256 3479 pensatis,
272 3400 312 3462 de
327 3415 466 3462 assensu
476 3401 587 3463 vestro
600 3400 635 3462 in
651 3417 690 3462 ea
704 3403 845 3473 taxavit,
858 3403 892 3466 et
945 3398 1133 3474 sumpserit,
1151 3395 1414 3472 indignationem
1430 3396 1665 3472 omnipotentis
1680 3396 1740 3458 Dei

88 3498 213 3562 statuit
237 3497 490 3570 observandum,
508 3501 605 3576 prout
619 3499 654 3560 in
669 3500 776 3576 ipsius
795 3501 889 3564 litte·
945 3497 979 3558 et
989 3496 1163 3558 beatorum
1175 3495 1267 3556 Petri
1280 3496 1314 3557 et
1325 3493 1422 3556 Pauli
1432 3494 1657 3570 apostolorum
1668 3497 1741 3570 ejns

85 3598 137 3658 ris
155 3596 278 3656 dicitur
301 3597 433 3672 plenius
453 3597 634 3670 contineri;
656 3597 743 3660 sicut
757 3599 891 3661 taxatus
945 3608 982 3656 se
1009 3593 1142 3656 noverit
1163 3592 1388 3657 incursurum.
1417 3585 1536 3656 Datum
1565 3591 1739 3664 Laterani,

85 3696 143 3756 est
158 3691 297 3770 provide
309 3707 348 3754 ac
364 3693 517 3761 statutus,
533 3694 732 3758 auctoritate
748 3697 892 3773 Aposto·
945 3694 989 3756 VI
999 3691 1076 3754 idus
1088 3688 1179 3761 maii,
1195 3687 1378 3766 pontificat.
1390 3688 1496 3750 nostri
1507 3703 1595 3750 anno
1611 3688 1737 3766 quinto.

86 3791 160 3852 lica
174 3789 420 3861 confirmamus,
446 3791 479 3852 et
502 3791 678 3868 praesenlis
699 3792 814 3869 scripti
829 3807 890 3869 pa-

84 3887 239 3950 trocinio
265 3885 519 3960 communimus,
541 3887 608 3950 nisi
630 3886 744 3950 forsan
764 3891 800 3950 in
814 3889 891 3952 tan-

85 3988 163 4048 tum
178 3985 390 4047 excreverint
411 3986 558 4062 ejusdem
582 3985 733 4048 ecclesiae
747 3985 891 4050 laculta-
1148 4034 1155 4045 .
1219 3935 1469 4026 CCCLXXXI

84 4086 155 4154 tes,
171 4083 258 4159 quod
274 4083 393 4143 merito
417 4081 452 4143 in
472 4098 512 4143 ea
527 4082 763 4146 canonicorum
778 4100 891 4146 nume
964 4091 1017 4156 Aa
1031 4092 1229 4168 episcopam
1242 4090 1275 4154 el
1287 4090 1476 4166 capitulum
1487 4087 1718 4151 Placentinos.

85 4197 152 4241 rus
185 4178 304 4240 debeat
337 4179 514 4254 adaugeri,
553 4179 752 4243 auctoritate
794 4181 889 4244 Sedis
1238 4219 1435 4280 mmmm,

84 4277 293 4356 apostolicas
316 4291 447 4353 semper
470 4278 574 4338 salva.
595 4278 690 4338 Nulli
709 4281 888 4355 ergo,etc.,
1078 4346 1083 4358 ,
1142 4346 1148 4360 ,
1327 4343 1333 4356 ,
1439 4261 1446 4276 ’

85 4377 219 4438 nostrae
241 4373 502 4438 confirmationis
523 4373 719 4452 infringere.
751 4377 787 4440 Si
815 4377 889 4454 quis
1042 4339 1644 4412 ffi'p⁰¹¹¹’¹³¹¹¹¹'Pmd¹⁶²²⁰m¹¹¹'¹’¹⁵‘¹¹‘²⁵‘]

85 4475 218 4543 autern,
242 4471 305 4534 etc.
332 4472 450 4534 Datum
474 4471 642 4544 Laterani,
672 4473 771 4537 nonis
794 4474 887 4546 maii,
998 4465 1112 4522 Fratres
1126 4454 1331 4520 Proedisstwress
1347 4457 1530 4518 ⁰01ssffl⁰ssd⁸t
1548 4457 1686 4532 el21³⁰⁰ll0

86 4569 307 4648 pontificatus
322 4569 428 4630 nostri
440 4583 528 4631 auno
542 4570 668 4647 quinto.
1160 4557 1190 4608 et
1203 4545 1328 4621 capitulo
1342 4546 1520 4604 Placentino.

983 4669 1150 4732 Honorius
1160 4663 1347 4745 episcopus,
1360 4679 1476 4726 seruus
1487 4677 1659 4726 servorum
1667 4663 1739 4733 Dei,

380 4765 609 4854 GCGLXXX
727 4841 730 4846 ¹
945 4768 1076 4830 dilectis
1099 4765 1177 4828 liliis
1202 4763 1357 4840 episcopo
1377 4764 1410 4823 et
1428 4760 1573 4838 capitulo
1594 4761 1740 4823 Placen-

944 4866 1026 4938 tino,
1037 4864 1178 4926 salutem
1188 4861 1220 4922 et
1230 4859 1447 4942 apostolicam
1462 4856 1738 4920 benedictionem.

984 4961 1225 5024 Discretionem
1251 4958 1398 5019 vestram
1421 4971 1590 5032 rogamus,
1619 4969 1738 5016 mone-

945 5076 1029 5133 mus,
1046 5059 1079 5121 et
1093 5057 1310 5120 exhortamur
1322 5053 1493 5125 attentius,
1509 5055 1673 5130 quatenus
1688 5052 1741 5112 di-

122 4911 182 4972 Ad
198 4908 428 4985 praepositum
453 4909 487 4971 el
508 4910 713 4972 collocatum
733 4913 852 4974 senec

295 5009 472 5070 Michaelis
486 5009 531 5070 ud
546 5009 690 5070 [damna.

392 5127 597 5192 ¹⁰m³¹i¹²²¹·
946 5159 1049 5222 lectos
1080 5155 1185 5226 lilios,
1214 5152 1335 5216 tratres
1374 5149 1630 5222 Praedicatores,
1662 5149 1738 5226 qui,

121 5241 388 5312 [wirtembergisches
399 5244 612 5304 ufkundennuen,
626 5245 669 5305 111,
684 5246 738 5306 ¹²³.
752 5261 778 5298 1¹·
791 5245 859 5312 ⁶⁴⁹]
946 5255 1060 5320 saeculi
1074 5251 1277 5316 vanitatibus
1290 5249 1463 5318 abdicatis,
1476 5247 1669 5310 obtuleruut
1678 5249 1741 5308 Do·

85 5356 274 5416 conremnm
290 5350 318 5408 S.
330 5349 478 5408 llichoelis
492 5350 528 5408 ad
540 5352 652 5410 Ulmam
667 5352 720 5410 snb
730 5353 806 5412 beati
816 5353 891 5412 Petri
946 5354 1036 5416 mino
1051 5353 1086 5413 iu
1101 5349 1209 5411 laudis
1227 5347 1429 5410 sacrificinm
1444 5343 1651 5420 semetipsos,
1668 5345 1741 5421 pie-

127 5447 159 5500 el
173 5453 226 5498 ⁸¹1⁰
242 5440 418 5512 llf⁰²0⁰²¹⁰l¹e
430 5441 557 5514 suscipit,
574 5447 659 5513 illue
669 5443 696 5499 ei
709 5442 815 5515 aliquot
827 5448 909 5516 9⁰³³
945 5451 1023 5516 tatis
1038 5449 1173 5518 intuitu,
1188 5459 1390 5524 precumque
1405 5444 1594 5504 nostrarum
1611 5441 1738 5512 obtutu,

126 5527 450 5588 ⁸0⁵³i⁰⁰²⁸⁰⁰⁰fllm⁰¹·
947 5548 1073 5612 habere
1109 5542 1293 5624 dignemini
1327 5540 1440 5604 taliter
1477 5540 1766 5608 commendatos·

133 5643 307 5708 Honorius
317 5644 503 5724 episcopus,
513 5662 629 5710 servus
639 5663 811 5726 seruorum
820 5649 890 5718 Dei,
947 5646 1033 5725 qrrod
1059 5644 1161 5706 iidem
1190 5656 1306 5718 preces
1331 5640 1462 5700 nostras
1486 5637 1574 5714 apud
1594 5651 1654 5698 vos
1676 5635 1742 5697 sibi

87 5741 230 5808 dilectis
245 5741 324 5807 liliis
338 5743 515 5820 preposito
532 5745 566 5806 et
584 5746 763 5806 conventui
779 5747 893 5808 Sancti
948 5744 1093 5805 sentiant
1108 5741 1308 5810 fructuosae,
1324 5738 1357 5797 et
1369 5751 1430 5797 nos
1442 5735 1650 5796 devotionem
1665 5751 1743 5794 ues-
