<?xml version="1.0" encoding="UTF-8"?>
<!DOCTYPE html PUBLIC "-//W3C//DTD XHTML 1.0 Transitional//EN"
    "http://www.w3.org/TR/xhtml1/DTD/xhtml1-transitional.dtd">
<html xmlns="http://www.w3.org/1999/xhtml" xml:lang="en" lang="en">
 <head>
  <title>
</title>
<meta http-equiv="Content-Type" content="text/html;charset=utf-8" />
  <meta name='ocr-system' content='tesseract 3.04.00' />
  <meta name='ocr-capabilities' content='ocr_page ocr_carea ocr_par ocr_line ocrx_word'/>
</head>
<body>
  <div class='ocr_page' id='page_1' title='image "./mediiaevibiblio01bottgoog_0323.png"; bbox 0 0 3952 6350; ppageno 0'>
   <div class='ocr_carea' id='block_1_1' title="bbox 277 355 1903 426">
    <p class='ocr_par' dir='ltr' id='par_1_1' title="bbox 277 355 1903 426">
     <span class='ocr_line' id='line_1_1' title="bbox 277 355 1903 426; baseline 0.006 -12"><span class='ocrx_word' id='word_1_1' title='bbox 277 355 337 416; x_wconf 79' lang='lat' dir='ltr'>ote</span> <span class='ocrx_word' id='word_1_2' title='bbox 888 361 1062 424; x_wconf 72' lang='lat' dir='ltr'>bionoldi</span> <span class='ocrx_word' id='word_1_3' title='bbox 1085 362 1130 422; x_wconf 87' lang='lat'>111</span> <span class='ocrx_word' id='word_1_4' title='bbox 1152 363 1299 426; x_wconf 84' lang='lat' dir='ltr'>OPERA.</span> <span class='ocrx_word' id='word_1_5' title='bbox 1852 363 1903 426; x_wconf 72' lang='grc'>620</span> 
     </span>
    </p>
   </div>
   <div class='ocr_carea' id='block_1_2' title="bbox 203 516 1969 2646">
    <p class='ocr_par' dir='ltr' id='par_1_2' title="bbox 203 516 1969 2646">
     <span class='ocr_line' id='line_1_2' title="bbox 278 516 1903 597; baseline 0.005 -21"><span class='ocrx_word' id='word_1_6' title='bbox 278 516 345 592; x_wconf 91' lang='lat' dir='ltr'>gat,</span> <span class='ocrx_word' id='word_1_7' title='bbox 363 517 396 579; x_wconf 88' lang='lat' dir='ltr'>et</span> <span class='ocrx_word' id='word_1_8' title='bbox 418 531 513 588; x_wconf 87' lang='lat' dir='ltr'>onus,</span> <span class='ocrx_word' id='word_1_9' title='bbox 530 519 584 580; x_wconf 91' lang='lat' dir='ltr'>cui</span> <span class='ocrx_word' id='word_1_10' title='bbox 610 533 676 580; x_wconf 89' lang='lat' dir='ltr'>una</span> <span class='ocrx_word' id='word_1_11' title='bbox 697 519 812 580; x_wconf 77' lang='lat' dir='ltr'>cervix</span> <span class='ocrx_word' id='word_1_12' title='bbox 831 519 1070 590; x_wconf 80' lang='lat' dir='ltr'><strong>succumberet,</strong></span> <span class='ocrx_word' id='word_1_13' title='bbox 1127 521 1197 592; x_wconf 87' lang='lat' dir='ltr'>Dei,</span> <span class='ocrx_word' id='word_1_14' title='bbox 1210 519 1385 582; x_wconf 88' lang='lat' dir='ltr'>carissimo</span> <span class='ocrx_word' id='word_1_15' title='bbox 1401 522 1436 584; x_wconf 94' lang='lat' dir='ltr'>in</span> <span class='ocrx_word' id='word_1_16' title='bbox 1451 521 1582 584; x_wconf 84' lang='lat' dir='ltr'>Christo</span> <span class='ocrx_word' id='word_1_17' title='bbox 1598 521 1702 584; x_wconf 89' lang='lat' dir='ltr'>tillo...</span> <span class='ocrx_word' id='word_1_18' title='bbox 1717 519 1788 597; x_wconf 86' lang='lat' dir='ltr'>regi</span> <span class='ocrx_word' id='word_1_19' title='bbox 1799 522 1903 584; x_wconf 75' lang='lat' dir='ltr'>Stella</span> 
     </span>
     <span class='ocr_line' id='line_1_3' title="bbox 278 614 1501 702; baseline 0.007 -30"><span class='ocrx_word' id='word_1_20' title='bbox 278 614 459 690; x_wconf 83' lang='lat' dir='ltr'>suppositis</span> <span class='ocrx_word' id='word_1_21' title='bbox 480 615 657 676; x_wconf 89' lang='lat' dir='ltr'>multorum</span> <span class='ocrx_word' id='word_1_22' title='bbox 672 615 857 677; x_wconf 83' lang='lat' dir='ltr'>cervicibus</span> <span class='ocrx_word' id='word_1_23' title='bbox 881 617 957 702; x_wconf 84' lang='lat' dir='ltr'>sine</span> <span class='ocrx_word' id='word_1_24' title='bbox 977 618 1072 693; x_wconf 87' lang='lat' dir='ltr'>gravi</span> <span class='ocrx_word' id='word_1_25' title='bbox 1126 617 1261 691; x_wconf 83' lang='lat' dir='ltr'>illustri,</span> <span class='ocrx_word' id='word_1_26' title='bbox 1274 618 1426 693; x_wconf 81' lang='lat' dir='ltr'>salutent,</span> <span class='ocrx_word' id='word_1_27' title='bbox 1438 621 1501 682; x_wconf 88' lang='lat' dir='ltr'>etc.</span> 
     </span>
     <span class='ocr_line' id='line_1_4' title="bbox 279 703 1903 793; baseline 0.004 -23"><span class='ocrx_word' id='word_1_28' title='bbox 279 713 474 788; x_wconf 89' lang='lat' dir='ltr'>cujusquam</span> <span class='ocrx_word' id='word_1_29' title='bbox 502 712 639 774; x_wconf 88' lang='lat' dir='ltr'>laesione</span> <span class='ocrx_word' id='word_1_30' title='bbox 664 713 801 775; x_wconf 86' lang='lat' dir='ltr'>teratur.</span> <span class='ocrx_word' id='word_1_31' title='bbox 831 714 980 776; x_wconf 80' lang='lat' dir='ltr'>scientes</span> <span class='ocrx_word' id='word_1_32' title='bbox 1012 731 1072 786; x_wconf 87' lang='lat' dir='ltr'>noe</span> <span class='ocrx_word' id='word_1_33' title='bbox 1167 717 1251 778; x_wconf 80' lang='lat' dir='ltr'>Eece</span> <span class='ocrx_word' id='word_1_34' title='bbox 1275 717 1372 793; x_wconf 78' lang='lat' dir='ltr'>juxta</span> <span class='ocrx_word' id='word_1_35' title='bbox 1401 703 1536 793; x_wconf 88' lang='lat' dir='ltr'>pre&#39;cum</span> <span class='ocrx_word' id='word_1_36' title='bbox 1568 709 1703 778; x_wconf 64' lang='lat' dir='ltr'>tuarum</span> <span class='ocrx_word' id='word_1_37' title='bbox 1729 715 1903 778; x_wconf 73' lang='lat' dir='ltr'>instantiam</span> 
     </span>
     <span class='ocr_line' id='line_1_5' title="bbox 278 808 1902 889; baseline 0.004 -22"><span class='ocrx_word' id='word_1_38' title='bbox 278 808 408 871; x_wconf 88' lang='lat' dir='ltr'>dilectis</span> <span class='ocrx_word' id='word_1_39' title='bbox 424 810 542 870; x_wconf 85' lang='lat' dir='ltr'>liliis...</span> <span class='ocrx_word' id='word_1_40' title='bbox 560 813 700 872; x_wconf 78' lang='lat' dir='ltr'>[lernen.</span> <span class='ocrx_word' id='word_1_41' title='bbox 717 811 924 882; x_wconf 87' lang='lat' dir='ltr'>monasterii,</span> <span class='ocrx_word' id='word_1_42' title='bbox 942 813 975 873; x_wconf 91' lang='lat' dir='ltr'>et</span> <span class='ocrx_word' id='word_1_43' title='bbox 989 812 1072 873; x_wconf 90' lang='lat' dir='ltr'>Belli</span> <span class='ocrx_word' id='word_1_44' title='bbox 1127 814 1160 874; x_wconf 91' lang='lat' dir='ltr'>et</span> <span class='ocrx_word' id='word_1_45' title='bbox 1182 813 1436 889; x_wconf 76' lang='lat' dir='ltr'>promissionem</span> <span class='ocrx_word' id='word_1_46' title='bbox 1462 814 1622 886; x_wconf 89' lang='lat' dir='ltr'>nostram,</span> <span class='ocrx_word' id='word_1_47' title='bbox 1642 813 1792 874; x_wconf 84' lang='lat' dir='ltr'>misimus</span> <span class='ocrx_word' id='word_1_48' title='bbox 1816 813 1853 872; x_wconf 91' lang='lat' dir='ltr'>ad</span> <span class='ocrx_word' id='word_1_49' title='bbox 1877 816 1902 874; x_wconf 90' lang='lat' dir='ltr'>te</span> 
     </span>
     <span class='ocr_line' id='line_1_6' title="bbox 282 905 1903 986; baseline 0.002 -19"><span class='ocrx_word' id='word_1_50' title='bbox 282 907 360 967; x_wconf 89' lang='lat' dir='ltr'>Loci</span> <span class='ocrx_word' id='word_1_51' title='bbox 372 905 545 968; x_wconf 84' lang='lat' dir='ltr'>abbatibus</span> <span class='ocrx_word' id='word_1_52' title='bbox 558 911 591 969; x_wconf 91' lang='lat' dir='ltr'>et</span> <span class='ocrx_word' id='word_1_53' title='bbox 602 909 705 984; x_wconf 92' lang='lat' dir='ltr'>priori</span> <span class='ocrx_word' id='word_1_54' title='bbox 716 909 1070 982; x_wconf 88' lang='lat' dir='ltr'>Derven.monasterii,</span> <span class='ocrx_word' id='word_1_55' title='bbox 1127 909 1282 971; x_wconf 92' lang='lat' dir='ltr'>dilectum</span> <span class='ocrx_word' id='word_1_56' title='bbox 1297 909 1401 972; x_wconf 89' lang='lat' dir='ltr'>tilium</span> <span class='ocrx_word' id='word_1_57' title='bbox 1413 911 1562 972; x_wconf 89' lang='lat' dir='ltr'>nostrum</span> <span class='ocrx_word' id='word_1_58' title='bbox 1573 911 1769 986; x_wconf 81' lang='lat' dir='ltr'>eregorium</span> <span class='ocrx_word' id='word_1_59' title='bbox 1779 909 1817 970; x_wconf 92' lang='lat' dir='ltr'>de</span> <span class='ocrx_word' id='word_1_60' title='bbox 1827 911 1903 970; x_wconf 81' lang='lat' dir='ltr'>Cres</span> 
     </span>
     <span class='ocr_line' id='line_1_7' title="bbox 277 1005 1903 1078; baseline 0 -10"><span class='ocrx_word' id='word_1_61' title='bbox 277 1007 414 1068; x_wconf 73' lang='lat' dir='ltr'>trecen.</span> <span class='ocrx_word' id='word_1_62' title='bbox 435 1009 467 1068; x_wconf 87' lang='lat' dir='ltr'>et</span> <span class='ocrx_word' id='word_1_63' title='bbox 487 1006 702 1070; x_wconf 81' lang='lat' dir='ltr'>catalaunen.</span> <span class='ocrx_word' id='word_1_64' title='bbox 720 1006 910 1078; x_wconf 87' lang='lat' dir='ltr'>dioecesum,</span> <span class='ocrx_word' id='word_1_65' title='bbox 928 1005 1071 1068; x_wconf 87' lang='lat' dir='ltr'>manda·</span> <span class='ocrx_word' id='word_1_66' title='bbox 1127 1008 1235 1068; x_wconf 91' lang='lat' dir='ltr'>centio</span> <span class='ocrx_word' id='word_1_67' title='bbox 1252 1009 1365 1070; x_wconf 85' lang='lat' dir='ltr'>Sancti</span> <span class='ocrx_word' id='word_1_68' title='bbox 1382 1008 1549 1070; x_wconf 86' lang='lat' dir='ltr'>Theodori</span> <span class='ocrx_word' id='word_1_69' title='bbox 1567 1009 1744 1070; x_wconf 90' lang='lat' dir='ltr'>diaconum</span> <span class='ocrx_word' id='word_1_70' title='bbox 1766 1007 1903 1068; x_wconf 89' lang='lat' dir='ltr'>cardina-</span> 
     </span>
     <span class='ocr_line' id='line_1_8' title="bbox 278 1102 1902 1182; baseline 0.001 -20"><span class='ocrx_word' id='word_1_71' title='bbox 278 1102 377 1174; x_wconf 88' lang='lat' dir='ltr'>visse,</span> <span class='ocrx_word' id='word_1_72' title='bbox 391 1105 426 1164; x_wconf 91' lang='lat' dir='ltr'>ut</span> <span class='ocrx_word' id='word_1_73' title='bbox 439 1102 467 1164; x_wconf 92' lang='lat' dir='ltr'>si</span> <span class='ocrx_word' id='word_1_74' title='bbox 481 1103 548 1180; x_wconf 89' lang='lat' dir='ltr'>qui,</span> <span class='ocrx_word' id='word_1_75' title='bbox 561 1103 646 1182; x_wconf 89' lang='lat' dir='ltr'>quod</span> <span class='ocrx_word' id='word_1_76' title='bbox 661 1117 726 1166; x_wconf 93' lang='lat' dir='ltr'>non</span> <span class='ocrx_word' id='word_1_77' title='bbox 737 1103 913 1176; x_wconf 88' lang='lat' dir='ltr'>credimus,</span> <span class='ocrx_word' id='word_1_78' title='bbox 923 1105 1071 1180; x_wconf 83' lang='lat' dir='ltr'>exceptis</span> <span class='ocrx_word' id='word_1_79' title='bbox 1127 1104 1202 1176; x_wconf 91' lang='lat' dir='ltr'>lem,</span> <span class='ocrx_word' id='word_1_80' title='bbox 1212 1105 1410 1182; x_wconf 70' lang='lat' dir='ltr'>spostolicae</span> <span class='ocrx_word' id='word_1_81' title='bbox 1420 1104 1515 1167; x_wconf 85' lang='lat' dir='ltr'>Sedis</span> <span class='ocrx_word' id='word_1_82' title='bbox 1525 1105 1681 1181; x_wconf 90' lang='lat' dir='ltr'>legatum,</span> <span class='ocrx_word' id='word_1_83' title='bbox 1690 1105 1798 1165; x_wconf 83' lang='lat' dir='ltr'>virum</span> <span class='ocrx_word' id='word_1_84' title='bbox 1807 1104 1902 1180; x_wconf 80' lang='lat' dir='ltr'>unque</span> 
     </span>
     <span class='ocr_line' id='line_1_9' title="bbox 278 1201 1903 1279; baseline 0 -17"><span class='ocrx_word' id='word_1_85' title='bbox 278 1201 451 1277; x_wconf 88' lang='lat' dir='ltr'>exemptis,</span> <span class='ocrx_word' id='word_1_86' title='bbox 477 1201 720 1277; x_wconf 79' lang='lat' dir='ltr'>contingentem</span> <span class='ocrx_word' id='word_1_87' title='bbox 745 1202 919 1264; x_wconf 91' lang='lat' dir='ltr'>renuerint</span> <span class='ocrx_word' id='word_1_88' title='bbox 942 1201 1071 1264; x_wconf 83' lang='lat' dir='ltr'>solvere</span> <span class='ocrx_word' id='word_1_89' title='bbox 1126 1201 1301 1279; x_wconf 89' lang='lat' dir='ltr'>prudentia</span> <span class='ocrx_word' id='word_1_90' title='bbox 1329 1205 1362 1265; x_wconf 92' lang='lat' dir='ltr'>et</span> <span class='ocrx_word' id='word_1_91' title='bbox 1389 1201 1816 1278; x_wconf 80' lang='lat' dir='ltr'>honestateconspieuum,</span> <span class='ocrx_word' id='word_1_92' title='bbox 1841 1203 1903 1262; x_wconf 90' lang='lat' dir='ltr'>eta</span> 
     </span>
     <span class='ocr_line' id='line_1_10' title="bbox 277 1298 1904 1376; baseline -0.001 -17"><span class='ocrx_word' id='word_1_93' title='bbox 277 1298 473 1374; x_wconf 90' lang='lat' dir='ltr'>portionem,</span> <span class='ocrx_word' id='word_1_94' title='bbox 503 1299 575 1376; x_wconf 92' lang='lat' dir='ltr'>ipse</span> <span class='ocrx_word' id='word_1_95' title='bbox 600 1314 658 1360; x_wconf 92' lang='lat' dir='ltr'>eos</span> <span class='ocrx_word' id='word_1_96' title='bbox 684 1298 726 1360; x_wconf 90' lang='lat' dir='ltr'>ad</span> <span class='ocrx_word' id='word_1_97' title='bbox 755 1299 789 1359; x_wconf 89' lang='lat' dir='ltr'>id</span> <span class='ocrx_word' id='word_1_98' title='bbox 818 1313 1071 1375; x_wconf 87' lang='lat' dir='ltr'>percensuram</span> <span class='ocrx_word' id='word_1_99' title='bbox 1126 1298 1233 1370; x_wconf 90' lang='lat' dir='ltr'>nobis,</span> <span class='ocrx_word' id='word_1_100' title='bbox 1248 1300 1337 1362; x_wconf 91' lang='lat' dir='ltr'>inter</span> <span class='ocrx_word' id='word_1_101' title='bbox 1357 1301 1442 1363; x_wconf 91' lang='lat' dir='ltr'>alios</span> <span class='ocrx_word' id='word_1_102' title='bbox 1458 1299 1578 1362; x_wconf 86' lang='lat' dir='ltr'>iratres</span> <span class='ocrx_word' id='word_1_103' title='bbox 1600 1301 1745 1370; x_wconf 88' lang='lat' dir='ltr'>nostros,</span> <span class='ocrx_word' id='word_1_104' title='bbox 1762 1298 1830 1358; x_wconf 87' lang='lat' dir='ltr'>suis</span> <span class='ocrx_word' id='word_1_105' title='bbox 1843 1298 1904 1358; x_wconf 85' lang='lat' dir='ltr'>exi·</span> 
     </span>
     <span class='ocr_line' id='line_1_11' title="bbox 278 1395 1903 1474; baseline 0 -19"><span class='ocrx_word' id='word_1_106' title='bbox 278 1395 550 1469; x_wconf 87' lang='lat' dir='ltr'>ecclesiasticam,</span> <span class='ocrx_word' id='word_1_107' title='bbox 578 1396 800 1474; x_wconf 81' lang='lat' dir='ltr'>appellatione</span> <span class='ocrx_word' id='word_1_108' title='bbox 823 1397 962 1467; x_wconf 90' lang='lat' dir='ltr'>remota,</span> <span class='ocrx_word' id='word_1_109' title='bbox 976 1411 1071 1458; x_wconf 90' lang='lat' dir='ltr'>eom·</span> <span class='ocrx_word' id='word_1_110' title='bbox 1125 1397 1903 1473; x_wconf 87' lang='lat' dir='ltr'>gentibusmeritis,specialitercarum,eoncesso</span> 
     </span>
     <span class='ocr_line' id='line_1_12' title="bbox 278 1492 1906 1572; baseline -0.001 -18"><span class='ocrx_word' id='word_1_111' title='bbox 278 1492 390 1570; x_wconf 87' lang='lat' dir='ltr'>pellat.</span> <span class='ocrx_word' id='word_1_112' title='bbox 407 1495 526 1556; x_wconf 88' lang='lat' dir='ltr'>batum</span> <span class='ocrx_word' id='word_1_113' title='bbox 545 1494 703 1556; x_wconf 85' lang='lat' dir='ltr'>Laterani</span> <span class='ocrx_word' id='word_1_114' title='bbox 718 1495 762 1556; x_wconf 85' lang='lat' dir='ltr'>IX</span> <span class='ocrx_word' id='word_1_115' title='bbox 777 1493 909 1556; x_wconf 86' lang='lat' dir='ltr'>kalend.</span> <span class='ocrx_word' id='word_1_116' title='bbox 922 1495 1071 1572; x_wconf 84' lang='lat' dir='ltr'>januarii</span> <span class='ocrx_word' id='word_1_117' title='bbox 1126 1493 1188 1554; x_wconf 90' lang='lat' dir='ltr'>sibi</span> <span class='ocrx_word' id='word_1_118' title='bbox 1212 1493 1310 1570; x_wconf 90' lang='lat' dir='ltr'>plene</span> <span class='ocrx_word' id='word_1_119' title='bbox 1329 1494 1506 1570; x_wconf 77' lang='lat' dir='ltr'>legationis</span> <span class='ocrx_word' id='word_1_120' title='bbox 1521 1493 1631 1556; x_wconf 84' lang='lat' dir='ltr'>officio</span> <span class='ocrx_word' id='word_1_121' title='bbox 1646 1509 1706 1570; x_wconf 91' lang='lat' dir='ltr'>per</span> <span class='ocrx_word' id='word_1_122' title='bbox 1722 1507 1835 1554; x_wconf 89' lang='lat' dir='ltr'>omnes</span> <span class='ocrx_word' id='word_1_123' title='bbox 1847 1493 1906 1553; x_wconf 89' lang='lat' dir='ltr'>ter-</span> 
     </span>
     <span class='ocr_line' id='line_1_13' title="bbox 278 1589 1905 1670; baseline -0.002 -18"><span class='ocrx_word' id='word_1_124' title='bbox 278 1591 489 1668; x_wconf 86' lang='lat' dir='ltr'>pontidoatus</span> <span class='ocrx_word' id='word_1_125' title='bbox 505 1593 610 1654; x_wconf 90' lang='lat' dir='ltr'>nostri</span> <span class='ocrx_word' id='word_1_126' title='bbox 625 1607 712 1654; x_wconf 88' lang='lat' dir='ltr'>enno</span> <span class='ocrx_word' id='word_1_127' title='bbox 727 1592 852 1670; x_wconf 87' lang='lat' dir='ltr'>quinto.</span> <span class='ocrx_word' id='word_1_128' title='bbox 1126 1605 1193 1662; x_wconf 89' lang='lat' dir='ltr'>ras,</span> <span class='ocrx_word' id='word_1_129' title='bbox 1210 1607 1283 1668; x_wconf 89' lang='lat' dir='ltr'>quae</span> <span class='ocrx_word' id='word_1_130' title='bbox 1294 1593 1359 1654; x_wconf 84' lang='lat' dir='ltr'>tuae</span> <span class='ocrx_word' id='word_1_131' title='bbox 1368 1591 1614 1669; x_wconf 87' lang='lat' dir='ltr'>jurisdictionis</span> <span class='ocrx_word' id='word_1_132' title='bbox 1631 1589 1792 1662; x_wconf 83' lang='lat' dir='ltr'>existunt,</span> <span class='ocrx_word' id='word_1_133' title='bbox 1807 1593 1842 1651; x_wconf 91' lang='lat' dir='ltr'>ut</span> <span class='ocrx_word' id='word_1_134' title='bbox 1856 1603 1905 1650; x_wconf 82' lang='lat' dir='ltr'>ex-</span> 
     </span>
     <span class='ocr_line' id='line_1_14' title="bbox 315 1687 1906 1766; baseline 0 -18"><span class='ocrx_word' id='word_1_135' title='bbox 315 1688 490 1762; x_wconf 74' lang='lat' dir='ltr'>scriptum</span> <span class='ocrx_word' id='word_1_136' title='bbox 505 1689 670 1764; x_wconf 82' lang='lat' dir='ltr'>estsuper</span> <span class='ocrx_word' id='word_1_137' title='bbox 684 1688 882 1750; x_wconf 89' lang='lat' dir='ltr'>hoceisdem</span> <span class='ocrx_word' id='word_1_138' title='bbox 897 1687 1071 1750; x_wconf 88' lang='lat' dir='ltr'>abbatibus</span> <span class='ocrx_word' id='word_1_139' title='bbox 1125 1687 1225 1764; x_wconf 89' lang='lat' dir='ltr'>tirpet</span> <span class='ocrx_word' id='word_1_140' title='bbox 1251 1690 1388 1761; x_wconf 87' lang='lat' dir='ltr'>nociva,</span> <span class='ocrx_word' id='word_1_141' title='bbox 1414 1691 1448 1750; x_wconf 91' lang='lat' dir='ltr'>et</span> <span class='ocrx_word' id='word_1_142' title='bbox 1476 1689 1603 1766; x_wconf 87' lang='lat' dir='ltr'>plantet</span> <span class='ocrx_word' id='word_1_143' title='bbox 1633 1687 1802 1758; x_wconf 84' lang='lat' dir='ltr'>salubria,</span> <span class='ocrx_word' id='word_1_144' title='bbox 1823 1688 1906 1764; x_wconf 85' lang='lat' dir='ltr'>prout</span> 
     </span>
     <span class='ocr_line' id='line_1_15' title="bbox 275 1784 1906 1875; baseline -0.001 -31"><span class='ocrx_word' id='word_1_145' title='bbox 275 1786 309 1846; x_wconf 89' lang='lat' dir='ltr'>et</span> <span class='ocrx_word' id='word_1_146' title='bbox 322 1784 476 1875; x_wconf 71' lang='lat' dir='ltr'>prierint</span> <span class='ocrx_word' id='word_1_147' title='bbox 499 1800 610 1862; x_wconf 91' lang='lat' dir='ltr'>supra,</span> <span class='ocrx_word' id='word_1_148' title='bbox 627 1786 662 1846; x_wconf 91' lang='lat' dir='ltr'>in</span> <span class='ocrx_word' id='word_1_149' title='bbox 675 1786 825 1848; x_wconf 88' lang='lat' dir='ltr'>eumdem</span> <span class='ocrx_word' id='word_1_150' title='bbox 842 1786 1070 1856; x_wconf 74' lang='lat' dir='ltr'>ieremodum</span> <span class='ocrx_word' id='word_1_151' title='bbox 1126 1802 1274 1864; x_wconf 81' lang='lat' dir='ltr'>quaequae</span> <span class='ocrx_word' id='word_1_152' title='bbox 1298 1787 1480 1848; x_wconf 88' lang='lat' dir='ltr'>secundum</span> <span class='ocrx_word' id='word_1_153' title='bbox 1502 1786 1612 1847; x_wconf 90' lang='lat' dir='ltr'>datam</span> <span class='ocrx_word' id='word_1_154' title='bbox 1632 1785 1696 1846; x_wconf 88' lang='lat' dir='ltr'>sibi</span> <span class='ocrx_word' id='word_1_155' title='bbox 1716 1801 1735 1846; x_wconf 91' lang='lat' dir='ltr'>a</span> <span class='ocrx_word' id='word_1_156' title='bbox 1758 1788 1824 1846; x_wconf 87' lang='lat' dir='ltr'>Deo</span> <span class='ocrx_word' id='word_1_157' title='bbox 1838 1801 1906 1861; x_wconf 90' lang='lat' dir='ltr'>pru·</span> 
     </span>
     <span class='ocr_line' id='line_1_16' title="bbox 254 1867 1906 1964; baseline -0.002 -20"><span class='ocrx_word' id='word_1_158' title='bbox 254 1881 388 1964; x_wconf 39' lang='lat' dir='ltr'>,verbis</span> <span class='ocrx_word' id='word_1_159' title='bbox 404 1886 629 1960; x_wconf 85' lang='lat' dir='ltr'>competenter</span> <span class='ocrx_word' id='word_1_160' title='bbox 650 1885 796 1956; x_wconf 90' lang='lat' dir='ltr'>mutatis,</span> <span class='ocrx_word' id='word_1_161' title='bbox 813 1900 919 1960; x_wconf 78' lang='lat' dir='ltr'>osque</span> <span class='ocrx_word' id='word_1_162' title='bbox 934 1885 1072 1946; x_wconf 88' lang='lat' dir='ltr'>laesione</span> <span class='ocrx_word' id='word_1_163' title='bbox 1126 1882 1273 1946; x_wconf 88' lang='lat' dir='ltr'>dentiam</span> <span class='ocrx_word' id='word_1_164' title='bbox 1292 1867 1414 1946; x_wconf 82' lang='lat' dir='ltr'>viderit</span> <span class='ocrx_word' id='word_1_165' title='bbox 1436 1883 1602 1945; x_wconf 85' lang='lat' dir='ltr'>iacienda.</span> <span class='ocrx_word' id='word_1_166' title='bbox 1627 1885 1796 1960; x_wconf 84' lang='lat' dir='ltr'>Rogamus</span> <span class='ocrx_word' id='word_1_167' title='bbox 1820 1883 1906 1958; x_wconf 85' lang='lat' dir='ltr'>igitur</span> 
     </span>
     <span class='ocr_line' id='line_1_17' title="bbox 276 1970 1905 2059; baseline -0.001 -19"><span class='ocrx_word' id='word_1_168' title='bbox 276 1979 414 2040; x_wconf 81' lang='lat' dir='ltr'>feratur.</span> <span class='ocrx_word' id='word_1_169' title='bbox 445 1982 606 2053; x_wconf 87' lang='lat' dir='ltr'>Quocirca</span> <span class='ocrx_word' id='word_1_170' title='bbox 639 1981 833 2044; x_wconf 87' lang='lat' dir='ltr'>discretioni</span> <span class='ocrx_word' id='word_1_171' title='bbox 861 1983 984 2044; x_wconf 81' lang='lat' dir='ltr'>vestrae</span> <span class='ocrx_word' id='word_1_172' title='bbox 1013 1997 1072 2059; x_wconf 90' lang='lat' dir='ltr'>per</span> <span class='ocrx_word' id='word_1_173' title='bbox 1127 1970 1254 2057; x_wconf 86' lang='lat' dir='ltr'>regiam</span> <span class='ocrx_word' id='word_1_174' title='bbox 1266 1981 1515 2052; x_wconf 86' lang='lat' dir='ltr'>celsitudinem,</span> <span class='ocrx_word' id='word_1_175' title='bbox 1528 1983 1690 2058; x_wconf 87' lang='lat' dir='ltr'>quatenus</span> <span class='ocrx_word' id='word_1_176' title='bbox 1706 1980 1826 2058; x_wconf 86' lang='lat' dir='ltr'>ipsum,</span> <span class='ocrx_word' id='word_1_177' title='bbox 1840 1981 1905 2056; x_wconf 88' lang='lat' dir='ltr'>qui-</span> 
     </span>
     <span class='ocr_line' id='line_1_18' title="bbox 275 2077 1904 2158; baseline -0.001 -20"><span class='ocrx_word' id='word_1_178' title='bbox 275 2079 465 2153; x_wconf 83' lang='lat' dir='ltr'>Apostolica</span> <span class='ocrx_word' id='word_1_179' title='bbox 486 2080 609 2158; x_wconf 89' lang='lat' dir='ltr'>scripta</span> <span class='ocrx_word' id='word_1_180' title='bbox 633 2079 840 2151; x_wconf 87' lang='lat' dir='ltr'>mandamus,</span> <span class='ocrx_word' id='word_1_181' title='bbox 863 2083 1027 2156; x_wconf 87' lang='lat' dir='ltr'>quatenus</span> <span class='ocrx_word' id='word_1_182' title='bbox 1042 2079 1071 2140; x_wconf 89' lang='lat' dir='ltr'>si</span> <span class='ocrx_word' id='word_1_183' title='bbox 1126 2078 1215 2140; x_wconf 91' lang='lat' dir='ltr'>nimo</span> <span class='ocrx_word' id='word_1_184' title='bbox 1230 2079 1354 2150; x_wconf 83' lang='lat' dir='ltr'>verius,</span> <span class='ocrx_word' id='word_1_185' title='bbox 1375 2094 1435 2140; x_wconf 89' lang='lat' dir='ltr'>nos</span> <span class='ocrx_word' id='word_1_186' title='bbox 1452 2080 1488 2140; x_wconf 92' lang='lat' dir='ltr'>in</span> <span class='ocrx_word' id='word_1_187' title='bbox 1506 2079 1577 2155; x_wconf 90' lang='lat' dir='ltr'>ipso</span> <span class='ocrx_word' id='word_1_188' title='bbox 1592 2078 1738 2156; x_wconf 88' lang='lat' dir='ltr'>recipias</span> <span class='ocrx_word' id='word_1_189' title='bbox 1756 2077 1904 2148; x_wconf 88' lang='lat' dir='ltr'>hilariter,</span> 
     </span>
     <span class='ocr_line' id='line_1_19' title="bbox 277 2174 1907 2254; baseline -0.001 -18"><span class='ocrx_word' id='word_1_190' title='bbox 277 2175 334 2252; x_wconf 90' lang='lat' dir='ltr'>qui</span> <span class='ocrx_word' id='word_1_191' title='bbox 354 2176 516 2238; x_wconf 90' lang='lat' dir='ltr'>dictorum</span> <span class='ocrx_word' id='word_1_192' title='bbox 532 2175 696 2249; x_wconf 90' lang='lat' dir='ltr'>abbatum,</span> <span class='ocrx_word' id='word_1_193' title='bbox 714 2178 861 2254; x_wconf 90' lang='lat' dir='ltr'>priorum</span> <span class='ocrx_word' id='word_1_194' title='bbox 873 2177 1069 2248; x_wconf 82' lang='lat' dir='ltr'>stallorum,</span> <span class='ocrx_word' id='word_1_195' title='bbox 1126 2177 1158 2238; x_wconf 90' lang='lat' dir='ltr'>et</span> <span class='ocrx_word' id='word_1_196' title='bbox 1180 2175 1362 2238; x_wconf 85' lang='lat' dir='ltr'>honorilice</span> <span class='ocrx_word' id='word_1_197' title='bbox 1377 2177 1512 2243; x_wconf 88' lang='lat' dir='ltr'>tractes.</span> <span class='ocrx_word' id='word_1_198' title='bbox 1534 2191 1573 2238; x_wconf 92' lang='lat' dir='ltr'>ac</span> <span class='ocrx_word' id='word_1_199' title='bbox 1592 2191 1612 2236; x_wconf 87' lang='lat' dir='ltr'>a</span> <span class='ocrx_word' id='word_1_200' title='bbox 1634 2174 1777 2236; x_wconf 89' lang='lat' dir='ltr'>subditis</span> <span class='ocrx_word' id='word_1_201' title='bbox 1799 2176 1860 2237; x_wconf 90' lang='lat' dir='ltr'>tuis</span> <span class='ocrx_word' id='word_1_202' title='bbox 1881 2174 1907 2234; x_wconf 90' lang='lat' dir='ltr'>ei</span> 
     </span>
     <span class='ocr_line' id='line_1_20' title="bbox 203 2271 1969 2352; baseline 0.002 -24"><span class='ocrx_word' id='word_1_203' title='bbox 203 2314 207 2328; x_wconf 78' lang='grc'><strong>.</strong></span> <span class='ocrx_word' id='word_1_204' title='bbox 277 2273 1072 2352; x_wconf 81' lang='lat' dir='ltr'>exceptisexemptis,quodmandamusneglexe·</span> <span class='ocrx_word' id='word_1_205' title='bbox 1127 2271 1230 2334; x_wconf 87' lang='lat' dir='ltr'>iacias</span> <span class='ocrx_word' id='word_1_206' title='bbox 1246 2273 1379 2350; x_wconf 90' lang='lat' dir='ltr'>dignam</span> <span class='ocrx_word' id='word_1_207' title='bbox 1400 2273 1688 2336; x_wconf 83' lang='lat' dir='ltr'>honorificentiam</span> <span class='ocrx_word' id='word_1_208' title='bbox 1707 2271 1907 2343; x_wconf 75' lang='lat' dir='ltr'>exhiberint</span> <span class='ocrx_word' id='word_1_209' title='bbox 1968 2276 1969 2301; x_wconf 66' lang='lat'>¹</span> 
     </span>
     <span class='ocr_line' id='line_1_21' title="bbox 276 2369 1969 2450; baseline 0.001 -18"><span class='ocrx_word' id='word_1_210' title='bbox 276 2371 597 2448; x_wconf 84' lang='lat' dir='ltr'>rintadimplereros</span> <span class='ocrx_word' id='word_1_211' title='bbox 609 2387 665 2432; x_wconf 90' lang='lat' dir='ltr'>eos</span> <span class='ocrx_word' id='word_1_212' title='bbox 674 2371 714 2432; x_wconf 87' lang='lat' dir='ltr'>ad</span> <span class='ocrx_word' id='word_1_213' title='bbox 726 2371 758 2433; x_wconf 95' lang='lat' dir='ltr'>id</span> <span class='ocrx_word' id='word_1_214' title='bbox 770 2387 1011 2449; x_wconf 89' lang='lat' dir='ltr'>percensuram</span> <span class='ocrx_word' id='word_1_215' title='bbox 1021 2388 1071 2433; x_wconf 90' lang='lat' dir='ltr'>ec·</span> <span class='ocrx_word' id='word_1_216' title='bbox 1126 2369 1267 2442; x_wconf 82' lang='lat' dir='ltr'>devotio,</span> <span class='ocrx_word' id='word_1_217' title='bbox 1280 2387 1378 2450; x_wconf 84' lang='lat' dir='ltr'>quam</span> <span class='ocrx_word' id='word_1_218' title='bbox 1390 2373 1423 2434; x_wconf 92' lang='lat' dir='ltr'>te</span> <span class='ocrx_word' id='word_1_219' title='bbox 1435 2372 1477 2432; x_wconf 90' lang='lat' dir='ltr'>ad</span> <span class='ocrx_word' id='word_1_220' title='bbox 1491 2371 1718 2448; x_wconf 79' lang='lat' dir='ltr'>Apostolieam</span> <span class='ocrx_word' id='word_1_221' title='bbox 1731 2369 1847 2432; x_wconf 87' lang='lat' dir='ltr'>Sedem</span> <span class='ocrx_word' id='word_1_222' title='bbox 1860 2370 1907 2429; x_wconf 85' lang='lat' dir='ltr'>ba·</span> <span class='ocrx_word' id='word_1_223' title='bbox 1968 2421 1969 2434; x_wconf 74' lang='grc'><strong>.</strong></span> 
     </span>
     <span class='ocr_line' id='line_1_22' title="bbox 277 2465 1906 2545; baseline -0.002 -16"><span class='ocrx_word' id='word_1_224' title='bbox 277 2468 511 2540; x_wconf 66' lang='lat' dir='ltr'>clementinam,</span> <span class='ocrx_word' id='word_1_225' title='bbox 534 2469 755 2545; x_wconf 87' lang='lat' dir='ltr'>appellatione</span> <span class='ocrx_word' id='word_1_226' title='bbox 774 2471 911 2540; x_wconf 86' lang='lat' dir='ltr'>remota,</span> <span class='ocrx_word' id='word_1_227' title='bbox 932 2469 1069 2545; x_wconf 87' lang='lat' dir='ltr'>cogatis.</span> <span class='ocrx_word' id='word_1_228' title='bbox 1125 2465 1204 2528; x_wconf 91' lang='lat' dir='ltr'>bere</span> <span class='ocrx_word' id='word_1_229' title='bbox 1225 2468 1431 2540; x_wconf 82' lang='lat' dir='ltr'>confidimus,</span> <span class='ocrx_word' id='word_1_230' title='bbox 1449 2469 1575 2532; x_wconf 82' lang='lat' dir='ltr'>clareat</span> <span class='ocrx_word' id='word_1_231' title='bbox 1596 2469 1629 2528; x_wconf 92' lang='lat' dir='ltr'>in</span> <span class='ocrx_word' id='word_1_232' title='bbox 1646 2467 1780 2540; x_wconf 79' lang='lat' dir='ltr'>effectu,</span> <span class='ocrx_word' id='word_1_233' title='bbox 1801 2469 1832 2528; x_wconf 94' lang='lat' dir='ltr'>et</span> <span class='ocrx_word' id='word_1_234' title='bbox 1845 2482 1906 2538; x_wconf 90' lang='lat' dir='ltr'>nos,</span> 
     </span>
     <span class='ocr_line' id='line_1_23' title="bbox 1126 2564 1908 2646; baseline -0.001 -21"><span class='ocrx_word' id='word_1_235' title='bbox 1126 2567 1158 2626; x_wconf 90' lang='lat' dir='ltr'>et</span> <span class='ocrx_word' id='word_1_236' title='bbox 1170 2564 1290 2626; x_wconf 84' lang='lat' dir='ltr'>iratres</span> <span class='ocrx_word' id='word_1_237' title='bbox 1306 2567 1412 2628; x_wconf 89' lang='lat' dir='ltr'>nostri</span> <span class='ocrx_word' id='word_1_238' title='bbox 1428 2582 1487 2646; x_wconf 91' lang='lat' dir='ltr'>per</span> <span class='ocrx_word' id='word_1_239' title='bbox 1500 2566 1562 2626; x_wconf 89' lang='lat' dir='ltr'>hoc</span> <span class='ocrx_word' id='word_1_240' title='bbox 1575 2565 1693 2628; x_wconf 89' lang='lat' dir='ltr'>merito</span> <span class='ocrx_word' id='word_1_241' title='bbox 1708 2565 1745 2625; x_wconf 92' lang='lat' dir='ltr'>in</span> <span class='ocrx_word' id='word_1_242' title='bbox 1761 2565 1817 2626; x_wconf 92' lang='lat' dir='ltr'>tua</span> <span class='ocrx_word' id='word_1_243' title='bbox 1831 2565 1908 2625; x_wconf 91' lang='lat' dir='ltr'>cari-</span> 
     </span>
    </p>
   </div>
   <div class='ocr_carea' id='block_1_3' title="bbox 276 2567 1970 2740">
    <p class='ocr_par' dir='ltr' id='par_1_3' title="bbox 276 2567 1970 2740">
     <span class='ocr_line' id='line_1_24' title="bbox 276 2567 1023 2644; baseline -0.001 -15"><span class='ocrx_word' id='word_1_244' title='bbox 276 2567 369 2640; x_wconf 87' lang='lat' dir='ltr'>Quod</span> <span class='ocrx_word' id='word_1_245' title='bbox 384 2567 413 2628; x_wconf 91' lang='lat' dir='ltr'>si</span> <span class='ocrx_word' id='word_1_246' title='bbox 428 2582 495 2629; x_wconf 93' lang='lat' dir='ltr'>non</span> <span class='ocrx_word' id='word_1_247' title='bbox 507 2582 632 2638; x_wconf 90' lang='lat' dir='ltr'>omnes,</span> <span class='ocrx_word' id='word_1_248' title='bbox 649 2568 711 2628; x_wconf 93' lang='lat' dir='ltr'>etc.</span> <span class='ocrx_word' id='word_1_249' title='bbox 729 2569 845 2628; x_wconf 90' lang='lat' dir='ltr'>Datum</span> <span class='ocrx_word' id='word_1_250' title='bbox 859 2568 896 2629; x_wconf 93' lang='lat' dir='ltr'>ut</span> <span class='ocrx_word' id='word_1_251' title='bbox 911 2583 1023 2644; x_wconf 91' lang='lat' dir='ltr'>supra.</span> 
     </span>
     <span class='ocr_line' id='line_1_25' title="bbox 1124 2661 1970 2740; baseline -0.005 -16"><span class='ocrx_word' id='word_1_252' title='bbox 1124 2663 1192 2724; x_wconf 86' lang='lat' dir='ltr'>tate</span> <span class='ocrx_word' id='word_1_253' title='bbox 1215 2678 1415 2736; x_wconf 84' lang='lat' dir='ltr'>crescamus,</span> <span class='ocrx_word' id='word_1_254' title='bbox 1436 2664 1590 2740; x_wconf 85' lang='lat' dir='ltr'>idemque</span> <span class='ocrx_word' id='word_1_255' title='bbox 1609 2663 1752 2740; x_wconf 88' lang='lat' dir='ltr'>legatus,</span> <span class='ocrx_word' id='word_1_256' title='bbox 1783 2661 1838 2740; x_wconf 82' lang='lat' dir='ltr'>qui</span> <span class='ocrx_word' id='word_1_257' title='bbox 1859 2675 1908 2738; x_wconf 87' lang='lat' dir='ltr'>per</span> <span class='ocrx_word' id='word_1_258' title='bbox 1969 2706 1970 2734; x_wconf 75' lang='lat'>,</span> 
     </span>
    </p>
   </div>
   <div class='ocr_carea' id='block_1_4' title="bbox 309 2719 1970 2946">
    <p class='ocr_par' dir='ltr' id='par_1_4' title="bbox 309 2719 1970 2946">
     <span class='ocr_line' id='line_1_26' title="bbox 614 2719 1970 2838; baseline -0.003 -16"><span class='ocrx_word' id='word_1_259' title='bbox 614 2719 731 2806; x_wconf 69' lang='lat' dir='ltr'>CLIX</span> <span class='ocrx_word' id='word_1_260' title='bbox 1002 2759 1005 2763; x_wconf 80' lang='grc'><strong>’</strong></span> <span class='ocrx_word' id='word_1_261' title='bbox 1125 2775 1161 2820; x_wconf 89' lang='lat' dir='ltr'>se</span> <span class='ocrx_word' id='word_1_262' title='bbox 1176 2775 1215 2820; x_wconf 91' lang='lat' dir='ltr'>ac</span> <span class='ocrx_word' id='word_1_263' title='bbox 1234 2776 1312 2822; x_wconf 91' lang='lat' dir='ltr'>suos</span> <span class='ocrx_word' id='word_1_264' title='bbox 1330 2761 1385 2838; x_wconf 83' lang='lat' dir='ltr'>qui</span> <span class='ocrx_word' id='word_1_265' title='bbox 1401 2776 1558 2838; x_wconf 89' lang='lat' dir='ltr'>magnum</span> <span class='ocrx_word' id='word_1_266' title='bbox 1577 2760 1687 2822; x_wconf 88' lang='lat' dir='ltr'>locum</span> <span class='ocrx_word' id='word_1_267' title='bbox 1707 2761 1744 2820; x_wconf 94' lang='lat' dir='ltr'>in</span> <span class='ocrx_word' id='word_1_268' title='bbox 1766 2758 1909 2820; x_wconf 90' lang='lat' dir='ltr'>urbeob-</span> <span class='ocrx_word' id='word_1_269' title='bbox 1969 2749 1970 2802; x_wconf 84' lang='lat' dir='ltr'>l</span> 
     </span>
     <span class='ocr_line' id='line_1_27' title="bbox 309 2843 1970 2946; baseline -0.004 -25"><span class='ocrx_word' id='word_1_270' title='bbox 309 2845 361 2905; x_wconf 60' lang='lat' dir='ltr'>Aa</span> <span class='ocrx_word' id='word_1_271' title='bbox 377 2843 533 2906; x_wconf 62' lang='lat' dir='ltr'>abbatem</span> <span class='ocrx_word' id='word_1_272' title='bbox 548 2845 739 2906; x_wconf 64' lang='lat' dir='ltr'>JOMlmem</span> <span class='ocrx_word' id='word_1_273' title='bbox 756 2843 874 2905; x_wconf 60' lang='lat' dir='ltr'>Sancti</span> <span class='ocrx_word' id='word_1_274' title='bbox 892 2843 1038 2906; x_wconf 61' lang='lat'>1&#39;10107&#39;23</span> <span class='ocrx_word' id='word_1_275' title='bbox 1124 2857 1232 2918; x_wconf 90' lang='lat' dir='ltr'>tinere</span> <span class='ocrx_word' id='word_1_276' title='bbox 1253 2858 1446 2930; x_wconf 73' lang='lat' dir='ltr'>noscuntur,</span> <span class='ocrx_word' id='word_1_277' title='bbox 1467 2859 1563 2933; x_wconf 83' lang='lat' dir='ltr'>grata</span> <span class='ocrx_word' id='word_1_278' title='bbox 1584 2857 1644 2920; x_wconf 90' lang='lat' dir='ltr'>tibi</span> <span class='ocrx_word' id='word_1_279' title='bbox 1671 2857 1796 2936; x_wconf 88' lang='lat' dir='ltr'>poterit</span> <span class='ocrx_word' id='word_1_280' title='bbox 1816 2856 1907 2917; x_wconf 86' lang='lat' dir='ltr'>vicis·</span> <span class='ocrx_word' id='word_1_281' title='bbox 1969 2941 1970 2946; x_wconf 5' lang='grc' dir='ltr'>ἵ</span> 
     </span>
    </p>
   </div>
   <div class='ocr_carea' id='block_1_5' title="bbox 539 2943 812 3103">
    <p class='ocr_par' dir='ltr' id='par_1_5' title="bbox 539 2943 812 3103">
     <span class='ocr_line' id='line_1_28' title="bbox 559 2943 784 3002; baseline -0.009 0"><span class='ocrx_word' id='word_1_282' title='bbox 559 2943 784 3002; x_wconf 72' lang='lat' dir='ltr'>Partstcnsts.</span> 
     </span>
     <span class='ocr_line' id='line_1_29' title="bbox 539 3043 812 3103; baseline -0.007 0"><span class='ocrx_word' id='word_1_283' title='bbox 539 3045 574 3103; x_wconf 78' lang='lat'>28</span> <span class='ocrx_word' id='word_1_284' title='bbox 588 3043 716 3102; x_wconf 87' lang='lat' dir='ltr'>decemb.</span> <span class='ocrx_word' id='word_1_285' title='bbox 734 3044 812 3102; x_wconf 75' lang='lat' dir='ltr'>tanc.</span> 
     </span>
    </p>
   </div>
   <div class='ocr_carea' id='block_1_6' title="bbox 1125 2953 1908 3128">
    <p class='ocr_par' dir='ltr' id='par_1_6' title="bbox 1125 2953 1908 3128">
     <span class='ocr_line' id='line_1_30' title="bbox 1125 2953 1908 3032; baseline -0.003 -18"><span class='ocrx_word' id='word_1_286' title='bbox 1125 2954 1268 3016; x_wconf 89' lang='lat' dir='ltr'>situdine</span> <span class='ocrx_word' id='word_1_287' title='bbox 1293 2953 1505 3032; x_wconf 86' lang='lat' dir='ltr'>respondere,</span> <span class='ocrx_word' id='word_1_288' title='bbox 1522 2955 1563 3017; x_wconf 91' lang='lat' dir='ltr'>ad</span> <span class='ocrx_word' id='word_1_289' title='bbox 1588 2955 1908 3026; x_wconf 88' lang='lat' dir='ltr'>tuam.dilectionem</span> 
     </span>
     <span class='ocr_line' id='line_1_31' title="bbox 1125 3051 1908 3128; baseline -0.003 -16"><span class='ocrx_word' id='word_1_290' title='bbox 1125 3051 1293 3128; x_wconf 90' lang='lat' dir='ltr'>perpetuis</span> <span class='ocrx_word' id='word_1_291' title='bbox 1307 3051 1509 3128; x_wconf 88' lang='lat' dir='ltr'>temporibus</span> <span class='ocrx_word' id='word_1_292' title='bbox 1525 3052 1700 3128; x_wconf 88' lang='lat' dir='ltr'>obligetur.</span> <span class='ocrx_word' id='word_1_293' title='bbox 1717 3053 1835 3114; x_wconf 90' lang='lat' dir='ltr'>Datum</span> <span class='ocrx_word' id='word_1_294' title='bbox 1849 3052 1908 3110; x_wconf 90' lang='lat' dir='ltr'>La-</span> 
     </span>
    </p>
   </div>
   <div class='ocr_carea' id='block_1_7' title="bbox 357 3141 990 3276">
    <p class='ocr_par' dir='ltr' id='par_1_7' title="bbox 357 3141 990 3276">
     <span class='ocr_line' id='line_1_32' title="bbox 357 3141 990 3208; baseline -0.002 -15"><span class='ocrx_word' id='word_1_295' title='bbox 357 3141 492 3207; x_wconf 72' lang='lat' dir='ltr'>[Bonqnet</span> <span class='ocrx_word' id='word_1_296' title='bbox 507 3141 611 3208; x_wconf 62' lang='lat' dir='ltr'>bernaii</span> <span class='ocrx_word' id='word_1_297' title='bbox 626 3141 670 3192; x_wconf 85' lang='lat' dir='ltr'>des</span> <span class='ocrx_word' id='word_1_298' title='bbox 684 3141 759 3199; x_wconf 84' lang='lat' dir='ltr'>illst..</span> <span class='ocrx_word' id='word_1_299' title='bbox 773 3147 792 3190; x_wconf 87' lang='lat' dir='ltr'>t.</span> <span class='ocrx_word' id='word_1_300' title='bbox 806 3142 874 3200; x_wconf 82' lang='lat' dir='ltr'>xix,</span> <span class='ocrx_word' id='word_1_301' title='bbox 889 3155 916 3206; x_wconf 76' lang='lat' dir='ltr'>p.</span> <span class='ocrx_word' id='word_1_302' title='bbox 930 3141 990 3202; x_wconf 63' lang='lat' dir='ltr'>tim</span> 
     </span>
     <span class='ocr_line' id='line_1_33' title="bbox 476 3211 856 3276; baseline -0.008 -11"><span class='ocrx_word' id='word_1_303' title='bbox 476 3215 585 3276; x_wconf 79' lang='lat' dir='ltr'>Regnat..</span> <span class='ocrx_word' id='word_1_304' title='bbox 603 3211 648 3262; x_wconf 89' lang='lat' dir='ltr'>lib.</span> <span class='ocrx_word' id='word_1_305' title='bbox 660 3212 690 3270; x_wconf 90' lang='lat' dir='ltr'>V,</span> <span class='ocrx_word' id='word_1_306' title='bbox 701 3212 776 3276; x_wconf 87' lang='lat' dir='ltr'>epist.</span> <span class='ocrx_word' id='word_1_307' title='bbox 788 3211 856 3275; x_wconf 65' lang='grc'>317]</span> 
     </span>
    </p>
   </div>
   <div class='ocr_carea' id='block_1_8' title="bbox 271 3301 1070 4718">
    <p class='ocr_par' dir='ltr' id='par_1_8' title="bbox 274 3301 1069 3628">
     <span class='ocr_line' id='line_1_34' title="bbox 274 3301 1069 3378; baseline -0.004 -16"><span class='ocrx_word' id='word_1_308' title='bbox 274 3302 390 3362; x_wconf 78' lang='lat' dir='ltr'>Mandat</span> <span class='ocrx_word' id='word_1_309' title='bbox 416 3301 558 3362; x_wconf 82' lang='lat' dir='ltr'>Honorius</span> <span class='ocrx_word' id='word_1_310' title='bbox 596 3308 628 3359; x_wconf 88' lang='lat' dir='ltr'>ut</span> <span class='ocrx_word' id='word_1_311' title='bbox 665 3303 784 3374; x_wconf 90' lang='lat' dir='ltr'>pecunia</span> <span class='ocrx_word' id='word_1_312' title='bbox 818 3301 967 3373; x_wconf 78' lang='lat' dir='ltr'>quadam,</span> <span class='ocrx_word' id='word_1_313' title='bbox 995 3301 1069 3378; x_wconf 91' lang='lat' dir='ltr'>apud</span> 
     </span>
     <span class='ocr_line' id='line_1_35' title="bbox 310 3389 1067 3462; baseline -0.004 -14"><span class='ocrx_word' id='word_1_314' title='bbox 310 3392 406 3448; x_wconf 89' lang='lat' dir='ltr'>Sancti</span> <span class='ocrx_word' id='word_1_315' title='bbox 424 3391 546 3450; x_wconf 82' lang='lat' dir='ltr'>Victoris</span> <span class='ocrx_word' id='word_1_316' title='bbox 565 3389 769 3446; x_wconf 86' lang='lat' dir='ltr'>monasterium</span> <span class='ocrx_word' id='word_1_317' title='bbox 782 3390 899 3446; x_wconf 90' lang='lat' dir='ltr'>nomine</span> <span class='ocrx_word' id='word_1_318' title='bbox 912 3405 964 3446; x_wconf 89' lang='lat' dir='ltr'>suo</span> <span class='ocrx_word' id='word_1_319' title='bbox 979 3389 1067 3462; x_wconf 89' lang='lat' dir='ltr'>depo-</span> 
     </span>
     <span class='ocr_line' id='line_1_36' title="bbox 309 3478 1069 3550; baseline 0 -14"><span class='ocrx_word' id='word_1_320' title='bbox 309 3481 374 3548; x_wconf 87' lang='lat' dir='ltr'>sita,</span> <span class='ocrx_word' id='word_1_321' title='bbox 398 3481 519 3538; x_wconf 80' lang='lat' dir='ltr'>Romam</span> <span class='ocrx_word' id='word_1_322' title='bbox 541 3478 747 3539; x_wconf 83' lang='lat' dir='ltr'>transmittatur</span> <span class='ocrx_word' id='word_1_323' title='bbox 770 3491 820 3550; x_wconf 89' lang='lat' dir='ltr'>per</span> <span class='ocrx_word' id='word_1_324' title='bbox 843 3490 946 3536; x_wconf 80' lang='lat' dir='ltr'>mantis</span> <span class='ocrx_word' id='word_1_325' title='bbox 968 3479 1069 3550; x_wconf 88' lang='lat' dir='ltr'>prioris</span> 
     </span>
     <span class='ocr_line' id='line_1_37' title="bbox 311 3568 487 3628; baseline -0.017 -3"><span class='ocrx_word' id='word_1_326' title='bbox 311 3568 487 3628; x_wconf 87' lang='lat' dir='ltr'>monasterii.</span> 
     </span>
    </p>

    <p class='ocr_par' dir='ltr' id='par_1_9' title="bbox 274 3665 1069 3842">
     <span class='ocr_line' id='line_1_38' title="bbox 316 3665 1069 3745; baseline -0.001 -17"><span class='ocrx_word' id='word_1_327' title='bbox 316 3667 484 3736; x_wconf 79' lang='lat' dir='ltr'>Honorius</span> <span class='ocrx_word' id='word_1_328' title='bbox 500 3667 710 3745; x_wconf 75' lang='lat' dir='ltr'>episcopus...</span> <span class='ocrx_word' id='word_1_329' title='bbox 723 3665 852 3729; x_wconf 90' lang='lat' dir='ltr'>dilectis</span> <span class='ocrx_word' id='word_1_330' title='bbox 866 3665 945 3727; x_wconf 83' lang='lat' dir='ltr'>liliis</span> <span class='ocrx_word' id='word_1_331' title='bbox 958 3665 1069 3728; x_wconf 89' lang='lat' dir='ltr'>abbati</span> 
     </span>
     <span class='ocr_line' id='line_1_39' title="bbox 274 3763 1066 3842; baseline -0.003 -16"><span class='ocrx_word' id='word_1_332' title='bbox 274 3763 1066 3842; x_wconf 72' lang='lat' dir='ltr'>etprioris.victorisparisiensissalutemete.</span> 
     </span>
    </p>

    <p class='ocr_par' dir='ltr' id='par_1_10' title="bbox 271 3862 1070 4623">
     <span class='ocr_line' id='line_1_40' title="bbox 313 3862 1070 3938; baseline -0.003 -14"><span class='ocrx_word' id='word_1_333' title='bbox 313 3862 551 3933; x_wconf 81' lang='lat' dir='ltr'>Discretionem</span> <span class='ocrx_word' id='word_1_334' title='bbox 565 3863 655 3924; x_wconf 88' lang='lat' dir='ltr'>tuam</span> <span class='ocrx_word' id='word_1_335' title='bbox 674 3877 845 3923; x_wconf 90' lang='lat' dir='ltr'>monemus</span> <span class='ocrx_word' id='word_1_336' title='bbox 859 3863 993 3932; x_wconf 88' lang='lat' dir='ltr'>attente,</span> <span class='ocrx_word' id='word_1_337' title='bbox 1011 3875 1070 3938; x_wconf 92' lang='lat' dir='ltr'>per</span> 
     </span>
     <span class='ocr_line' id='line_1_41' title="bbox 272 3957 1068 4037; baseline -0.005 -14"><span class='ocrx_word' id='word_1_338' title='bbox 272 3961 462 4037; x_wconf 80' lang='lat' dir='ltr'>apostoliea</span> <span class='ocrx_word' id='word_1_339' title='bbox 501 3959 625 4037; x_wconf 91' lang='lat' dir='ltr'>scripta</span> <span class='ocrx_word' id='word_1_340' title='bbox 665 3958 816 4021; x_wconf 89' lang='lat' dir='ltr'>districte</span> <span class='ocrx_word' id='word_1_341' title='bbox 845 3957 1068 4035; x_wconf 86' lang='lat' dir='ltr'>praecipiendo</span> 
     </span>
     <span class='ocr_line' id='line_1_42' title="bbox 273 4053 1070 4132; baseline -0.003 -17"><span class='ocrx_word' id='word_1_342' title='bbox 273 4056 480 4126; x_wconf 87' lang='lat' dir='ltr'>mandantes,</span> <span class='ocrx_word' id='word_1_343' title='bbox 506 4056 670 4132; x_wconf 88' lang='lat' dir='ltr'>quatenus</span> <span class='ocrx_word' id='word_1_344' title='bbox 694 4053 851 4116; x_wconf 86' lang='lat' dir='ltr'>dilectum</span> <span class='ocrx_word' id='word_1_345' title='bbox 879 4053 983 4116; x_wconf 87' lang='lat' dir='ltr'>tilium</span> <span class='ocrx_word' id='word_1_346' title='bbox 997 4069 1070 4113; x_wconf 88' lang='lat' dir='ltr'>mo-</span> 
     </span>
     <span class='ocr_line' id='line_1_43' title="bbox 272 4150 1068 4230; baseline -0.005 -16"><span class='ocrx_word' id='word_1_347' title='bbox 272 4152 411 4214; x_wconf 89' lang='lat' dir='ltr'>nasterii</span> <span class='ocrx_word' id='word_1_348' title='bbox 427 4153 475 4214; x_wconf 91' lang='lat' dir='ltr'>tui</span> <span class='ocrx_word' id='word_1_349' title='bbox 484 4151 628 4230; x_wconf 89' lang='lat' dir='ltr'>priorem</span> <span class='ocrx_word' id='word_1_350' title='bbox 642 4151 683 4212; x_wconf 93' lang='lat' dir='ltr'>ad</span> <span class='ocrx_word' id='word_1_351' title='bbox 694 4151 841 4212; x_wconf 87' lang='lat' dir='ltr'>nostram</span> <span class='ocrx_word' id='word_1_352' title='bbox 856 4150 1068 4227; x_wconf 70' lang='lat' dir='ltr'>presentiam</span> 
     </span>
     <span class='ocr_line' id='line_1_44' title="bbox 272 4247 1068 4326; baseline -0.004 -16"><span class='ocrx_word' id='word_1_353' title='bbox 272 4251 345 4311; x_wconf 88' lang='lat' dir='ltr'>sine</span> <span class='ocrx_word' id='word_1_354' title='bbox 360 4249 522 4312; x_wconf 88' lang='lat' dir='ltr'>dilatione</span> <span class='ocrx_word' id='word_1_355' title='bbox 545 4249 767 4320; x_wconf 84' lang='lat' dir='ltr'>transmittas,</span> <span class='ocrx_word' id='word_1_356' title='bbox 784 4247 959 4326; x_wconf 90' lang='lat' dir='ltr'>pecuniam</span> <span class='ocrx_word' id='word_1_357' title='bbox 982 4247 1068 4324; x_wconf 88' lang='lat' dir='ltr'>apud</span> 
     </span>
     <span class='ocr_line' id='line_1_45' title="bbox 272 4345 1070 4422; baseline -0.006 -12"><span class='ocrx_word' id='word_1_358' title='bbox 272 4349 510 4410; x_wconf 90' lang='lat' dir='ltr'>monasterium</span> <span class='ocrx_word' id='word_1_359' title='bbox 527 4349 632 4419; x_wconf 91' lang='lat' dir='ltr'>tuum,</span> <span class='ocrx_word' id='word_1_360' title='bbox 650 4347 784 4408; x_wconf 89' lang='lat' dir='ltr'>nomine</span> <span class='ocrx_word' id='word_1_361' title='bbox 806 4347 920 4406; x_wconf 89' lang='lat' dir='ltr'>nostro</span> <span class='ocrx_word' id='word_1_362' title='bbox 936 4345 1070 4422; x_wconf 89' lang='lat' dir='ltr'>deposi-</span> 
     </span>
     <span class='ocr_line' id='line_1_46' title="bbox 272 4443 1070 4524; baseline -0.004 -17"><span class='ocrx_word' id='word_1_363' title='bbox 272 4448 351 4518; x_wconf 89' lang='lat' dir='ltr'>tam,</span> <span class='ocrx_word' id='word_1_364' title='bbox 366 4460 425 4524; x_wconf 90' lang='lat' dir='ltr'>per</span> <span class='ocrx_word' id='word_1_365' title='bbox 437 4461 512 4506; x_wconf 89' lang='lat' dir='ltr'>eum</span> <span class='ocrx_word' id='word_1_366' title='bbox 534 4444 575 4506; x_wconf 92' lang='lat' dir='ltr'>ad</span> <span class='ocrx_word' id='word_1_367' title='bbox 592 4459 663 4512; x_wconf 90' lang='lat' dir='ltr'>nos,</span> <span class='ocrx_word' id='word_1_368' title='bbox 681 4443 854 4520; x_wconf 88' lang='lat' dir='ltr'>diligentia</span> <span class='ocrx_word' id='word_1_369' title='bbox 870 4458 933 4519; x_wconf 84' lang='lat' dir='ltr'>qua</span> <span class='ocrx_word' id='word_1_370' title='bbox 947 4457 1070 4504; x_wconf 87' lang='lat' dir='ltr'>conve·</span> 
     </span>
     <span class='ocr_line' id='line_1_47' title="bbox 271 4539 1067 4623; baseline -0.008 -19"><span class='ocrx_word' id='word_1_371' title='bbox 271 4543 332 4615; x_wconf 92' lang='lat' dir='ltr'>nit,</span> <span class='ocrx_word' id='word_1_372' title='bbox 363 4543 619 4604; x_wconf 87' lang='lat' dir='ltr'>transmissurus</span> <span class='ocrx_word' id='word_1_373' title='bbox 652 4540 720 4623; x_wconf 87' lang='lat'>(1).</span> <span class='ocrx_word' id='word_1_374' title='bbox 751 4541 870 4602; x_wconf 88' lang='lat' dir='ltr'>Datum</span> <span class='ocrx_word' id='word_1_375' title='bbox 898 4539 1067 4611; x_wconf 86' lang='lat' dir='ltr'>Laterani,</span> 
     </span>
    </p>

    <p class='ocr_par' dir='ltr' id='par_1_11' title="bbox 271 4637 923 4718">
     <span class='ocr_line' id='line_1_48' title="bbox 271 4637 923 4718; baseline -0.008 -16"><span class='ocrx_word' id='word_1_376' title='bbox 271 4643 315 4712; x_wconf 85' lang='lat' dir='ltr'>lv</span> <span class='ocrx_word' id='word_1_377' title='bbox 340 4639 501 4716; x_wconf 81' lang='lat' dir='ltr'>kalendas</span> <span class='ocrx_word' id='word_1_378' title='bbox 512 4639 674 4718; x_wconf 89' lang='lat' dir='ltr'>januarii,</span> <span class='ocrx_word' id='word_1_379' title='bbox 694 4653 782 4701; x_wconf 89' lang='lat' dir='ltr'>anno</span> <span class='ocrx_word' id='word_1_380' title='bbox 796 4637 923 4714; x_wconf 85' lang='lat' dir='ltr'>quinte.</span> 
     </span>
    </p>
   </div>
   <div class='ocr_carea' id='block_1_9' title="bbox 624 4783 720 4870">
    <p class='ocr_par' dir='ltr' id='par_1_12' title="bbox 624 4783 720 4870">
     <span class='ocr_line' id='line_1_49' title="bbox 624 4783 720 4870; baseline 0 -1"><span class='ocrx_word' id='word_1_381' title='bbox 624 4783 720 4870; x_wconf 83' lang='lat' dir='ltr'>CLX</span> 
     </span>
    </p>
   </div>
   <div class='ocr_carea' id='block_1_10' title="bbox 273 4907 1069 5446">
    <p class='ocr_par' dir='ltr' id='par_1_13' title="bbox 273 4907 1069 5446">
     <span class='ocr_line' id='line_1_50' title="bbox 400 4907 945 4986; baseline -0.011 -14"><span class='ocrx_word' id='word_1_382' title='bbox 400 4911 453 4972; x_wconf 84' lang='lat' dir='ltr'>Ad</span> <span class='ocrx_word' id='word_1_383' title='bbox 465 4911 657 4971; x_wconf 71' lang='lat' dir='ltr'>amoenam</span> <span class='ocrx_word' id='word_1_384' title='bbox 675 4921 796 4986; x_wconf 78' lang='lat' dir='ltr'>regem</span> <span class='ocrx_word' id='word_1_385' title='bbox 808 4907 945 4968; x_wconf 77' lang='lat' dir='ltr'>Suettae.</span> 
     </span>
     <span class='ocr_line' id='line_1_51' title="bbox 528 5009 804 5070; baseline -0.014 0"><span class='ocrx_word' id='word_1_386' title='bbox 528 5013 563 5070; x_wconf 75' lang='lat'>29</span> <span class='ocrx_word' id='word_1_387' title='bbox 577 5009 708 5070; x_wconf 84' lang='lat' dir='ltr'>decemb.</span> <span class='ocrx_word' id='word_1_388' title='bbox 726 5010 804 5068; x_wconf 74' lang='lat' dir='ltr'>iano.</span> 
     </span>
     <span class='ocr_line' id='line_1_52' title="bbox 348 5105 990 5177; baseline -0.008 -15"><span class='ocrx_word' id='word_1_389' title='bbox 348 5111 493 5177; x_wconf 71' lang='lat' dir='ltr'>{Ldlsgren</span> <span class='ocrx_word' id='word_1_390' title='bbox 502 5108 610 5161; x_wconf 84' lang='lat' dir='ltr'>Svsnslrt</span> <span class='ocrx_word' id='word_1_391' title='bbox 622 5107 769 5172; x_wconf 69' lang='lat' dir='ltr'>diplomat„</span> <span class='ocrx_word' id='word_1_392' title='bbox 781 5107 801 5168; x_wconf 91' lang='lat' dir='ltr'>l,</span> <span class='ocrx_word' id='word_1_393' title='bbox 814 5107 871 5165; x_wconf 69' lang='lat' dir='ltr'>tid.</span> <span class='ocrx_word' id='word_1_394' title='bbox 882 5119 909 5158; x_wconf 88' lang='lat' dir='ltr'>n.</span> <span class='ocrx_word' id='word_1_395' title='bbox 921 5105 990 5172; x_wconf 68' lang='lat' dir='ltr'>m]</span> 
     </span>
     <span class='ocr_line' id='line_1_53' title="bbox 273 5195 1068 5274; baseline -0.01 -12"><span class='ocrx_word' id='word_1_396' title='bbox 273 5205 400 5262; x_wconf 84' lang='lat' dir='ltr'>lnstsmc</span> <span class='ocrx_word' id='word_1_397' title='bbox 427 5200 532 5259; x_wconf 82' lang='lat' dir='ltr'>suetiae</span> <span class='ocrx_word' id='word_1_398' title='bbox 559 5211 638 5270; x_wconf 89' lang='lat' dir='ltr'>rege,</span> <span class='ocrx_word' id='word_1_399' title='bbox 656 5195 692 5254; x_wconf 88' lang='lat' dir='ltr'>ad</span> <span class='ocrx_word' id='word_1_400' title='bbox 720 5209 785 5274; x_wconf 83' lang='lat' dir='ltr'>curn</span> <span class='ocrx_word' id='word_1_401' title='bbox 815 5195 900 5264; x_wconf 84' lang='lat' dir='ltr'>mittit</span> <span class='ocrx_word' id='word_1_402' title='bbox 925 5197 1068 5256; x_wconf 83' lang='lat' dir='ltr'>Honorius</span> 
     </span>
     <span class='ocr_line' id='line_1_54' title="bbox 309 5284 1069 5363; baseline -0.005 -16"><span class='ocrx_word' id='word_1_403' title='bbox 309 5290 434 5363; x_wconf 88' lang='lat' dir='ltr'>legatum</span> <span class='ocrx_word' id='word_1_404' title='bbox 450 5287 646 5361; x_wconf 81' lang='lat' dir='ltr'>Apostolienm</span> <span class='ocrx_word' id='word_1_405' title='bbox 665 5285 835 5358; x_wconf 85' lang='lat' dir='ltr'>Gregorium</span> <span class='ocrx_word' id='word_1_406' title='bbox 854 5284 891 5344; x_wconf 86' lang='lat' dir='ltr'>de</span> <span class='ocrx_word' id='word_1_407' title='bbox 904 5286 1069 5346; x_wconf 79' lang='lat' dir='ltr'>Crescentis</span> 
     </span>
     <span class='ocr_line' id='line_1_55' title="bbox 309 5375 662 5446; baseline -0.011 -10"><span class='ocrx_word' id='word_1_408' title='bbox 309 5378 461 5440; x_wconf 87' lang='lat' dir='ltr'>diaconum</span> <span class='ocrx_word' id='word_1_409' title='bbox 476 5375 662 5446; x_wconf 81' lang='lat' dir='ltr'>cardinalem.</span> 
     </span>
    </p>
   </div>
   <div class='ocr_carea' id='block_1_11' title="bbox 312 5477 1068 5566">
    <p class='ocr_par' dir='ltr' id='par_1_14' title="bbox 312 5477 1068 5566">
     <span class='ocr_line' id='line_1_56' title="bbox 312 5477 1068 5566; baseline -0.009 -25"><span class='ocrx_word' id='word_1_410' title='bbox 312 5478 479 5541; x_wconf 86' lang='lat' dir='ltr'>Honorius</span> <span class='ocrx_word' id='word_1_411' title='bbox 514 5477 702 5554; x_wconf 84' lang='lat' dir='ltr'>episeopus,</span> <span class='ocrx_word' id='word_1_412' title='bbox 741 5488 859 5566; x_wconf 72' lang='lat' dir='ltr'>seruus</span> <span class='ocrx_word' id='word_1_413' title='bbox 893 5488 1068 5536; x_wconf 85' lang='lat' dir='ltr'>serrorum</span> 
     </span>
    </p>
   </div>
   <div class='ocr_carea' id='block_1_12' title="bbox 275 5603 1069 5755">
    <p class='ocr_par' dir='ltr' id='par_1_15' title="bbox 275 5603 1069 5755">
     <span class='ocr_line' id='line_1_57' title="bbox 311 5603 1069 5680; baseline -0.008 -14"><span class='ocrx_word' id='word_1_414' title='bbox 311 5608 351 5680; x_wconf 83' lang='lat' dir='ltr'>(l)</span> <span class='ocrx_word' id='word_1_415' title='bbox 366 5609 428 5668; x_wconf 77' lang='lat' dir='ltr'>Non</span> <span class='ocrx_word' id='word_1_416' title='bbox 442 5613 485 5664; x_wconf 85' lang='lat' dir='ltr'>est</span> <span class='ocrx_word' id='word_1_417' title='bbox 509 5604 626 5662; x_wconf 91' lang='lat' dir='ltr'>dubium</span> <span class='ocrx_word' id='word_1_418' title='bbox 641 5605 709 5677; x_wconf 81' lang='lat' dir='ltr'>quin</span> <span class='ocrx_word' id='word_1_419' title='bbox 721 5617 755 5661; x_wconf 88' lang='lat' dir='ltr'>ee</span> <span class='ocrx_word' id='word_1_420' title='bbox 768 5603 888 5676; x_wconf 88' lang='lat' dir='ltr'>pecunia</span> <span class='ocrx_word' id='word_1_421' title='bbox 910 5603 938 5660; x_wconf 91' lang='lat' dir='ltr'>in</span> <span class='ocrx_word' id='word_1_422' title='bbox 952 5615 1069 5660; x_wconf 74' lang='lat' dir='ltr'>monas.</span> 
     </span>
     <span class='ocr_line' id='line_1_58' title="bbox 275 5673 1067 5755; baseline -0.008 -17"><span class='ocrx_word' id='word_1_423' title='bbox 275 5684 347 5755; x_wconf 76' lang='lat' dir='ltr'>terto</span> <span class='ocrx_word' id='word_1_424' title='bbox 386 5679 482 5738; x_wconf 86' lang='lat' dir='ltr'>Sancti</span> <span class='ocrx_word' id='word_1_425' title='bbox 509 5677 632 5738; x_wconf 82' lang='lat' dir='ltr'>Victoris</span> <span class='ocrx_word' id='word_1_426' title='bbox 655 5676 773 5734; x_wconf 89' lang='lat' dir='ltr'>nomine</span> <span class='ocrx_word' id='word_1_427' title='bbox 794 5675 911 5746; x_wconf 71' lang='lat' dir='ltr'>hectorii</span> <span class='ocrx_word' id='word_1_428' title='bbox 938 5673 1067 5747; x_wconf 84' lang='lat' dir='ltr'>deposita</span> 
     </span>
    </p>
   </div>
   <div class='ocr_carea' id='block_1_13' title="bbox 1124 3148 1907 3322">
    <p class='ocr_par' dir='ltr' id='par_1_16' title="bbox 1124 3138 1971 3322">
     <span class='ocr_line' id='line_1_59' title="bbox 1124 3148 1907 3231; baseline -0.005 -21"><span class='ocrx_word' id='word_1_429' title='bbox 1124 3149 1244 3218; x_wconf 90' lang='lat' dir='ltr'>terani,</span> <span class='ocrx_word' id='word_1_430' title='bbox 1270 3150 1313 3210; x_wconf 92' lang='lat' dir='ltr'>lV</span> <span class='ocrx_word' id='word_1_431' title='bbox 1334 3148 1497 3212; x_wconf 88' lang='lat' dir='ltr'>kalendas</span> <span class='ocrx_word' id='word_1_432' title='bbox 1520 3149 1682 3228; x_wconf 75' lang='lat' dir='ltr'>januarii,</span> <span class='ocrx_word' id='word_1_433' title='bbox 1708 3149 1907 3231; x_wconf 84' lang='lat' dir='ltr'>pontificatus</span> 
     </span>
     <span class='ocr_line' id='line_1_60' title="bbox 1125 3246 1476 3322; baseline 0.003 -17"><span class='ocrx_word' id='word_1_434' title='bbox 1125 3246 1230 3308; x_wconf 87' lang='lat' dir='ltr'>nostri</span> <span class='ocrx_word' id='word_1_435' title='bbox 1246 3261 1333 3306; x_wconf 91' lang='lat' dir='ltr'>anuo</span> <span class='ocrx_word' id='word_1_436' title='bbox 1350 3247 1476 3322; x_wconf 88' lang='lat' dir='ltr'>quinto.</span> 
     </span>
    </p>
   </div>
   <div class='ocr_carea' id='block_1_14' title="bbox 1124 3361 1908 3630">
    <p class='ocr_par' dir='ltr' id='par_1_17' title="bbox 1124 3361 1908 3630">
     <span class='ocr_line' id='line_1_61' title="bbox 1164 3361 1906 3435; baseline -0.004 -13"><span class='ocrx_word' id='word_1_437' title='bbox 1164 3365 1207 3422; x_wconf 83' lang='lat' dir='ltr'>ln</span> <span class='ocrx_word' id='word_1_438' title='bbox 1219 3365 1378 3424; x_wconf 83' lang='lat' dir='ltr'>cumdem</span> <span class='ocrx_word' id='word_1_439' title='bbox 1389 3365 1528 3423; x_wconf 82' lang='lat' dir='ltr'>modom</span> <span class='ocrx_word' id='word_1_440' title='bbox 1542 3365 1726 3435; x_wconf 59' lang='lat' dir='ltr'>commuue</span> <span class='ocrx_word' id='word_1_441' title='bbox 1736 3363 1792 3422; x_wconf 86' lang='lat' dir='ltr'>dte</span> <span class='ocrx_word' id='word_1_442' title='bbox 1805 3361 1906 3432; x_wconf 69' lang='lat' dir='ltr'>semp-</span> 
     </span>
     <span class='ocr_line' id='line_1_62' title="bbox 1125 3456 1908 3533; baseline -0.004 -15"><span class='ocrx_word' id='word_1_443' title='bbox 1125 3459 1198 3520; x_wconf 83' lang='lat' dir='ltr'>tum</span> <span class='ocrx_word' id='word_1_444' title='bbox 1213 3461 1264 3520; x_wconf 85' lang='lat' dir='ltr'>est</span> <span class='ocrx_word' id='word_1_445' title='bbox 1279 3458 1319 3519; x_wconf 91' lang='lat' dir='ltr'>ad</span> <span class='ocrx_word' id='word_1_446' title='bbox 1336 3458 1517 3520; x_wconf 87' lang='lat' dir='ltr'>otakarum</span> <span class='ocrx_word' id='word_1_447' title='bbox 1532 3473 1645 3533; x_wconf 87' lang='lat' dir='ltr'>regem</span> <span class='ocrx_word' id='word_1_448' title='bbox 1663 3456 1840 3528; x_wconf 85' lang='lat' dir='ltr'>Bobemiae,</span> <span class='ocrx_word' id='word_1_449' title='bbox 1854 3471 1908 3527; x_wconf 88' lang='lat' dir='ltr'>pe-</span> 
     </span>
     <span class='ocr_line' id='line_1_63' title="bbox 1124 3555 1801 3630; baseline -0.003 -14"><span class='ocrx_word' id='word_1_450' title='bbox 1124 3555 1214 3618; x_wconf 75' lang='lat' dir='ltr'>rttcr</span> <span class='ocrx_word' id='word_1_451' title='bbox 1227 3569 1269 3618; x_wconf 86' lang='lat' dir='ltr'>ac</span> <span class='ocrx_word' id='word_1_452' title='bbox 1281 3555 1530 3616; x_wconf 86' lang='lat' dir='ltr'>waldemarum</span> <span class='ocrx_word' id='word_1_453' title='bbox 1545 3555 1661 3616; x_wconf 82' lang='lat' dir='ltr'>Daniae</span> <span class='ocrx_word' id='word_1_454' title='bbox 1677 3569 1801 3630; x_wconf 86' lang='lat' dir='ltr'>regem.</span> 
     </span>
    </p>
   </div>
   <div class='ocr_carea' id='block_1_15' title="bbox 1465 3752 1631 3839">
    <p class='ocr_par' dir='ltr' id='par_1_18' title="bbox 1465 3752 1631 3839">
     <span class='ocr_line' id='line_1_64' title="bbox 1465 3752 1631 3839; baseline 0 0"><span class='ocrx_word' id='word_1_455' title='bbox 1465 3752 1582 3839; x_wconf 80' lang='lat' dir='ltr'>CLXI</span> <span class='ocrx_word' id='word_1_456' title='bbox 1626 3813 1631 3823; x_wconf 84' lang='lat'><em>·</em></span> 
     </span>
    </p>
   </div>
   <div class='ocr_carea' id='block_1_16' title="bbox 1124 3885 1905 4056">
    <p class='ocr_par' dir='ltr' id='par_1_19' title="bbox 1124 3885 1905 4056">
     <span class='ocr_line' id='line_1_65' title="bbox 1124 3885 1905 3960; baseline -0.003 -16"><span class='ocrx_word' id='word_1_457' title='bbox 1124 3885 1176 3945; x_wconf 84' lang='lat' dir='ltr'>Ad</span> <span class='ocrx_word' id='word_1_458' title='bbox 1189 3885 1435 3948; x_wconf 77' lang='lat' dir='ltr'>Consentinum</span> <span class='ocrx_word' id='word_1_459' title='bbox 1449 3887 1747 3960; x_wconf 77' lang='lat' dir='ltr'>arenteptscopum</span> <span class='ocrx_word' id='word_1_460' title='bbox 1762 3885 1905 3945; x_wconf 79' lang='lat' dir='ltr'>Btrtntu·</span> 
     </span>
     <span class='ocr_line' id='line_1_66' title="bbox 1293 3982 1759 4056; baseline 0 -14"><span class='ocrx_word' id='word_1_461' title='bbox 1293 3995 1429 4043; x_wconf 84' lang='lat' dir='ltr'>oensem</span> <span class='ocrx_word' id='word_1_462' title='bbox 1442 3983 1475 4042; x_wconf 87' lang='lat' dir='ltr'>et</span> <span class='ocrx_word' id='word_1_463' title='bbox 1487 3985 1574 4044; x_wconf 82' lang='lat' dir='ltr'>ullos</span> <span class='ocrx_word' id='word_1_464' title='bbox 1585 3982 1759 4056; x_wconf 82' lang='lat' dir='ltr'>proelctos.</span> 
     </span>
    </p>
   </div>
   <div class='ocr_carea' id='block_1_17' title="bbox 1123 4093 1905 4466">
    <p class='ocr_par' dir='ltr' id='par_1_20' title="bbox 1123 4093 1905 4466">
     <span class='ocr_line' id='line_1_67' title="bbox 1383 4093 1654 4153; baseline 0.015 -5"><span class='ocrx_word' id='word_1_465' title='bbox 1383 4095 1420 4153; x_wconf 74' lang='lat'>⁹9</span> <span class='ocrx_word' id='word_1_466' title='bbox 1431 4093 1561 4152; x_wconf 87' lang='lat' dir='ltr'>decemb.</span> <span class='ocrx_word' id='word_1_467' title='bbox 1575 4095 1654 4153; x_wconf 71' lang='lat' dir='ltr'>ibbo.</span> 
     </span>
     <span class='ocr_line' id='line_1_68' title="bbox 1289 4199 1766 4266; baseline 0.002 -15"><span class='ocrx_word' id='word_1_468' title='bbox 1289 4201 1439 4265; x_wconf 70' lang='lat' dir='ltr'>[Maurique.</span> <span class='ocrx_word' id='word_1_469' title='bbox 1451 4203 1518 4252; x_wconf 77' lang='lat' dir='ltr'>Ann.</span> <span class='ocrx_word' id='word_1_470' title='bbox 1529 4201 1642 4261; x_wconf 75' lang='lat' dir='ltr'>OEstere,</span> <span class='ocrx_word' id='word_1_471' title='bbox 1657 4201 1700 4260; x_wconf 84' lang='lat' dir='ltr'>tv,</span> <span class='ocrx_word' id='word_1_472' title='bbox 1712 4199 1766 4266; x_wconf 58' lang='grc' dir='ltr'>δί]</span> 
     </span>
     <span class='ocr_line' id='line_1_69' title="bbox 1123 4303 1905 4366; baseline -0.008 0"><span class='ocrx_word' id='word_1_473' title='bbox 1123 4307 1239 4366; x_wconf 87' lang='lat' dir='ltr'>blandat</span> <span class='ocrx_word' id='word_1_474' title='bbox 1249 4313 1281 4365; x_wconf 89' lang='lat' dir='ltr'>ut</span> <span class='ocrx_word' id='word_1_475' title='bbox 1290 4321 1354 4364; x_wconf 91' lang='lat' dir='ltr'>cum</span> <span class='ocrx_word' id='word_1_476' title='bbox 1366 4307 1455 4365; x_wconf 88' lang='lat' dir='ltr'>abbas</span> <span class='ocrx_word' id='word_1_477' title='bbox 1466 4307 1597 4366; x_wconf 85' lang='lat' dir='ltr'>loncbim</span> <span class='ocrx_word' id='word_1_478' title='bbox 1610 4306 1645 4364; x_wconf 89' lang='lat' dir='ltr'>de</span> <span class='ocrx_word' id='word_1_479' title='bbox 1660 4307 1761 4364; x_wconf 87' lang='lat' dir='ltr'>ordine</span> <span class='ocrx_word' id='word_1_480' title='bbox 1772 4306 1858 4364; x_wconf 81' lang='lat' dir='ltr'>Flcris</span> <span class='ocrx_word' id='word_1_481' title='bbox 1867 4303 1905 4360; x_wconf 86' lang='lat' dir='ltr'>dr·</span> 
     </span>
     <span class='ocr_line' id='line_1_70' title="bbox 1158 4395 1905 4466; baseline -0.004 -13"><span class='ocrx_word' id='word_1_482' title='bbox 1158 4399 1241 4454; x_wconf 87' lang='lat' dir='ltr'>miter</span> <span class='ocrx_word' id='word_1_483' title='bbox 1253 4395 1403 4454; x_wconf 78' lang='lat' dir='ltr'>confessus</span> <span class='ocrx_word' id='word_1_484' title='bbox 1417 4398 1452 4453; x_wconf 86' lang='lat' dir='ltr'>sit</span> <span class='ocrx_word' id='word_1_485' title='bbox 1474 4411 1506 4453; x_wconf 86' lang='lat' dir='ltr'>ae</span> <span class='ocrx_word' id='word_1_486' title='bbox 1518 4396 1595 4454; x_wconf 89' lang='lat' dir='ltr'>illam</span> <span class='ocrx_word' id='word_1_487' title='bbox 1616 4395 1701 4454; x_wconf 87' lang='lat' dir='ltr'>fldem</span> <span class='ocrx_word' id='word_1_488' title='bbox 1716 4403 1813 4454; x_wconf 69' lang='lat' dir='ltr'>tenne</span> <span class='ocrx_word' id='word_1_489' title='bbox 1831 4409 1905 4466; x_wconf 78' lang='lat' dir='ltr'>quam</span> 
     </span>
    </p>
   </div>
   <div class='ocr_carea' id='block_1_18' title="bbox 1158 4484 1904 4632">
    <p class='ocr_par' dir='ltr' id='par_1_21' title="bbox 1158 4484 1904 4632">
     <span class='ocr_line' id='line_1_71' title="bbox 1158 4484 1904 4556; baseline -0.005 -13"><span class='ocrx_word' id='word_1_490' title='bbox 1158 4487 1286 4544; x_wconf 82' lang='lat' dir='ltr'>Romana</span> <span class='ocrx_word' id='word_1_491' title='bbox 1302 4491 1398 4542; x_wconf 75' lang='lat' dir='ltr'>mneat</span> <span class='ocrx_word' id='word_1_492' title='bbox 1420 4486 1558 4556; x_wconf 81' lang='lat' dir='ltr'>Ecclesia,</span> <span class='ocrx_word' id='word_1_493' title='bbox 1583 4484 1688 4543; x_wconf 85' lang='lat' dir='ltr'>iaciant</span> <span class='ocrx_word' id='word_1_494' title='bbox 1704 4485 1835 4554; x_wconf 73' lang='lat' dir='ltr'>nectari,</span> <span class='ocrx_word' id='word_1_495' title='bbox 1847 4497 1904 4540; x_wconf 86' lang='lat' dir='ltr'>enm</span> 
     </span>
     <span class='ocr_line' id='line_1_72' title="bbox 1158 4573 1526 4632; baseline -0.005 0"><span class='ocrx_word' id='word_1_496' title='bbox 1158 4588 1224 4632; x_wconf 87' lang='lat' dir='ltr'>esse</span> <span class='ocrx_word' id='word_1_497' title='bbox 1238 4575 1332 4631; x_wconf 81' lang='lat' dir='ltr'>virum</span> <span class='ocrx_word' id='word_1_498' title='bbox 1343 4573 1526 4632; x_wconf 83' lang='lat' dir='ltr'>catholicum.</span> 
     </span>
    </p>
   </div>
   <div class='ocr_carea' id='block_1_19' title="bbox 1123 4687 1905 4863">
    <p class='ocr_par' dir='ltr' id='par_1_22' title="bbox 1123 4687 1905 4863">
     <span class='ocr_line' id='line_1_73' title="bbox 1164 4687 1905 4768; baseline -0.007 -16"><span class='ocrx_word' id='word_1_499' title='bbox 1164 4691 1317 4768; x_wconf 80' lang='lat' dir='ltr'>exparte</span> <span class='ocrx_word' id='word_1_500' title='bbox 1341 4688 1536 4752; x_wconf 89' lang='lat' dir='ltr'>dilectorum</span> <span class='ocrx_word' id='word_1_501' title='bbox 1558 4689 1703 4751; x_wconf 85' lang='lat' dir='ltr'>illiorum</span> <span class='ocrx_word' id='word_1_502' title='bbox 1717 4687 1905 4752; x_wconf 84' lang='lat' dir='ltr'>abbatemet</span> 
     </span>
     <span class='ocr_line' id='line_1_74' title="bbox 1123 4785 1902 4863; baseline -0.008 -13"><span class='ocrx_word' id='word_1_503' title='bbox 1123 4791 1344 4850; x_wconf 82' lang='lat' dir='ltr'>conventuum</span> <span class='ocrx_word' id='word_1_504' title='bbox 1358 4788 1398 4848; x_wconf 95' lang='lat' dir='ltr'>de</span> <span class='ocrx_word' id='word_1_505' title='bbox 1421 4787 1536 4850; x_wconf 91' lang='lat' dir='ltr'>ordine</span> <span class='ocrx_word' id='word_1_506' title='bbox 1561 4789 1680 4860; x_wconf 71' lang='lat' dir='ltr'>cleris,</span> <span class='ocrx_word' id='word_1_507' title='bbox 1705 4789 1774 4849; x_wconf 92' lang='lat' dir='ltr'>tam</span> <span class='ocrx_word' id='word_1_508' title='bbox 1786 4785 1902 4863; x_wconf 88' lang='lat' dir='ltr'>capitis,</span> 
     </span>
    </p>
   </div>
   <div class='ocr_carea' id='block_1_20' title="bbox 1100 4885 1902 4963">
    <p class='ocr_par' dir='ltr' id='par_1_23' title="bbox 1100 4885 1902 4963">
     <span class='ocr_line' id='line_1_75' title="bbox 1100 4885 1902 4963; baseline -0.006 -18"><span class='ocrx_word' id='word_1_509' title='bbox 1100 4919 1101 4922; x_wconf 60' lang='lat'><em>=</em></span> <span class='ocrx_word' id='word_1_510' title='bbox 1123 4903 1221 4963; x_wconf 85' lang='lat' dir='ltr'>quam</span> <span class='ocrx_word' id='word_1_511' title='bbox 1244 4885 1478 4954; x_wconf 87' lang='lat' dir='ltr'>membrorum,</span> <span class='ocrx_word' id='word_1_512' title='bbox 1495 4885 1557 4947; x_wconf 86' lang='lat' dir='ltr'>tuit</span> <span class='ocrx_word' id='word_1_513' title='bbox 1581 4885 1784 4962; x_wconf 86' lang='lat' dir='ltr'>propositum</span> <span class='ocrx_word' id='word_1_514' title='bbox 1803 4895 1902 4945; x_wconf 89' lang='lat' dir='ltr'>eoram</span> 
     </span>
    </p>
   </div>
   <div class='ocr_carea' id='block_1_21' title="bbox 1122 4981 1904 5544">
    <p class='ocr_par' dir='ltr' id='par_1_24' title="bbox 1122 4981 1904 5544">
     <span class='ocr_line' id='line_1_76' title="bbox 1124 4981 1902 5061; baseline -0.008 -17"><span class='ocrx_word' id='word_1_515' title='bbox 1124 4983 1230 5052; x_wconf 90' lang='lat' dir='ltr'>nobis,</span> <span class='ocrx_word' id='word_1_516' title='bbox 1246 4983 1333 5061; x_wconf 82' lang='lat' dir='ltr'>quod</span> <span class='ocrx_word' id='word_1_517' title='bbox 1345 4981 1384 5051; x_wconf 87' lang='lat' dir='ltr'>is,</span> <span class='ocrx_word' id='word_1_518' title='bbox 1402 4981 1458 5059; x_wconf 88' lang='lat' dir='ltr'>qui</span> <span class='ocrx_word' id='word_1_519' title='bbox 1471 4983 1569 5044; x_wconf 91' lang='lat' dir='ltr'>saluti</span> <span class='ocrx_word' id='word_1_520' title='bbox 1594 4982 1764 5043; x_wconf 90' lang='lat' dir='ltr'>bominum</span> <span class='ocrx_word' id='word_1_521' title='bbox 1779 4981 1902 5048; x_wconf 84' lang='lat' dir='ltr'>inridet,</span> 
     </span>
     <span class='ocr_line' id='line_1_77' title="bbox 1125 5073 1902 5158; baseline -0.01 -16"><span class='ocrx_word' id='word_1_522' title='bbox 1125 5083 1158 5142; x_wconf 89' lang='lat' dir='ltr'>et</span> <span class='ocrx_word' id='word_1_523' title='bbox 1172 5081 1287 5158; x_wconf 87' lang='lat' dir='ltr'>quieti,</span> <span class='ocrx_word' id='word_1_524' title='bbox 1313 5080 1490 5142; x_wconf 87' lang='lat' dir='ltr'>occasione</span> <span class='ocrx_word' id='word_1_525' title='bbox 1505 5082 1685 5156; x_wconf 88' lang='lat' dir='ltr'>assumpta,</span> <span class='ocrx_word' id='word_1_526' title='bbox 1707 5095 1752 5141; x_wconf 84' lang='lat' dir='ltr'>ex</span> <span class='ocrx_word' id='word_1_527' title='bbox 1766 5095 1813 5148; x_wconf 88' lang='lat' dir='ltr'>eo,</span> <span class='ocrx_word' id='word_1_528' title='bbox 1826 5073 1902 5153; x_wconf 88' lang='lat' dir='ltr'>qnod</span> 
     </span>
     <span class='ocr_line' id='line_1_78' title="bbox 1124 5174 1902 5256; baseline -0.01 -17"><span class='ocrx_word' id='word_1_529' title='bbox 1124 5178 1268 5249; x_wconf 89' lang='lat' dir='ltr'>libellus,</span> <span class='ocrx_word' id='word_1_530' title='bbox 1280 5193 1377 5256; x_wconf 90' lang='lat' dir='ltr'>quern</span> <span class='ocrx_word' id='word_1_531' title='bbox 1390 5176 1492 5239; x_wconf 88' lang='lat' dir='ltr'>abbas</span> <span class='ocrx_word' id='word_1_532' title='bbox 1516 5177 1667 5239; x_wconf 89' lang='lat' dir='ltr'>loachim</span> <span class='ocrx_word' id='word_1_533' title='bbox 1691 5179 1804 5238; x_wconf 90' lang='lat' dir='ltr'>eontra</span> <span class='ocrx_word' id='word_1_534' title='bbox 1817 5174 1902 5234; x_wconf 81' lang='lat' dir='ltr'>bona</span> 
     </span>
     <span class='ocr_line' id='line_1_79' title="bbox 1123 5269 1902 5350; baseline -0.013 -13"><span class='ocrx_word' id='word_1_535' title='bbox 1123 5277 1292 5337; x_wconf 89' lang='lat' dir='ltr'>memoriae</span> <span class='ocrx_word' id='word_1_536' title='bbox 1321 5276 1516 5350; x_wconf 90' lang='lat' dir='ltr'>magistrum</span> <span class='ocrx_word' id='word_1_537' title='bbox 1542 5275 1674 5335; x_wconf 85' lang='lat' dir='ltr'>Petrum</span> <span class='ocrx_word' id='word_1_538' title='bbox 1696 5269 1902 5336; x_wconf 90' lang='lat' dir='ltr'>Lombardum</span> 
     </span>
     <span class='ocr_line' id='line_1_80' title="bbox 1124 5370 1904 5449; baseline -0.013 -14"><span class='ocrx_word' id='word_1_539' title='bbox 1124 5374 1237 5446; x_wconf 89' lang='lat' dir='ltr'>edidit,</span> <span class='ocrx_word' id='word_1_540' title='bbox 1254 5373 1289 5434; x_wconf 94' lang='lat' dir='ltr'>in</span> <span class='ocrx_word' id='word_1_541' title='bbox 1304 5373 1455 5449; x_wconf 89' lang='lat' dir='ltr'>generali</span> <span class='ocrx_word' id='word_1_542' title='bbox 1480 5371 1541 5432; x_wconf 85' lang='lat' dir='ltr'>fuit</span> <span class='ocrx_word' id='word_1_543' title='bbox 1556 5370 1704 5432; x_wconf 81' lang='lat' dir='ltr'>coneilio</span> <span class='ocrx_word' id='word_1_544' title='bbox 1717 5371 1904 5434; x_wconf 88' lang='lat' dir='ltr'>condemna·</span> 
     </span>
     <span class='ocr_line' id='line_1_81' title="bbox 1122 5468 1901 5544; baseline -0.014 -11"><span class='ocrx_word' id='word_1_545' title='bbox 1122 5468 1901 5544; x_wconf 85' lang='lat' dir='ltr'>tus,contraeosnonnullos,tamclericos‚quam</span> 
     </span>
    </p>
   </div>
   <div class='ocr_carea' id='block_1_22' title="bbox 1122 5594 1901 5744">
    <p class='ocr_par' dir='ltr' id='par_1_25' title="bbox 1122 5594 1901 5744">
     <span class='ocr_line' id='line_1_82' title="bbox 1123 5594 1901 5676; baseline -0.014 -18"><span class='ocrx_word' id='word_1_546' title='bbox 1123 5601 1205 5660; x_wconf 88' lang='lat' dir='ltr'>luerit</span> <span class='ocrx_word' id='word_1_547' title='bbox 1224 5617 1276 5674; x_wconf 89' lang='lat' dir='ltr'>pro.</span> <span class='ocrx_word' id='word_1_548' title='bbox 1294 5601 1527 5672; x_wconf 87' lang='lat' dir='ltr'>compensatione</span> <span class='ocrx_word' id='word_1_549' title='bbox 1547 5609 1676 5656; x_wconf 81' lang='lat' dir='ltr'>votorum</span> <span class='ocrx_word' id='word_1_550' title='bbox 1704 5594 1901 5676; x_wconf 75' lang='lat' dir='ltr'>illustrislllan·</span> 
     </span>
     <span class='ocr_line' id='line_1_83' title="bbox 1122 5670 1875 5744; baseline -0.02 -12"><span class='ocrx_word' id='word_1_551' title='bbox 1122 5672 1193 5742; x_wconf 80' lang='lat' dir='ltr'>eltae,</span> <span class='ocrx_word' id='word_1_552' title='bbox 1207 5671 1355 5744; x_wconf 88' lang='lat' dir='ltr'>dequibus</span> <span class='ocrx_word' id='word_1_553' title='bbox 1370 5673 1464 5744; x_wconf 89' lang='lat' dir='ltr'>agitur</span> <span class='ocrx_word' id='word_1_554' title='bbox 1475 5671 1504 5727; x_wconf 94' lang='lat' dir='ltr'>in</span> <span class='ocrx_word' id='word_1_555' title='bbox 1515 5670 1633 5743; x_wconf 86' lang='lat' dir='ltr'>epistola</span> <span class='ocrx_word' id='word_1_556' title='bbox 1648 5671 1719 5730; x_wconf 89' lang='lat' dir='ltr'>CLll</span> <span class='ocrx_word' id='word_1_557' title='bbox 1739 5679 1875 5742; x_wconf 78' lang='lat' dir='ltr'>superiora.</span> 
     </span>
    </p>
   </div>
   <div class='ocr_carea' id='block_1_23' title="bbox 0 0 1980 6342">
    <p class='ocr_par' dir='ltr' id='par_1_26' title="bbox 0 0 1980 6342">
     <span class='ocr_line' id='line_1_84' title="bbox 0 0 1980 6342; baseline 0 0"><span class='ocrx_word' id='word_1_558' title='bbox 0 0 1980 6342; x_wconf 95' lang='lat' dir='ltr'> </span> 
     </span>
    </p>
   </div>
  </div>
 </body>
</html>
