3946 6304
265 299 323 370 ter
879 297 1055 361 nononn
1078 299 1122 360 rn
1143 301 1291 364 ornae.
1841 313 1895 371 403
1962 267 1963 352 l

264 462 317 526 ter
335 457 421 540 quod
442 459 553 538 gravis
573 456 703 536 quidem
721 456 756 518 in
771 455 865 519 vobis
883 472 1054 530 excessus,
1112 456 1146 519 in
1166 459 1371 532 scandalum,
1387 475 1484 537 poena
1500 457 1543 522 sit
1567 461 1810 541 inexemplum,
1827 467 1890 529 lor-

264 558 322 620 sed
338 557 474 634 gravius
488 557 538 618 est
552 554 833 632 exemplnmmam
844 551 922 634 [non
933 553 1053 636 solnm]
1111 555 1243 620 midare
1250 557 1398 634 potestis,
1414 570 1455 620 ne
1474 550 1534 620 vo's
1545 559 1728 636 episcopali
1742 563 1892 638 dignitate

262 655 411 732 gladium
438 655 481 730 in
500 657 683 718 Romanam
709 652 893 714 Ecclesiam
915 654 1054 717 matrem
1087 653 1291 730 privemus,
1308 654 1458 716 dolentes
1485 655 1514 716 si
1530 657 1656 734 partem
1672 659 1891 722 tambonora-
1962 639 1963 712 l

263 754 408 814 uestram
433 752 563 824 acuitis,
577 750 634 811 sed
655 747 792 812 inlicitis
806 751 956 818 caeteros,
969 753 1055 813 uteo
1110 750 1245 813 bilema
1266 754 1378 814 vestro
1397 765 1715 832 cogamur-corpore·
1733 773 1889 834 separare.
1962 787 1963 832 1

264 850 371 927 magis
397 850 428 910 ei
463 863 583 910 nocere
616 847 918 925 praesumentum
946 848 1055 908 minus
1112 848 1233 910 Scituri
1249 849 1364 912 nosad
1381 852 1895 932 praesensvicinisepiscopicin
1962 861 1963 870 ’

264 963 362 1024 quam
395 962 454 1012 vos
487 945 593 1008 eidem
629 945 844 1007 considerant
875 961 911 1006 se
936 945 1060 1010 teneri.¹
1106 946 1324 1022 junxissent
1338 947 1486 1011 districte
1498 949 1568 1010 suis
1583 949 1760 1014 civibuset
1779 951 1892 1014 dioece-

141 1031 143 1036 ’
265 1043 359 1104 Certe
383 1042 578 1120 jamdudum
606 1041 736 1105 dilectis
765 1042 843 1104 liliis
868 1042 1055 1105 bominibus
1110 1043 1202 1106 sanis
1227 1044 1287 1110 sub
1307 1059 1405 1122 poena
1430 1047 1783 1109 excommunicationis
1809 1049 1892 1110 inni-

263 1139 411 1217 ejusdem
439 1142 558 1202 Messes
583 1139 773 1217 lugentibus
800 1140 992 1216 impugnari
1020 1156 1056 1202 se
1109 1140 1893 1216 neant,nevobis‚oonecadmandatumnostmn

262 1238 410 1313 graviter
421 1253 441 1300 a
452 1237 587 1300 ciuitate
601 1239 724 1309 vestra,
741 1237 811 1298 filia
828 1237 925 1300 Sedis
944 1241 1054 1316 Apos—
1109 1237 1287 1312 redieritis,
1302 1239 1337 1301 in
1347 1241 1555 1303 commerciis
1567 1241 1823 1316 communicare,
1840 1247 1890 1307 aut
1962 1241 1963 1296 ἶ

262 1334 372 1396 tolicae
400 1335 516 1396 matris
543 1351 628 1408 suae,
655 1335 745 1397 circa
773 1351 833 1397 vos
859 1338 931 1398 arte
957 1335 1055 1412 periti
1111 1337 1144 1398 in
1159 1337 1293 1400 civitate
1307 1339 1417 1400 vestra
1431 1339 1702 1416 potestariae,sen
1719 1340 1891 1417 quodcum-
1962 1349 1963 1354 ’

263 1431 384 1494 medici
408 1432 460 1494 usi
475 1448 689 1504 sumne,cum
710 1432 856 1512 pertidiae
880 1432 1001 1494 vulnus
1020 1433 1055 1494 in
1110 1449 1175 1513 que
1208 1435 1297 1496 aliud
1329 1435 1475 1498 officium
1503 1452 1660 1499 exercere
1686 1441 1889 1515 praesumant,
1962 1425 1963 1428 '

262 1528 358 1590 nobis
374 1529 521 1590 nondum
534 1529 698 1594 incisione
711 1545 829 1592 curare
839 1531 1054 1603 voluerimus,
1110 1547 1184 1593 eum
1199 1547 1258 1609 pro
1273 1547 1313 1594 eo
1328 1533 1439 1606 etiam,
1457 1534 1542 1611 quod
1556 1535 1695 1612 perjurii
1709 1537 1744 1597 et
1755 1535 1890 1597 infideli·
1962 1543 1963 1564 ¹

263 1626 322 1686 sed
340 1626 505 1700 lomentis,
517 1627 636 1705 quibus
651 1645 710 1692 vos
725 1627 766 1688 ad
780 1628 921 1689 salutem
935 1643 1054 1705 spera·
1110 1629 1187 1692 tatis
1212 1629 1448 1707 improperium
1468 1631 1669 1705 incurristis,
1684 1633 1733 1694 eis
1748 1633 1892 1709 expediat
1962 1619 1963 1674 5

262 1723 372 1784 ulmus
388 1726 560 1786 revocari:
581 1725 638 1786 sed
654 1724 832 1802 plagajam
849 1740 908 1784 sua
924 1724 1056 1800 magni·
1109 1727 1226 1790 vitare.
1248 1728 1366 1791 Datum
1387 1729 1473 1806 apud
1500 1727 1621 1791 Urbem
1644 1730 1809 1803 Veterem,
1826 1733 1890 1792 Vlll
1962 1713 1963 1750 ³

262 1820 379 1882 tudine
390 1820 577 1898 desperata,
590 1821 714 1891 terrum
736 1821 939 1900 providimus
955 1822 1054 1884 adni-
1109 1825 1184 1894 idus
1194 1825 1284 1904 tulii,
1302 1825 1513 1903 pontificatus
1527 1827 1732 1892 nostrianno
1744 1829 1867 1906 quarto.
1962 1825 1963 1886 l

262 1915 417 1988 bendum,
433 1918 512 1995 quia
525 1920 668 1982 secanda
697 1921 774 1981 sunt
799 1920 951 1991 vulnera,
981 1935 1054 1997 quae

262 2013 483 2076 fomentorum
498 2030 563 2078 non
577 2017 945 2080 sentiuntmedicinam.
961 2017 1056 2079 Dole-
1089 2047 1090 2050 ¹
1420 2019 1594 2114 CLXXII

262 2129 335 2174 mus
362 2128 440 2190 ergo
469 2113 556 2191 quod
578 2114 619 2174 ad
636 2129 710 2176 eam
724 2131 783 2176 nos
808 2116 935 2194 peccati
950 2115 1054 2177 vestri
1226 2155 1278 2221 Ad
1291 2156 1497 2218 conventum
1510 2159 1551 2218 de
1566 2159 1773 2221 Rauenbmh

262 2209 387 2274 duritia
410 2212 643 2274 necessitatem
666 2213 837 2303 inducitis,
852 2215 889 2277 ut
910 2213 1004 2275 vohis
1018 2213 1054 2274 in
1360 2279 1363 2286 Ι
1446 2277 1451 2288 ,
1485 2279 1501 2290 „
1775 2202 1784 2218 '

257 2309 335 2385 jure
349 2309 462 2370 nostro
477 2305 618 2386 reproba
628 2310 814 2374 temeritate
828 2310 1054 2372 crassentibus
1088 2349 1090 2355 -
1411 2278 1513 2350 ΨΜ·
1531 2277 1610 2338 ¹²²&

262 2419 400 2482 parcere
418 2421 485 2468 non
500 2407 676 2484 possimus,
693 2424 753 2486 pro
766 2423 805 2470 eo
821 2408 907 2486 quod
922 2423 989 2469 non
1005 2411 1055 2470 est
1319 2393 1441 2454 [nonum.
1460 2392 1539 2450 nuc..
1559 2393 1624 2452 vill,
1639 2394 1691 2458 ¹⁰4

262 2502 381 2574 uirtus,
412 2503 469 2564 sed
494 2505 611 2568 vitium
639 2504 868 2582 peccatori-bus
882 2506 1053 2582 ignoscere
1109 2499 1473 2572 ¹ll⁸l¹¹¹¹i‘¹1·l)?⁰l0011'⁰nem
1488 2514 1571 2558 “lim
1589 2500 1709 2573 tillidi>it
1723 2502 1892 2558 &lectitatis

263 2599 458 2662 obstinatis.
486 2604 592 2663 Porro
621 2617 695 2663 cum
727 2601 876 2664 Ecclesia
905 2605 1053 2664 Romane
1333 2586 1503 2646 diversesei
1520 2587 1679 2648 Gfflflffflflt·

262 2699 406 2760 vestram
423 2698 599 2760 ecclesiam
625 2715 693 2775 prae
719 2699 851 2760 caeteris
875 2700 1054 2778 specialius
1149 2696 1329 2767 Honorius,
1344 2697 1419 2768 etc,
1439 2695 1570 2759 dilectis
1585 2697 1666 2757 liliis
1681 2698 1892 2774 praepositoet

261 2794 433 2872 adoptavit
447 2795 482 2856 in
493 2811 598 2868 suam,
611 2796 724 2858 multis
740 2811 813 2856 eam
830 2795 924 2856 bonis
941 2797 1054 2875 reple-
1108 2793 1287 2856 conventui
1304 2793 1344 2854 de
1360 2792 1577 2867 Raitenbuob,
1594 2793 1739 2856 salutem
1756 2795 1790 2856 et
1806 2810 1894 2872 apos-

260 2891 346 2954 verit
360 2895 394 2954 et
407 2892 544 2966 dotavit,
561 2909 686 2971 vosque
705 2892 845 2970 pingues
872 2896 904 2955 et
931 2893 1055 2956 incras·
1107 2891 1242 2954 tolicam
1252 2890 1529 2954 benedictionem.

261 2988 326 3050 sati
351 3005 391 3051 ac
413 2991 675 3064 recalcitrantes,
692 2991 815 3063 dilecti,
833 2991 959 3054 tanum
977 3007 1052 3052 ma·
1148 2991 1255 3062 Quum
1277 3003 1296 3050 a
1316 2986 1556 3066 nobispetitur·
1570 2989 1795 3066 quodiustum
1808 2989 1854 3050 est
1866 2989 1893 3050 et

260 3085 322 3148 tris
336 3088 554 3164 aspernimini
574 3089 728 3164 gretiam,
750 3089 786 3150 ut
812 3089 971 3166 tanquam
994 3089 1057 3148 tilii.
1110 3087 1298 3157 honestum,
1318 3087 1383 3147 tem
1400 3085 1496 3160 rigor
1518 3087 1687 3163 aequitatis
1707 3103 1806 3166 quam
1821 3087 1889 3148 ordo

260 3193 281 3240 a
302 3179 399 3242 nobis
426 3181 528 3244 alieni
551 3197 570 3242 a
597 3183 722 3244 nostris
748 3181 911 3244 duxeritis
926 3182 1054 3244 semitis
1108 3184 1215 3260 exigit
1226 3183 1382 3254 rationis,
1400 3185 1436 3245 ut
1450 3199 1510 3260 per
1528 3184 1786 3246 sollicitudinem
1799 3185 1887 3246 offleii

260 3276 514 3356 declinandum
548 3280 711 3356 quomodo
751 3279 936 3342 remanebit
975 3295 1054 3357 gra·
1087 3279 1272 3352 ,nostri,ld
1286 3280 1329 3340 ad
1349 3279 1494 3342 debitum
1510 3281 1710 3358 perducatur
1732 3283 1885 3344 effectum.

154 3371 158 3382 '
259 3375 306 3436 tia
328 3391 404 3436 curn
425 3375 578 3452 ingratis,
596 3377 676 3455 quin
690 3378 800 3454 potius
828 3394 902 3439 cum
922 3377 1054 3456 prodigi
1109 3377 1301 3454 ilapropter,
1317 3377 1431 3439 dilecti
1458 3379 1493 3438 in
1522 3379 1662 3439 Domino
1684 3379 1759 3452 filii,
1779 3379 1887 3442 vestris

260 3471 333 3542 sitis
353 3473 502 3546 honoris,
519 3489 579 3552 pro
601 3489 640 3536 eo
662 3474 749 3550 quod
762 3475 828 3536 mm
845 3474 1053 3552 impudenter
1103 3475 1211 3552 Justis·
1234 3473 1514 3551 postulationibus
1545 3477 1887 3551 gratoconcmrentes

259 3568 452 3640 fidelitatem
462 3569 768 3658 etjusjurand'uma
782 3575 876 3648 tergo
890 3572 1053 3650 relinqui·
1107 3587 1257 3642 assensu
1274 3585 1434 3654 personas
1449 3573 1593 3644 reseas,
1610 3575 1644 3634 et
1664 3573 1774 3640 locum
1788 3575 1821 3635 in
1834 3589 1888 3651 quo

258 3666 321 3728 tisl
336 3684 441 3746 quare
452 3684 517 3730 non
531 3668 739 3730 auferremus
754 3684 773 3729 a
788 3667 894 3740 vobis,
906 3671 972 3731 nisi
987 3670 1051 3734 cito
1107 3668 1219 3730 diuino
1243 3669 1324 3731 estis
1344 3668 1503 3746 obsequio
1530 3669 1710 3747 mancipati
1737 3687 1810 3732 cum
1828 3686 1891 3732 on·

258 3764 299 3825 ed
321 3780 379 3826 cor
397 3765 623 3837 revertamini,
644 3767 929 3843 prevaricatores,
946 3767 1052 3828 hono-
1107 3765 1206 3826 nibus
1224 3765 1321 3831 bonis
1343 3782 1416 3843 quae
1431 3767 1466 3826 in
1481 3767 1741 3844 praesentiarum
1752 3769 1893 3830 rationa-

258 3877 339 3934 rem,
355 3863 576 3941 episcopalem
587 3862 741 3926 videlicet
755 3863 960 3940 dignitatem,
977 3880 1051 3924 cum
1106 3862 1218 3924 hiliter
1253 3863 1429 3940 possidetis
1465 3865 1523 3927 aut
1555 3865 1590 3926 in
1624 3864 1772 3946 sutirum
1799 3865 1887 3942 justis

258 3961 299 4023 ad
313 3961 495 4022 vindictam
506 3961 695 4038 hujusmodi
709 3961 845 4022 sceleris
861 3963 894 4023 et
905 3963 1050 4040 exempli
1106 3960 1407 4037 modiapraestante
1422 3962 1561 4022 Domino
1577 3962 1728 4039 poteritis
1748 3963 1886 4040 adipisci,

257 4057 316 4120 uix
330 4075 428 4136 poena
446 4057 589 4120 sufficiat
602 4059 825 4134 ignominiosa
845 4060 1051 4136 quantumli-
1106 4057 1167 4118 sub
1181 4057 1275 4122 beati
1292 4059 1388 4120 Petri,
1401 4059 1890 4136 etnostraprntectionesusci-

258 4153 314 4218 bet
335 4157 367 4218 et
389 4155 567 4217 damnosal
581 4159 704 4218 Verum
723 4156 832 4216 adhuc
857 4158 1052 4234 exspectare
1106 4155 1225 4233 pimus.
1241 4155 1438 4232 Specialiter
1451 4158 1562 4220 autem
1575 4158 1735 4220 ecclesias
1753 4159 1787 4219 in
1799 4155 1887 4219 tirol-

257 4269 298 4314 ac
322 4269 383 4315 vos
412 4253 613 4331 praemunire
638 4253 801 4325 volentes,
817 4254 846 4314 si
872 4252 985 4315 forsan
1009 4271 1052 4316 en
1106 4255 1243 4330 flingen,
1267 4254 1303 4314 in
1319 4251 1463 4322 Urbaoh,
1483 4254 1519 4314 in
1534 4255 1713 4319 Mulbussn
1727 4256 1808 4318 etin
1826 4257 1894 4315 Un-.

257 4350 370 4428 aliqua
385 4343 577 4414 deuotionis¹
590 4351 643 4414 vel
665 4351 877 4416 discretionis
892 4351 1049 4425 scintilla,
1107 4352 1300 4422 trecensem
1314 4351 1348 4413 et
1361 4351 1475 4414 Sanan
1487 4353 1662 4420 Laurentii
1676 4353 1711 4414 in
1725 4354 1888 4428 sobongan

257 4447 370 4512 datum
394 4449 437 4512 sit
452 4447 553 4510 robis
566 4449 715 4527 effugere
727 4466 747 4534 a
760 4450 847 4512 lacis
869 4465 967 4511 arcus
991 4465 1052 4511 ex·
1106 4465 1145 4510 ae
1161 4449 1228 4511 alia
1243 4448 1330 4510 bona
1343 4449 1465 4520 vestre,
1482 4449 1570 4510 sicut
1587 4466 1628 4511 ee
1641 4451 1754 4518 omnia
1765 4451 1849 4529 juste
1860 4449 1887 4508 ei

255 4545 350 4618 tenti,
364 4545 579 4608 universitati
587 4550 706 4610 vestrae
722 4547 938 4620 consulimus
948 4549 983 4610 et
992 4561 1052 4624 per
1107 4546 1244 4624 pacilice
1259 4545 1446 4622 possidetis,
1460 4545 1554 4607 vobis
1568 4549 1601 4609 et
1617 4563 1677 4629 per
1690 4562 1894 4611 coemeras--

256 4643 445 4719 apostoliea
466 4644 590 4720 scripta
614 4644 674 4706 snb
698 4645 808 4707 debito
830 4645 999 4707 fidelitatis
1019 4646 1052 4706 et
1106 4643 1190 4706 terio
1212 4645 1323 4705 vestro
1351 4643 1754 4722 auctoritatenpastolica
1773 4645 1883 4708 contir-

256 4740 397 4817 praestiti
429 4742 612 4818 juramenti
645 4742 794 4805 districte
828 4742 1050 4820 praecipiendo
1106 4757 1234 4804 mamus
1245 4741 1278 4803 et
1291 4741 1465 4818 praesentis
1479 4742 1595 4819 scripti
1609 4743 1793 4819 mensurio
1807 4757 1885 4804 com-
1962 4745 1963 4764 ¹

257 4837 463 4910 mandamus,
492 4840 655 4916 quatenus
682 4855 748 4900 non
772 4840 957 4916 praebentes
975 4855 1051 4902 ues-
1106 4839 1284 4900 munimus.
1304 4837 1392 4900 Nulli
1411 4853 1491 4914 ergo
1515 4841 1649 4902 omnino
1669 4840 1834 4904 hominurn
1848 4837 1885 4896 li·

256 4936 344 4997 trum
359 4935 479 4998 alienis
495 4937 667 5008 bonorem,
681 4936 873 5012 predictam
893 4939 1048 5010 Massam,
1106 4939 1180 4999 neat
1198 4936 1285 4998 hano
1311 4935 1467 5013 pagiuam
1489 4939 1613 5000 nostrae
1636 4937 1843 5015 protectionis
1859 4935 1885 4993 et

257 5050 342 5111 quae,
355 5033 443 5096 beati
457 5033 550 5096 Petri
558 5034 647 5110 juris
659 5034 784 5106 existit,
796 5037 954 5112 tanquam
966 5050 1049 5107 rem,
1106 5034 1368 5096 confirmationis
1392 5033 1587 5112 infringere,
1613 5037 1665 5098 vel
1688 5037 1721 5097 ei·
1744 5051 1824 5096 ausu
1846 5033 1885 5092 te-

254 5149 328 5210 quae
352 5132 388 5194 in
410 5133 502 5194 nullo
524 5131 566 5194 ad
590 5145 649 5193 vos
674 5131 830 5208 pertinet,
848 5133 997 5194 universi
1018 5133 1052 5195 et
1105 5133 1250 5195 merario
1263 5135 1442 5196 contraire.
1458 5135 1492 5194 Si
1504 5135 1579 5210 quis
1592 5135 1702 5196 autem
1715 5134 1776 5195 hoo
1790 5131 1883 5194 atten-

256 5230 380 5306 singuli
407 5229 594 5302 dimittatis,
608 5229 693 5290 nihil
717 5227 812 5290 vobis
838 5229 875 5290 in
895 5245 935 5290 ea
950 5230 1003 5292 vel
1015 5230 1051 5292 in
1105 5234 1178 5294 lars
1190 5232 1451 5308 presumpserit,
1473 5232 1735 5308 indignationem
1750 5229 1885 5305 omnipo-

256 5537 353 5583 cessu
372 5523 481 5598 dignae
504 5523 572 5585 Deo
594 5525 627 5584 et
642 5521 738 5584 nobis
753 5521 946 5584 satisfacere
960 5525 1051 5586 sata-
1105 5523 1190 5600 apud
1208 5524 1328 5585 Urbem
1344 5527 1509 5595 Veterem,
1530 5525 1603 5586 vili
1617 5523 1691 5586 idus
1705 5523 1791 5603 julil,
1808 5535 1883 5598 pon-¹

255 5619 559 5698 genteslllioquin,
572 5622 618 5692 ut,
629 5619 857 5700 quibusculpa
867 5621 976 5682 vestra
989 5620 1051 5682 luit
1109 5621 1250 5684 tilicetus
1265 5623 1369 5686 nostri
1389 5627 1478 5684 anno
1492 5623 1626 5700 quarto..

255 5330 328 5402 ejus
351 5325 596 5389 habitatoribus
618 5326 761 5404 amplius
786 5327 995 5402 usurpantes,
1018 5328 1051 5391 et
1104 5329 1204 5390 tentis
1219 5329 1280 5390 Dei
1294 5331 1327 5391 et
1341 5329 1622 5394 beatorumPetri
1635 5331 1670 5390 et
1685 5329 1778 5390 Pauli
1798 5341 1883 5403 epos-
1962 5279 1963 5354 ἕ

255 5423 296 5485 de
311 5426 500 5502 perpetrato
514 5440 533 5486 a
549 5423 644 5486 vobis
660 5425 761 5486 tantae
778 5424 975 5488 temeritatis
989 5439 1051 5486 ex·
1104 5426 1247 5488 telorum
1262 5428 1335 5503 ejus
1347 5443 1387 5488 se
1398 5427 1529 5488 noverit
1543 5426 1765 5488 incursurum.
1781 5424 1882 5485 balan
1962 5483 1963 5510 χ
