4088 6306
245 349 301 408 ‘231
864 345 1040 407 HONORII
1064 346 1108 406 111
1130 347 1278 409 OPERA.
1830 350 1889 410 232

244 505 301 568 tiae
323 505 455 584 quidem
475 505 730 584 tuaeprudentIa
751 503 858 581 plene,
876 503 1040 566 utcradi-
1093 504 1161 567 tate
1198 505 1396 582 quaerendus
1424 507 1475 568 est
1509 505 1680 578 Dominus,
1705 507 1763 584 qui
1796 507 1892 570 adest

245 621 334 675 mus,
358 604 527 686 cognoscit
554 605 586 665 11
599 603 690 665 videt
707 603 798 678 ipsos
813 602 994 664 Tolosancs
1007 602 1041 664 et
1094 603 1247 664 omnibus
1275 603 1310 663 in
1337 603 1477 665 veritate
1503 603 1735 666 invocantibus
1768 621 1889 666 nomen

245 717 359 763 eorum
382 701 558 778 complices
573 700 614 761 ad
637 701 670 762 id
687 701 877 777 specialiter
892 702 924 762 et
940 700 1038 777 prin·
1094 703 1176 776 ejus.
1192 701 1353 772 Quocirca
1375 702 1628 763 universitatem
1652 703 1797 764 vestram
1818 719 1890 764 mo-

245 799 598 876 cipalitertendere,ut
611 798 807 874 apparatum
818 813 916 874 quem
930 797 1038 858 fecisti
1094 797 1233 858 nondam
1250 797 1404 858 duximus
1426 800 1459 860 et
1474 799 1683 872 hortandam,
1701 815 1762 876 per
1780 802 1890 875 Apos-

244 911 304 973 pro
313 896 472 973 jamdicto
487 896 619 971 negotio
644 894 745 974 (quod
765 895 852 956 absit
864 893 888 974 t)
904 895 1040 956 valeant
1094 895 1194 956 tolica
1208 897 1331 972 scripta
1344 896 1550 967 mandantes,
1561 899 1725 973 quatenus
1738 913 1803 957 non
1816 913 1890 974 quae

245 995 417 1070 impedire.
435 994 518 1066 Quia
533 1009 612 1054 vero
638 993 708 1054 sine
723 993 819 1068 gravi
833 992 991 1054 scandalo
1007 993 1040 1053 11
1093 995 1203 1054 vestra
1220 995 1306 1065 sunt,
1323 993 1379 1054 sed
1400 1009 1472 1071 quaa
1488 993 1611 1055 Christi
1626 995 1823 1071 quaerentes,
1849 994 1892 1054 ad

244 1091 416 1168 dispendio
430 1092 496 1153 tuae
525 1090 644 1152 salutis
668 1092 702 1152 et
726 1089 822 1150 famae
842 1105 908 1150 non
924 1105 1038 1166 posses

244 1205 363 1250 novam
390 1189 638 1250 concessionem
667 1187 778 1249 facere
801 1187 841 1248 de
859 1187 1037 1264 praedictis

242 1286 296 1348 vel
320 1285 454 1347 differre
476 1286 716 1363 promotionem
742 1284 871 1362 praefati
901 1284 1036 1360 negotii,

241 1400 302 1469 pro
315 1383 516 1462 quotantum
531 1385 726 1460 apparatum
741 1383 889 1443 nosceris
901 1385 971 1458 jam
985 1380 1038 1442 11-

243 1483 340 1553 cisse,
357 1483 490 1559 plenam
511 1481 671 1542 habemus
688 1480 854 1552 fiduciam,
871 1480 958 1557 quod
973 1480 1038 1540 tuae

244 1579 482 1656 magnitudinis
495 1577 757 1656 circumspectio,
768 1577 840 1638 haec
850 1576 1036 1647 attendens,

245 1693 281 1742 11
303 1693 368 1737 non
392 1675 479 1738 sinet
500 1675 613 1736 seduci
637 1675 869 1761 praedictorum
890 1675 1037 1736 versutia

244 1775 478 1850 malignorum,
493 1789 553 1835 nec
575 1774 739 1836 maculam
761 1773 858 1834 istam
880 1771 1038 1849 ingloria

244 1873 301 1934 tua
315 1887 428 1949 ponae,
454 1887 513 1948 per
537 1885 634 1948 qnam
650 1869 764 1947 procul
780 1869 879 1931 dnbio
898 1870 1037 1930 multum

244 1969 474 2031 obfuscaretur
500 1968 616 2030 titulus
631 1969 697 2029 tuae
721 1965 840 2038 landis,
855 1967 889 2028 et
904 1967 1037 2028 tuorum

243 2067 450 2128 minueretur
471 2065 622 2126 cumulus
647 2064 851 2125 meritorum.
864 2067 914 2126 Ex
930 2064 1039 2125 abun-

243 2165 356 2226 dantia
367 2164 584 2238 tamenregiae
593 2163 807 2224 sublimitatIs
817 2163 1036 2243 constantiam

243 2261 486 2323 sollicitandam
502 2261 655 2321 duximus
681 2265 713 2321 et
734 2259 1039 2336 hortandamqua-

243 2361 350 2430 1111111,
363 2359 395 2418 in
408 2358 471 2418 hoc
487 2357 572 2418 iacto
588 2355 713 2418 habens
729 2373 797 2432 praa
810 2357 916 2417 oculis
931 2355 1037 2416 solum

244 2459 359 2528 Deum,
377 2459 444 2516 tea
464 2454 631 2531 praedictis
649 2453 881 2515 circumveniri
903 2453 1037 2514 fallaci-

244 2554 306 2614 bus
322 2569 388 2614 non
401 2553 571 2628 permittas
585 2573 593 2626 3
616 2550 684 2622 sed,
698 2552 753 2611 via
768 2551 861 2626 regia
882 2551 1037 2625 gradiens

244 2653 410 2721 moretu0,
421 2649 544 2710 nullius
556 2649 730 2709 mundanae
742 2648 895 2709 utilitatis
907 2647 1038 2723 objectu

244 2749 391 2810 declines
415 2747 456 2808 ad
472 2747 642 2808 dexteram
655 2746 708 2808 vel
724 2745 904 2806 sinistram.
918 2745 1037 2806 Datum

243 2849 367 2919 Romae,
383 2846 468 2921 apud
486 2847 518 2905 S.
536 2847 682 2916 Petrum,
699 2843 774 2904 idus
796 2843 887 2914 maii,
902 2843 1039 2920 pontifl-

243 2945 338 3008 catus
351 2943 456 3006 nostri
467 2955 554 3004 anno
567 2942 676 3003 tertie.

565 3101 715 3188 CCXXI

244 3241 296 3302 Aa
330 3237 512 3298 uniuersos
547 3233 804 3309 011101111ηαί01
846 3233 1036 3304 nectente,

283 3335 467 3404 Bohemtoe,
484 3333 664 3402 Morovtae,
681 3333 808 3401 Doctae,
830 3333 983 3392 Potoutoe
1006 3331 1040 3390 et

284 3433 504 3493 pomeranica
529 3431 574 3495 ud
596 3429 785 3490 subsidium
801 3428 1041 3488 prutenorum

282 3527 551 3606 proficiscentes.

539 3639 657 3697 16111111
674 3637 752 3697 1119.

386 3747 501 3815 [Suhm.,
515 3743 580 3799 Hist.
593 3745 619 3796 ai
629 3743 766 3803 1110111111,
779 3743 822 3802 lli,
831 3743 900 3808 311]

245 3849 410 3911 Exhortatio
435 3854 466 3905 ut
493 3859 551 3902 non
574 3851 703 3917 querant
733 3859 796 3915 quae
817 3858 869 3900 sua
891 3848 967 3912 sunt,
990 3839 1040 3898 sed

281 3955 345 4012 quaa
366 3935 477 4006 Christi,
510 3934 546 3993 ad
582 3931 807 3992 convertendum
835 3945 966 4005 paganos
1004 3929 1040 3987 ad

281 4026 444 4086 Dominum.

287 4134 455 4198 Honorius
470 4131 644 4208 episcopus
658 4144 774 4191 servus
786 4141 957 4188 servorum
969 4125 1039 4198 Dei,

248 4223 1039 4304 universiscrucesignatisTeutoniae,Bohemiae,

247 4331 416 4402 Moraviae,
430 4327 550 4398 Daciae,
561 4325 708 4386 Poloniae
723 4324 755 4384 et
770 4321 990 4393 Pomeraniae,
999 4321 1041 4382 ad

248 4429 431 4492 subsidium
446 4425 666 4486 Prutenorum
684 4417 980 4499 proficiscentibus.

289 4529 369 4588 Cum
382 4522 562 4586 secundum
577 4519 770 4598 Apostolum
784 4532 882 4580 nemo
895 4515 1042 4577 militans

250 4629 318 4688 Deo
337 4615 486 4698 implicat
509 4635 545 4680 sa
573 4617 790 4679 saecularibus
812 4613 966 4690 negotiis
987 4628 1040 4684 ne,

248 4737 398 4798 nonquae
408 4733 540 4778 sursum
553 4717 639 4786 sunt,
652 4713 709 4776 sed
720 4729 793 4790 quae
807 4711 1042 4789 superterram

249 4807 400 4900 quarere
419 4811 582 4884 videatur,
607 4810 791 4873 cavendum
808 4813 858 4871 est
876 4809 981 4880 10111,
1001 4823 1042 4869 ne

250 4905 1040 4986 cumvosadscripseritisobsequiolesuChristi,

250 5017 291 5080 ad
306 5008 547 5076 defendendum
562 5004 785 5067 venerabilem
801 5003 937 5065 fratrem
959 5019 1042 5064 nos-

247 5117 372 5179 trum...
385 5106 532 5170 Prussiae
545 5104 748 5182 episcopum,
765 5103 797 5163 et
812 5102 942 5162 noviter
955 5099 1041 5177 bap-

1094 1089 1352 1150 convertendum
1368 1089 1409 1150 ad
1424 1091 1610 1162 Dominum,
1628 1106 1695 1151 non
1710 1090 1751 1152 ad
1770 1089 1891 1168 subju-

1095 1186 1240 1262 gandum
1254 1190 1373 1248 vestrae
1389 1187 1541 1249 servituti
1557 1203 1704 1264 paganos
1717 1187 1893 1249 intendere

1095 1284 1266 1357 studeatis,
1277 1286 1424 1362 nequod
1436 1283 1592 1357 absit‚illi
1603 1285 1757 1347 timentes
1768 1285 1892 1361 subjici

1095 1382 1383 1454 sordidissimi
1409 1383 1534 1444 erroris
1561 1383 1747 1460 pertinacia
1772 1381 1894 1444 lortius

1094 1479 1313 1550 obstinentur,
1329 1483 1361 1542 et
1375 1495 1435 1542 vos
1454 1480 1577 1541 frustra
1596 1479 1754 1541 laboretis
1769 1480 1805 1540 in
1828 1481 1892 1552 eis,

1093 1578 1123 1638 si
1138 1579 1308 1649 Dominus,
1326 1579 1382 1655 qui
1397 1593 1494 1639 renes
1521 1578 1692 1639 scrutatur
1720 1578 1753 1639 et
1776 1577 1891 1648 corda,

1093 1675 1178 1736 votis
1193 1675 1313 1736 vestris
1330 1691 1396 1736 non
1409 1675 1529 1736 faverit
1551 1675 1742 1747 insensatis,
1771 1675 1828 1735 sed
1852 1676 1890 1738 ut

1093 1772 1239 1848 legitime
1252 1775 1380 1835 certare
1393 1773 1589 1850 probemini,
1598 1773 1639 1834 ab
1649 1772 1800 1834 omnibus
1809 1771 1891 1832 abs-

1092 1871 1235 1932 tinentes
1254 1871 1393 1944 illicitis,
1407 1870 1591 1932 venerabili
1618 1871 1712 1932 tratri
1734 1871 1887 1931 nostro...

1093 1969 1247 2045 episcopo
1262 1969 1408 2029 Prnssiaa
1425 1984 1527 2046 super
1539 1969 1591 2029 his
1610 1969 1716 2028 modis
1734 1966 1890 2029 omnibus

1092 2065 1283 2138 Intendatis,
1300 2065 1353 2127 cui
1370 2067 1527 2128 Dominus
1541 2067 1576 2127 in
1590 2066 1641 2126 his
1655 2067 1706 2127 est
1725 2065 1890 2126 hactenus

1093 2163 1329 2225 miserabiliter
1343 2165 1566 2240 prosperatus.
1584 2164 1652 2224 Nos
1668 2163 1757 2223 enirn
1780 2161 1889 2223 eidem

1093 2263 1247 2339 episcopo
1262 2263 1385 2324 nostris
1401 2262 1550 2324 dedimus
1564 2261 1685 2323 litteris
1698 2261 1732 2320 in
1748 2259 1891 2321 manda-

1092 2360 1147 2432 tis,
1163 2361 1199 2421 ut
1212 2361 1240 2420 si
1254 2361 1310 2436 qui
1326 2361 1440 2420 contra
1456 2359 1660 2420 voluntatem
1675 2361 1748 2435 ejus
1760 2360 1887 2419 terram

1092 2455 1342 2533 baptizatorum,
1375 2457 1427 2518 vel
1462 2456 1751 2534 baptizandorum,
1785 2455 1892 2518 totius

1093 2555 1237 2616 Prussiaa
1253 2555 1391 2626 intrare,
1408 2554 1460 2616 vel
1480 2555 1515 2614 in
1539 2570 1579 2614 ea
1593 2553 1770 2630 disponere
1784 2552 1891 2629 quid-

1093 2669 1191 2729 quam
1207 2652 1463 2729 praesumpserit,
1480 2667 1539 2728 per
1554 2650 1639 2729 quod
1656 2651 1759 2727 possit
1778 2665 1889 2727 paga-

1092 2765 1211 2812 norum
1233 2749 1406 2810 conversio
1422 2749 1602 2826 propediri,
1618 2749 1671 2809 vel
1691 2747 1892 2808 deteriorari

1092 2847 1237 2908 conditio
1251 2862 1496 2918 conversorum,
1511 2862 1568 2907 ecs
1584 2863 1604 2907 a
1631 2845 1891 2922 praesumptione

1093 2944 1295 3023 hujusmodi,
1311 2945 1494 3006 monitione
1518 2944 1701 3021 praemissa,
1723 2957 1783 3020 per
1804 2957 1891 3002 cen-

1093 3059 1190 3104 suras
1227 3041 1466 3114 ecclesisticas,
1494 3040 1717 3118 appellatione
1748 3041 1891 3110 remota,

1093 3140 1293 3218 compescat.

1133 3240 1251 3301 Datum
1267 3241 1380 3302 Romae
1396 3237 1483 3315 apud
1500 3239 1658 3299 Sanctum
1678 3237 1814 3296 Petrum
1828 3233 1893 3294 de-

1095 3337 1180 3397 cimo
1208 3337 1349 3412 septimo
1376 3335 1538 3396 kalendas
1557 3334 1657 3412 jnnii,
1679 3329 1895 3410 pontificatus

1095 3435 1201 3496 nostri
1215 3449 1304 3495 anno
1319 3433 1428 3496 tortio.

1409 3591 1582 3680 CCXXII

1194 3721 1250 3780 Ad
1268 3719 1448 3781 sanctium
1468 3721 1645 3779 Navarrae
1664 3729 1784 3792 recem
1834 3778 1837 3784 ,

1349 3815 1637 3892 crucesipuatum.

1392 3927 1503 3985 18111111
1519 3927 1598 3984 tila.

1116 4035 1234 4100 [Regest.,
1249 4035 1293 4085 Iib.
1306 4035 1348 4092 III,
1360 4034 1435 4098 epist.
1451 4031 1507 4084 tut.
1530 4033 1589 4082 uss.
1598 4033 1633 4082 La
1645 4031 1721 4082 Poste
1734 4031 1769 4081 du
1782 4029 1875 4090 thail,

1162 4115 1289 4180 Raynald,
1304 4113 1395 4164 Annei.
1407 4113 1543 4163 ecclesiast.
1556 4113 1588 4163 ad
1601 4125 1662 4162 ann.
1676 4110 1824 4175 11195111]

1097 4216 1251 4273 Personam
1272 4213 1361 4285 regis,
1390 4227 1512 4286 regnum
1536 4225 1601 4268 cum
1624 4209 1757 4267 omnibus
1780 4208 1897 4282 juribus

1131 4303 1192 4375 ejus
1203 4301 1256 4360 sub
1265 4301 1341 4358 beati
1353 4301 1428 4358 Petri
1438 4307 1466 4358 11
1476 4315 1526 4356 sua
1537 4301 1713 4372 protectione
1725 4298 1855 4370 suscipit.

1136 4413 1314 4482 Honorius
1330 4411 1406 4477 etc,
1424 4407 1597 4468 carissimo
1622 4407 1656 4466 in
1675 4405 1805 4468 Christo
1821 4405 1896 4466 tilio

1097 4511 1210 4570 nostro
1238 4507 1373 4569 Sanctio
1394 4505 1519 4568 illustri
1543 4503 1615 4580 regi
1640 4505 1812 4576 Navarra,
1833 4519 1896 4564 sa-

1098 4607 1209 4678 lutem,
1227 4607 1288 4667 etc.

1137 4705 1204 4766 Deo
1217 4703 1252 4764 in
1267 4705 1361 4779 cujus
1374 4699 1528 4762 manibus
1547 4699 1626 4761 sunt
1641 4697 1743 4760 corda
1762 4713 1894 4774 regum,

1097 4801 1280 4877 grallarum
1304 4799 1481 4860 referimus
1506 4797 1666 4868 actiones,
1683 4795 1769 4872 quod
1798 4795 1833 4856 in
1861 4799 1896 4858 te

1098 4900 1145 4960 sic
1162 4899 1272 4975 ignem
1285 4913 1354 4958 suae
1369 4895 1544 4957 charitatis
1564 4893 1726 4964 accendit,
1743 4893 1780 4954 ut
1794 4891 1893 4969 signo

1097 4997 1241 5060 vivificae
1265 4993 1374 5056 orucIs
1398 4993 1579 5068 assumpto,
1597 4989 1782 5066 magnifice,
1809 4991 1898 5051 sicut

1097 5095 1191 5157 decet
1213 5093 1340 5168 regiam
1352 5088 1593 5160 celsitudinem,
1608 5089 1658 5148 111
1680 5089 1897 5165 proposueris

248 5213 367 5275 tizatos
387 5208 419 5270 et
433 5219 611 5266 conversos
627 5201 668 5261 ab
682 5197 871 5260 incursibus
896 5214 1044 5276 pagano-
1097 5194 1213 5255 contra
1233 5190 1387 5252 inimicos
1403 5187 1481 5248 fidei
1500 5185 1704 5248 christIanae.
1727 5187 1769 5246 Ut
1784 5186 1896 5246 autem

249 5325 334 5378 rum,
358 5305 421 5366 100
444 5301 587 5378 alicujus
605 5296 691 5359 lucri
715 5295 906 5373 temporalis
934 5295 1043 5370 gratia
1097 5291 1160 5352 hoc
1179 5290 1246 5351 tam
1272 5285 1438 5348 laudabile
1462 5298 1502 5345 ac
1528 5280 1661 5344 salubre
1689 5283 1896 5360 propositum

248 5403 391 5474 faciatis,
408 5399 486 5477 quia
501 5396 681 5460 secundum
697 5392 932 5469 Evangelicam
948 5393 1041 5452 veri·
1097 5388 1227 5459 melius,
1257 5385 1290 5446 11
1316 5383 1420 5446 tutius
1453 5381 1678 5459 prosequaris,
1716 5395 1894 5456 personam

249 5489 881 5572 1111111110101111111101111(1011111111
903 5489 1039 5560 servire,
1096 5487 1187 5546 tuam
1203 5499 1242 5544 ac
1256 5497 1396 5558 regnum
1418 5482 1513 5542 tuum
1535 5493 1609 5540 cum
1632 5476 1784 5539 omnibus
1805 5478 1897 5554 jnni-

248 5589 959 5665 1101111111011,11111011111111
978 5587 1042 5648 viis
1095 5584 1219 5655 111111
1238 5579 1421 5642 honoribus
1445 5577 1512 5639 tuis
1534 5575 1594 5637 snb
1617 5575 1706 5636 beati
1732 5575 1835 5646 Petri,
1862 5577 1895 5637 et

250 5697 376 5762 duabus
392 5689 539 5753 intranti.
557 5688 704 5766 SImplex
722 5687 810 5748 enim
825 5686 860 5747 in
875 5684 1041 5762 simplici·
1097 5683 1210 5744 nostra
1225 5677 1429 5755 protectione
1445 5673 1658 5750 suscipimus,
1674 5673 1707 5734 11
1720 5673 1894 5750 praesentis
