4198 6322
314 339 352 395 87
934 337 1109 396 HONORII
1132 338 1177 397 111
1199 339 1346 398 OPERA.
1919 343 1964 402 88

314 495 564 558 subventionem
598 497 748 574 praedicti
783 493 950 558 exercitus
983 495 1023 556 de
1052 511 1110 556 ca-

313 609 404 654 mera
426 595 538 655 nostra
560 610 666 670 nuper
680 593 884 672 providimus
899 592 1106 654 destinanda.

355 692 417 752 Sed
439 693 607 770 quiahaec
630 692 707 752 sunt
728 689 857 752 modica
878 691 967 753 inter
985 691 1106 762 tantos,

314 791 447 866 expedit
463 791 499 851 ut
510 790 618 851 adhuc
629 791 714 850 alias
729 789 777 850 eis
791 789 958 866 copiosius
972 805 1110 850 succur-

313 901 388 948 rere
404 887 609 958 festinemus,
626 905 678 958 ne,
690 887 775 965 quod
791 886 887 958 absit,
905 902 998 947 mora
1014 887 1107 964 peri-

314 985 424 1046 culum
439 986 479 1046 ad
496 1003 530 1046 se
550 983 672 1046 trahat.
692 987 771 1045 Cum
795 985 908 1060 igitur,
930 984 1016 1045 sicut
1030 985 1106 1056 scis,

314 1083 474 1144 statutum
507 1083 668 1167 fueritin
695 1082 842 1142 Concilio
872 1082 1038 1158 generali,
1074 1083 1110 1142 ut

314 1195 428 1239 omnes
456 1179 590 1240 omnino
619 1179 744 1250 clerici,
769 1182 837 1240 tam
862 1178 984 1240 subditi
1010 1193 1108 1256 quam

313 1277 454 1352 praelati,
487 1277 681 1338 vicesimam
706 1275 1006 1339 ecclesiasticorum
1030 1291 1109 1352 pro-

312 1376 471 1435 ventuum
487 1391 506 1437 a
521 1377 669 1451 tempore
685 1374 835 1451 praedicti
855 1373 987 1436 concilii
1003 1390 1108 1450 usque

313 1471 354 1530 ad
378 1472 560 1533 triennium
582 1473 711 1548 integre
734 1472 916 1544 conferant,
939 1473 974 1532 in
999 1469 1109 1532 subsi-

312 1567 404 1628 dium
419 1572 530 1630 Terrae
547 1571 676 1631 Sanctae
693 1585 751 1647 per
766 1585 884 1630 manus
901 1586 1027 1641 eorum,
1051 1571 1107 1646 qui

312 1666 353 1727 ad
370 1667 433 1728 ltoc
453 1667 576 1728 fuerint
589 1667 777 1744 apostolica
792 1667 1002 1744 providentia
1017 1667 1109 1728 ordi-

312 1763 395 1831 nati,
416 1779 492 1826 eece
507 1764 644 1826 dilectos
659 1764 757 1836 lilios,
776 1765 954 1827 Martinum
970 1765 1109 1826 cubicu-

312 1861 432 1922 larium
449 1864 483 1922 et
496 1861 692 1934 loliannem,
705 1861 955 1935 marescalcum,
977 1863 1107 1924 nostros

312 1957 442 2020 Militiae
465 1960 591 2036 Templi
611 1961 644 2021 et
664 1958 845 2036 Hospitalis
867 1959 1108 2037 Hierosolymi-

311 2057 382 2119 tani
405 2055 535 2128 fratres,
559 2059 649 2119 viros
671 2058 784 2135 utique
810 2057 964 2134 providos
982 2060 1014 2119 et
1033 2057 1106 2118 dis-

314 2156 433 2225 cretos,
443 2155 482 2214 de
499 2171 637 2232 quorum
651 2155 715 2216 fide
730 2171 769 2216 ao
784 2155 959 2216 devotione
974 2155 1105 2232 plenam

312 2252 347 2311 in
374 2253 513 2314 Domino
540 2252 695 2314 fiduciam
731 2252 935 2324 obtinemus,
972 2253 1108 2330 propter

310 2348 374 2410 hoc
403 2349 444 2409 ad
469 2352 580 2425 partes
603 2349 800 2410 Allamaniae
828 2349 1104 2421 transmittentes,

313 2445 556 2508 fraternitatem
581 2450 672 2508 tuam
697 2462 869 2507 monemus
882 2450 915 2509 et
935 2448 1106 2509 hortamur

312 2544 436 2604 attente
452 2559 490 2604 ac
506 2559 566 2620 per
578 2543 767 2620 Apostolica
778 2544 837 2604 tibi
852 2545 975 2621 scripta
990 2546 1024 2607 in
1037 2546 1107 2606 vir-

310 2641 380 2702 tute
397 2639 592 2702 obedientiae
607 2640 756 2703 districte
772 2642 994 2719 praecipiendo
1009 2659 1105 2703 man-

311 2737 448 2810 damus,
480 2739 642 2816 quatenus
665 2739 857 2800 vicesimam
883 2741 949 2800 tam
973 2741 1105 2801 tuorum

223 2878 228 2892 .
315 2835 534 2912 proventuum
548 2852 645 2912 quam
662 2837 728 2898 tuae
753 2835 916 2908 dioecesis,
933 2854 1006 2914 qliae
1028 2853 1107 2898 non-

312 2932 390 2994 dum
405 2933 543 2996 collecta
559 2934 619 3005 est,
639 2933 771 2996 studeas
787 2935 944 3010 colligere
959 2935 1105 3011 diligen-

310 3031 373 3098 ter,
390 3031 649 3092 contradictores
664 3032 693 3092 si
710 3031 766 3109 qui
784 3031 907 3093 fuerint
925 3033 977 3094 vel
995 3032 1106 3094 rebel-

311 3126 360 3187 les
389 3144 448 3204 per
476 3143 651 3190 censuram
678 3129 953 3202 ecclesiasticam,
992 3131 1107 3208 appel-

310 3223 436 3285 latione
471 3226 673 3302 postposita,
710 3227 947 3303 compescendo
979 3229 1012 3289 et
1039 3229 1104 3290 tam

263 3379 271 3392 ,
311 3321 483 3383 collectam
500 3339 597 3400 quam
613 3322 844 3400 colligendam,
858 3340 986 3385 necnon
1003 3342 1106 3402 pecu-

311 3419 399 3480 niam
414 3421 449 3480 in
459 3421 586 3482 truncis
598 3421 768 3482 collectam
779 3423 811 3483 et
822 3421 922 3483 aliam
933 3423 1104 3486 collectam

309 3534 369 3595 pro
390 3518 617 3594 redemptione
632 3520 782 3580 votorum
798 3519 940 3581 fideliter
962 3521 1034 3582 siue
1054 3521 1106 3582 di-

310 3615 494 3677 minutione
508 3616 657 3693 qualibet
673 3633 769 3678 cures
788 3618 956 3694 praediolis
978 3620 1104 3680 nuntiis

310 3714 495 3788 assignare,
514 3714 598 3775 alias
614 3713 737 3775 eisdem
761 3731 860 3792 super
885 3716 1016 3792 negotio
1038 3716 1104 3777 hu·

306 3811 452 3886 jusmodi
479 3811 520 3873 ob
545 3814 766 3873 reverentiam
793 3814 939 3874 divinam
968 3817 1001 3876 et
1026 3831 1106 3875 nos-

307 3910 393 3969 tram
432 3909 642 3987 impensurus
671 3911 846 3971 consilium
878 3913 910 3972 et
942 3912 1104 3972 auxilium

310 4009 541 4082 opportunum,
558 4008 605 4068 ita
620 4009 706 4084 quod
723 4011 755 4070 et
772 4012 886 4080 Deum,
902 4012 996 4085 cujus
1017 4011 1106 4087 prin-

310 4102 462 4179 cipaliter
488 4120 590 4165 causa
622 4105 759 4180 geritur,
789 4107 966 4182 propitium
986 4109 1018 4169 et
1044 4124 1105 4168 nos

308 4199 369 4260 tibi
385 4200 504 4261 exinde
520 4200 639 4262 reddas
661 4201 859 4262 favorabiles
879 4204 911 4263 et
931 4203 1102 4281 benignos.

310 4297 428 4358 Datum
453 4299 610 4358 Laterani
627 4299 669 4358 lV
693 4313 799 4358 nonas
810 4300 971 4376 januarii,
989 4303 1103 4378 ponti-

310 4394 427 4455 ficatus
443 4395 548 4456 nostri
564 4410 652 4455 anno
668 4395 777 4455 tertio.

349 4496 392 4552 fn
418 4495 575 4552 carradam
599 4495 738 4554 modum
762 4496 945 4566 codemque
970 4497 1023 4554 dic
1047 4494 1106 4554 Al·

309 4587 413 4660 herto,
431 4589 586 4666 episcopo
603 4590 752 4666 lligensi.

602 4739 816 4826 LXXXVII

309 4875 361 4933 Ad
375 4875 646 4948 arclttcptscopos
670 4875 702 4934 ct
723 4877 907 4950 episcopos,
920 4876 957 4935 ut
972 4877 1105 4948 fratres

583 4972 837 5032 cirtercienses.

610 5084 701 5157 ijau.
721 5085 799 5143 talo.

327 5189 435 5254 [Drogan
460 5189 522 5240 God.
536 5189 670 5240 Pomeran.
682 5191 701 5246 l,
713 5191 752 5248 91,
771 5205 797 5242 n.
808 5191 848 5240 bo.
869 5191 1030 5250 llasselbacb,
1043 5191 1104 5243 Cod.

531 5270 663 5319 Pomeran.
678 5270 802 5328 1,aro‚n.
821 5271 887 5334 122]

311 5369 444 5424 Hortatur
455 5373 485 5424 ut
498 5365 831 5430 tratribuscisterciensts
841 5367 1105 5444 ordinisprivtlegie

347 5453 1107 5530 etindulgentiasApostolicaeSediseoncessasinvio·

347 5543 468 5601 labiliter
478 5552 684 5603 conserventet
695 5544 799 5603 faciant
810 5547 920 5604 abaliis
930 5548 1104 5605 conservari.

353 5652 529 5724 Honorius,
543 5655 616 5722 etc,
632 5655 876 5718 venerabilibus
892 5655 1107 5722 fratribusar·

1164 495 1384 572 obiepisoopis
1410 496 1443 560 et
1471 497 1644 574 episcopis,
1671 513 1710 560 ac
1728 498 1857 561 dilectis
1879 501 1962 562 filiis

1164 592 1239 654 aliis
1263 594 1479 655 ecclesiarum
1496 595 1652 671 praelatis,
1678 597 1718 656 ad
1743 613 1824 674 quos
1840 598 1963 660 litterae

1164 691 1237 751 istae
1266 693 1487 768 pervenerint,
1518 693 1657 755 salutem
1685 694 1717 755 et
1742 697 1963 772 apostolicam

1162 787 1435 850 benedictionem.

1204 885 1960 963 BenefaciensDominusbonisatrectiscorde,

1164 981 1303 1045 dilectos
1325 983 1411 1046 illios
1429 985 1549 1047 fratres
1567 987 1796 1049 Cisterciensis
1816 990 1960 1061 ordinis,

1163 1081 1198 1141 iu
1214 1082 1302 1141 viam
1311 1082 1541 1144 mandatorum
1553 1084 1871 1160 ipsoruminoffense
1884 1103 1963 1147 cur-

1163 1181 1464 1257 rentes,tamqnam
1484 1181 1640 1258 populum
1650 1183 1885 1260 acceptabilem
1894 1185 1963 1246 sibi

1163 1291 1301 1336 numero
1316 1279 1349 1338 et
1363 1278 1480 1339 merito
1496 1279 1679 1356 ampliavit,
1697 1281 1810 1357 eisque
1824 1281 1865 1342 de
1880 1297 1964 1343 rore

1163 1373 1962 1450 coelietterraepinguedinebenedicensdilatavit,

1162 1469 1271 1531 locum
1295 1471 1455 1533 territorii
1484 1471 1630 1550 ejusdem
1653 1474 1790 1546 ordinis,
1807 1478 1839 1536 et
1854 1476 1962 1552 pelles

1161 1567 1452 1629 tabernaculorum
1477 1573 1548 1647 ejus
1579 1570 1736 1632 extendit.
1768 1572 1842 1644 Sed,
1871 1575 1962 1651 quod

1162 1665 1958 1746 dolentesreferimus,inviahacquaambulant,

1162 1761 1295 1840 superbi
1324 1765 1439 1827 contra
1468 1783 1525 1827 eos
1559 1765 1695 1843 laqueos
1729 1767 1959 1841 extendentes,

1163 1861 1228 1921 imo
1242 1862 1336 1922 velut
1358 1862 1521 1924 torrentes
1536 1863 1720 1942 iniquitatis
1734 1865 1902 1928 irruentes
1921 1868 1960 1927 in

1162 1973 1218 2019 eos
1234 1958 1324 2036 ipsos
1338 1959 1435 2022 bonis
1450 1961 1530 2034 suls,
1548 1977 1620 2038 quae
1638 1959 1700 2022 soli
1716 1963 1854 2025 Domino
1876 1967 1955 2026 sunt

1162 2055 1283 2128 dicata,
1301 2058 1483 2118 non-solum
1493 2059 1645 2135 nequiter
1659 2057 1866 2132 defraudare,
1879 2077 1956 2122 oum

1163 2151 1224 2212 filii
1240 2153 1339 2230 hujus
1354 2155 1468 2215 saeculi
1485 2156 1715 2232 prudentiores
1730 2157 1809 2216 liliis
1820 2158 1905 2218 lucis
1920 2160 1958 2218 in

1162 2251 1445 2324 generationesua
1459 2253 1536 2324 sint,
1548 2269 1663 2315 verum
1672 2253 1966 2332 etiaminiquitate·

1161 2349 1311 2424 potentes
1322 2349 1485 2412 violenter
1495 2350 1638 2426 spoliare
1649 2349 1808 2424 nituntur,
1819 2355 1857 2418 ¹et
1872 2351 1959 2430 quod

1162 2445 1298 2520 gravius
1314 2448 1349 2508 ut
1363 2447 1515 2509 nonnulli
1527 2447 1566 2508 de
1581 2447 1623 2508 iis
1638 2449 1760 2525 quiens
1775 2449 1959 2513 debuerant

1162 2543 1196 2602 in
1226 2543 1348 2604 Christi
1375 2543 1558 2606 visceribus
1580 2546 1690 2606 carius
1714 2546 1898 2624 amplexari
1926 2549 1961 2608 et

1161 2639 1377 2702 favorabilius
1393 2641 1580 2714 confovere,
1593 2643 1682 2719 ipsos
1697 2643 1873 2704 immanius
1886 2661 1959 2720 per-

1161 2739 1352 2814 sequenteS,
1384 2739 1570 2814 privilegia,
1606 2756 1678 2817 quae
1711 2741 1792 2816 ipsis
1820 2757 1839 2801 a
1870 2741 1955 2802 Sede

1161 2833 1348 2910 apostoliea
1363 2837 1432 2895 suis
1448 2837 1656 2912 exigentibus
1671 2838 1798 2898 meritis
1814 2840 1891 2900 sunt
1905 2840 1954 2900 in·

1161 2932 1956 3010 dritta,gestiuutpenitusenervare,dicendoilla

1162 3027 1263 3090 fuisse
1279 3031 1414 3090 omnino
1429 3029 1463 3090 in
1475 3031 1776 3106 generaliGoncilio
1787 3035 1957 3106 revocata,

1162 3127 1212 3186 vel
1225 3127 1308 3188 alios
1324 3127 1528 3190 intellectum
1540 3127 1787 3206 privilegiorum
1808 3129 1956 3206 ipsorum

1161 3223 1208 3286 ita
1228 3225 1374 3300 maligna
1389 3225 1661 3301 interpretatione
1679 3225 1719 3286 ad
1735 3225 1862 3288 libitum
1880 3244 1956 3305 per-

1161 3321 1330 3393 vertendo,
1359 3322 1443 3400 quod
1464 3321 1529 3382 nisi
1550 3339 1586 3382 os
1610 3322 1721 3399 iniqua
1748 3322 1956 3400 loquentium

1161 3417 1360 3490 obstruatur,
1385 3419 1431 3479 nil
1443 3418 1544 3480 restet
1570 3419 1649 3495 quin
1668 3420 1818 3496 predicti
1834 3421 1956 3483 fratres

1160 3516 1409 3592 privilegiorum
1433 3532 1568 3576 suorum
1587 3517 1719 3592 penitus
1739 3515 1957 3590 frustrentur,

1160 3629 1219 3690 per
1234 3613 1319 3690 quod
1335 3613 1460 3675 illinon
1472 3613 1538 3675 tam
1552 3613 1675 3674 eisdem
1688 3613 1956 3696 fratribusquam

1161 3709 1255 3771 nobis
1270 3711 1425 3787 injuriari
1438 3709 1630 3787 probantur,
1645 3711 1721 3772 dum
1733 3714 1848 3774 contra
1859 3714 1952 3774 Sedis
1982 3781 1987 3790 ,

1159 3807 1357 3884 apostolicae
1372 3807 1596 3882 indulgentias
1616 3811 1814 3870 memoratos
1835 3809 1956 3872 fratres

1159 3907 1285 3966 temera
1311 3904 1507 3981 perturbare
1534 3908 1752 3982 praesumunt,
1781 3906 1955 3971 molientes

1161 4004 1274 4065 contra
1292 4004 1413 4065 nostrae
1432 4003 1668 4080 plenitudinem
1679 4005 1861 4080 potestatis,
1879 4006 1954 4068 dum

1160 4099 1290 4162 indulta
1303 4102 1417 4162 nostra
1432 4101 1655 4161 irreverenter
1669 4100 1873 4178 impugnant.
1887 4103 1955 4163 Nos

1160 4199 1337 4275 igitur,qui
1354 4197 1528 4274 praedictos
1543 4197 1660 4258 fratres
1676 4198 1810 4274 speciali
1829 4215 1955 4275 praero-

1160 4296 1271 4371 gativa
1282 4294 1468 4356 dilectionis
1483 4295 1514 4355 et
1522 4295 1639 4370 gratiae
1654 4294 1894 4372 amplexamur,
1909 4299 1955 4357 ut-

1161 4394 1235 4468 pote
1251 4391 1307 4468 qui
1325 4392 1452 4468 jugiter
1474 4391 1650 4453 offerentes
1665 4393 1804 4453 Domino
1821 4409 1953 4454 suorum

1160 4487 1282 4549 vitulos
1299 4487 1460 4548 labiorum
1470 4503 1535 4548 non
1552 4487 1658 4548 solum
1674 4485 1768 4549 nobis
1783 4489 1838 4548 sed
1855 4489 1953 4550 etiam

1162 4585 1344 4647 universali
1379 4585 1529 4646 ecclesiae
1566 4585 1629 4662 piis
1658 4585 1950 4648 intercessionibus

1161 4682 1466 4760 incomparabiliter
1520 4681 1757 4759 suffragantur,
1806 4683 1953 4744 nolentes

1162 4779 1352 4858 hujusmodi
1378 4779 1612 4842 venationibus
1643 4796 1756 4842 eorum
1791 4780 1954 4842 salubrem

1161 4877 1339 4938 amaricari
1368 4877 1522 4955 quietem,
1554 4893 1635 4955 quos
1656 4877 1771 4958 potius
1804 4879 1954 4938 tenemur

1161 4973 1541 5044 omnimodisconsolari,
1551 4974 1799 5036 universitatem
1812 4977 1953 5036 vestram

1161 5087 1333 5132 monemus
1348 5071 1381 5132 et
1395 5071 1567 5131 hortamur
1581 5071 1715 5142 attente,
1726 5087 1765 5132 ac
1780 5089 1838 5148 per
1850 5077 1953 5149 Apos-

1160 5168 1260 5230 tolica
1272 5169 1394 5244 scripta
1409 5167 1632 5244 praecipiendo
1648 5169 1855 5242 mandamus,
1872 5187 1953 5250 qua-

1160 5267 1258 5326 tenus
1288 5263 1495 5341 supradictos
1521 5264 1640 5326 fratres
1668 5263 1708 5326 ob
1734 5267 1952 5340 reverentiam

1161 5363 1307 5424 divinam
1328 5363 1361 5423 et
1382 5362 1529 5423 nostram
1544 5361 1704 5424 habentes
1718 5363 1753 5423 in
1770 5364 1951 5426 visceribus

1161 5460 1309 5522 caritatis
1322 5460 1370 5520 eis
1383 5459 1558 5537 privilegia
1574 5460 1607 5520 et
1621 5457 1842 5536 indulgentias
1855 5465 1953 5538 Apos-

1160 5555 1952 5620 tolloreSediseisdemconcesssasinviolabiliter

1161 5655 1363 5716 conservetis
1379 5655 1411 5714 et
1435 5651 1564 5714 faciatis
1589 5653 1633 5714 ab
1654 5652 1948 5728 aliis-conservari,
