3978 6292
320 383 380 442 407

322 541 439 603 laetitia
453 555 558 617 aquas
572 539 613 600 de
631 536 775 600 lontibus
791 536 984 610 salvatoris,
1002 539 1037 600 ut
1056 553 1113 600 eas

322 637 494 699 dividant
486 654 520 698 ιι
536 635 654 712 plateis
669 651 736 696 non
748 635 853 696 solum
868 635 908 696 ad
928 635 1112 696 satietatem

322 735 509 794 animarum
530 749 602 811 quae
626 732 716 793 sitim
731 731 864 802 babent,
882 731 939 792 sed
957 732 1087 794 etiem
1078 749 1113 792 ιιι

322 831 468 894 salutare
483 829 662 891 remedium
679 831 712 891 et
721 829 920 890 medicinam
931 829 1045 890 contra
1060 843 1115 890 ve·

323 944 444 990 nonum
459 926 689 1003 aegrotantium
711 927 910 989 animarum.
929 928 969 987 Iit
988 927 1024 988 ut
1038 927 1112 1002 ple-

322 1025 398 1087 nius
413 1025 622 1100 cognoscatis
647 1025 813 1084 sincerum
833 1023 1000 1096 affectum,
1018 1039 1113 1100 quem

322 1137 402 1198 erga
432 1121 607 1197 praedictos
633 1120 751 1182 fratres
775 1121 931 1196 gerimus,
959 1136 1114 1196 rogamus

321 1217 459 1296 proinde
472 1219 680 1279 devotionem
692 1219 836 1279 vestram
850 1218 884 1279 et
900 1217 1116 1280 exhortamur

321 1318 446 1380 attente
467 1330 527 1392 per
552 1314 740 1392 apostolica
760 1315 883 1390 scripta
908 1313 1113 1386 mandantes,

322 1413 360 1473 ut
374 1411 460 1472 sicut
474 1410 686 1472 laudabiliter
709 1409 869 1486 coepistis,
889 1411 934 1472 ita
955 1426 1014 1486 pro
1036 1426 1116 1470 nos-

320 1507 384 1579 tra,
401 1509 434 1569 et
447 1506 645 1581 Apostolicae
662 1505 756 1568 Sedis
771 1507 969 1578 reverentia,
982 1522 1039 1566 eos
1054 1506 1117 1567 ba-

320 1602 427 1664 beatIs
462 1601 676 1663 affectuosius
710 1603 970 1675 commendatos,
1005 1605 1039 1664 et
1077 1603 1112 1663 in

322 1699 392 1760 suis
408 1699 457 1760 eis
478 1697 742 1770 necessitatibus,
759 1698 941 1770 beneflciis,
964 1701 998 1760 et
1020 1699 1114 1760 elee-

322 1796 471 1872 mosynis
484 1796 605 1858 restris
625 1795 790 1858 assistatis
811 1797 933 1868 taliter,
960 1797 996 1858 ut
1011 1799 1114 1858 Deum

321 1891 416 1952 robis
438 1893 615 1968 propitIum
640 1892 796 1965 reddatis
825 1893 858 1954 et
879 1907 940 1954 nos
961 1891 1115 1968 obligetis

322 1988 415 2050 vobis
436 2004 511 2051 esse
532 1989 638 2064 magis
663 1987 863 2050 favorabiles
883 1992 915 2051 et
937 1988 1112 2065 benignos.

322 2086 440 2146 Datum
452 2085 603 2157 viterbii,
620 2087 697 2147 XIII
712 2085 873 2148 kalendas
887 2086 1015 2163 aprilis,
1032 2101 1116 2162 pon-

323 2181 466 2245 tificatus
479 2183 584 2245 nostri
599 2198 687 2244 anno
702 2185 831 2260 quarto.

362 2319 404 2376 In
419 2319 577 2378 ennidern
591 2319 731 2378 modurn
744 2316 902 2393 scriptum
916 2319 985 2378 est:

362 2415 414 2473 Ad
439 2415 644 2473 universnm
670 2417 835 2487 popninni
862 2417 1113 2490 secoviensem.

322 2511 441 2571 Datum
456 2511 486 2568 Χ
501 2508 662 2570 kalendas
676 2511 804 2586 aprilis,
821 2525 909 2570 auno
925 2511 1054 2586 quarto.

367 2610 418 2669 Ad
442 2609 641 2669 Wiiieininni
664 2611 706 2668 de
726 2608 882 2668 Posieslu
900 2609 933 2668 ei
951 2611 1114 2681 populant

324 2707 588 2765 Bononiensem.
611 2704 728 2765 Datum
748 2707 793 2765 IX
810 2702 971 2766 kalendas
986 2703 1113 2780 aprilis

326 2815 414 2862 anno
430 2802 558 2878 quarto.

657 2925 784 3014 CVIII

323 3060 376 3121 Ad
402 3061 641 3120 liberandum
671 3061 975 3135 Snizebnrpensenr
1002 3061 1118 3120 crebi-

363 3157 569 3230 episropnm,
586 3158 630 3216 ad
651 3159 846 3229 epmeopnm
862 3159 1069 3230 Kpmerisem
1083 3156 1116 3216 ei

363 3253 517 3314 abbatem
549 3253 685 3314 Saimtoe
717 3256 848 3324 erneis,
878 3253 1118 3315 cisterciensis

364 3350 506 3420 ordinis,
523 3349 746 3412 Poinoiensis
759 3352 924 3412 dioecesis.

599 3461 635 3519 m
649 3467 733 3518 mart.
755 3461 833 3553 itm.

447 3566 595 3631 [ilenriqua
608 3565 675 3618 lun.
689 3567 856 3629 distantem..
871 3567 914 3624 II.
926 3567 993 3633 liti]

328 3662 444 3722 blandai
459 3665 500 3722 ιιι
520 3671 551 3722 ιι
566 3679 631 3722 sese
644 3666 825 3738 interponant
840 3665 874 3723 ad
893 3665 1117 3738 compescendas

358 3751 515 3810 discordias
531 3753 604 3809 inter
624 3767 722 3825 regern
739 3761 767 3810 et
786 3753 908 3811 barones
926 3752 1070 3810 bohemia
1082 3769 1117 3809 ex

358 3848 517 3913 unaparte,
539 3847 567 3897 et
589 3841 732 3899 Andrean]
752 3843 929 3914 Prageusem
952 3842 1116 3914 episcopum

358 3945 394 3986 ex
413 3931 511 3999 altera,
525 3943 611 4002 super
623 3929 745 3990 decimis
764 3930 1005 4003 etjurisdietione
1024 3931 1115 3987 eccle·
1168 3936 1266 4012 juxta
1301 3933 1554 4010 promtsstonem
1587 3930 1749 3993 nobilium
1785 3931 1933 3991 diciorum·

254 4039 257 4047 ·
359 4019 484 4076 siastica.

364 4126 444 4188 Post
461 4125 623 4186 diutinam
645 4142 782 4199 moram,
800 4143 898 4204 quam
914 4125 1116 4189 venerabilis

323 4221 428 4284 irater
450 4222 627 4298 PragensIs
648 4223 822 4300 episcopus
846 4224 931 4300 apud
951 4224 1118 4301 Apostoli-

323 4335 395 4380 cam
410 4319 526 4380 Sedem
540 4319 653 4390 traxit,
671 4335 730 4396 pro
752 4320 935 4396 quaestione
958 4320 1074 4381 inter'
1065 4337 1118 4396 rp-

323 4433 396 4478 sum
407 4433 466 4494 pro
488 4417 582 4493 parte
597 4431 674 4489 una,
699 4418 731 4479 et
754 4417 918 4478 illustrem
939 4429 1067 4493 regem,
1085 4417 1118 4478 et

323 4512 467 4575 barones
480 4512 646 4576 Boberniee
662 4527 704 4576 ex
719 4515 835 4586 altera,
853 4527 953 4590 super
967 4514 1114 4587 decimis,

319 4611 552 4688 jurisdlctione
566 4611 804 4682 ecclesiastica,
821 4611 1062 4674 ecclesiarum
1053 4627 1118 4670 rm-

323 4707 495 4780 munitate,
518 4723 557 4770 ac
570 4709 739 4770 nonnullis
755 4709 831 4770 aliis
853 4707 893 4770 ad
913 4707 1118 4771 ecclesiasti-

324 4821 396 4866 cam
419 4805 660 4882 pertinentibus
680 4805 877 4878 libertatem,
892 4805 1039 4876 suborta,
1057 4820 1117 4881 pro

323 4918 389 4980 qua
407 4903 506 4966 etiam
521 4903 592 4979 ipse
606 4919 668 4964 rea
680 4904 713 4965 et
726 4903 869 4964 barones
888 4903 1119 4964 excommuni-

321 4999 460 5072 cationi,
491 5000 524 5062 et
549 5016 688 5076 regnum
712 5002 785 5077 ejus
812 4999 984 5078 subjacent
1005 5000 1117 5060 inter-

322 5098 409 5160 dicto
425 5114 432 5159 :
450 5097 582 5160 tandem
598 5097 868 5174 procuratoribus
893 5097 997 5172 ipsius
1016 5097 1117 5172 regis,

321 5198 356 5258 et
368 5195 532 5258 baronum
547 5195 581 5256 in
596 5197 711 5256 nostra
726 5195 904 5270 presentia
917 5193 1116 5266 constitutis,

323 5295 464 5370 utraque
477 5308 553 5370 pars
568 5291 709 5354 arbitrio
725 5293 838 5354 nostro
853 5290 957 5352 libere
972 5307 1009 5354 se
1028 5305 1121 5352 com-

323 5388 422 5462 misit,
444 5390 558 5452 habito
580 5389 683 5465 igitur
703 5405 777 5450 cum
804 5388 963 5451 iratribus
983 5389 1117 5460 nostris,

325 5489 359 5549 et
386 5503 459 5548 cum
484 5487 566 5564 ipsis
592 5486 741 5565 partibus
767 5485 865 5562 longo
889 5486 930 5548 de
955 5486 1121 5562 composi-

944 379 1118 440 uonoau
1141 381 1186 439 ιιι
1207 381 1355 442 ornan.
1895 389 1940 447 ln
1972 365 1973 422 ³

1167 537 1257 600 tinne
1269 538 1424 611 tractatu,
1437 538 1484 600 ita
1500 539 1586 616 cuod
1599 541 1710 616 partes
1719 541 1835 618 ipsaea
1854 541 1940 604 torna
1972 577 1973 602 ι

1169 635 1234 694 sibi
1253 637 1394 698 tractata
1417 636 1453 696 in
1475 637 1590 714 paucis
1612 637 1763 698 articulis
1788 638 1973 702 discordu-
1972 625 1973 630 ¹

1167 731 1260 794 bant.
1972 703 1973 768 l

1211 832 1293 892 Ecce
1315 830 1437 892 nobilis
1458 831 1511 892 vir
1524 831 1670 892 Dalcbor
1689 834 1798 906 major
1815 835 1973 909 iustitia

1169 929 1249 998 rius,
1267 931 1301 989 ιι
1314 929 1477 990 Μιιιιιιι
1498 929 1695 990 Pincernm·
1686 929 1792 1005 ipsius
1807 929 1899 1004 regin,
1913 945 1973 991 ιι

1169 1025 1430 1086 Marcbucardus
1456 1025 1497 1086 de
1525 1025 1651 1088 Deobin
1666 1026 1700 1087 et
1721 1025 1925 1102 Dionysiusd
1927 1045 1940 1088 e
1972 1087 1973 1096 2

1170 1123 1321 1184 Prachen
1357 1121 1531 1192 castellani
1566 1122 1773 1183 advenerunt
1804 1127 1940 1198 exparte

1169 1221 1248 1281 dicti
1262 1219 1364 1295 regis,
1380 1219 1499 1291 etsua,
1521 1233 1596 1280 cum
1618 1219 1779 1281 instantia
1802 1221 1942 1296 postulan·
1972 1207 1973 1268 ἰ

1169 1319 1229 1390 tes,
1253 1318 1291 1378 ut
1310 1315 1483 1393 praelatum
1505 1317 1697 1394 episcopum
1719 1316 1761 1377 ad
1786 1317 1938 1387 Viennam,
1972 1347 1973 1402 l

1170 1415 1337 1476 civitatem
1357 1413 1479 1476 nobilis
1493 1413 1560 1474 viri
1574 1414 1669 1476 ducis
1682 1415 1838 1486 Αιιιιιιι,
1853 1415 1941 1474 mite-
1972 1403 1973 1450 ι

1170 1526 1293 1581 remus
1321 1509 1525 1572 affirmantes
1553 1511 1640 1587 qued
1662 1525 1734 1582 rex,
1763 1512 1797 1570 et
1822 1509 1940 1570 barones

1170 1605 1331 1683 praedicti,
1362 1621 1443 1682 quos
1479 1605 1559 1668 illuc
1587 1607 1744 1666 venturos
1775 1605 1939 1666 firmissime
1972 1609 1973 1666 l

1171 1702 1404 1779 premittebant
1416 1703 1578 1779 praesente
1599 1703 1721 1764 dilecto
1740 1703 1889 1779 episcopo
1902 1702 1941 1762 lu·

1170 1801 1372 1862 ducerentur
1385 1799 1483 1862 facile
1494 1799 1535 1860 ad
1546 1799 1758 1861 concordiam
1775 1817 1783 1854 :
1800 1801 1830 1860 et
1844 1800 1899 1876 ipsi
1910 1800 1938 1859 ιι

1171 1898 1233 1959 boc
1256 1897 1486 1974 impenderent
1506 1897 1648 1972 diligens
1670 1897 1815 1960 studium
1835 1898 1866 1958 ιι
1881 1912 1941 1973 ope-
1972 1927 1973 1950 ι

1170 2009 1241 2056 ram
1270 1995 1436 2056 efficacem
1463 2011 1470 2050 ι
1501 1994 1587 2072 quod
1625 1995 1724 2055 etiam
1752 1993 1941 2054 firmaverunt

1171 2092 1327 2169 praedicto
1345 2093 1535 2168 juramento
1561 2091 1647 2168 quod
1671 2091 1736 2168 ipsi
1761 2091 1803 2152 ad
1825 2092 1881 2152 boo
1899 2090 1939 2149 di·
1972 2073 1973 2118 ι

1170 2189 1263 2260 ιιιιι,
1292 2187 1356 2248 ιιι
1377 2187 1417 2248 ιι
1442 2189 1600 2265 ipsorum,
1628 2189 1728 2264 regis,
1749 2189 1783 2249 et
1804 2187 1940 2248 baronum

1170 2286 1324 2347 mandato
1344 2284 1482 2362 speciali
1498 2285 1730 2362 procurabant,
1756 2287 1790 2347 et
1811 2284 1887 2362 quod
1907 2283 1938 2344 ιι

1170 2399 1295 2460 pacem,
1312 2384 1345 2444 ιι
1364 2383 1576 2444 concordiam
1593 2382 1737 2444 iideIIter
1756 2379 1938 2453 laborarent,

1171 2480 1322 2558 quodque
1335 2479 1540 2542 custodirent
1554 2495 1728 2557 personam
1745 2478 1892 2556 episcopi,
1906 2479 1937 2537 si-

1171 2578 1226 2640 cut
1240 2593 1317 2639 suas
1339 2579 1408 2640 tam
1428 2577 1618 2638 deducendo
1639 2591 1715 2638 eum
1735 2577 1779 2637 ad
1798 2577 1938 2638 civitaten

1171 2675 1373 2755 praedictam,
1397 2688 1494 2752 quam
1520 2673 1560 2736 ad
1585 2675 1733 2736 nostram
1755 2673 1938 2751 praesentim

1171 2772 1369 2844 reducendo,
1396 2773 1423 2832 si
1453 2771 1537 2834 torte
1562 2787 1628 2832 non
1653 2771 1767 2850 posset
1788 2769 1939 2833 concordia

1171 2870 1358 2949 provenire.
1972 2833 1973 2914 I

1210 2969 1279 3028 Nos
1291 2967 1394 3042 igitur
1410 2965 1658 3043 acquiescentes
1674 2965 1837 3042 precibus,
1852 2963 1937 3025 etius·

1170 3065 1284 3126 tantiae
1313 3061 1472 3125 nobilium
1494 3061 1748 3139 praediotorum,
1776 3063 1937 3138 episcopum
1972 3047 1973 3120 l

1172 3161 1279 3238 ipsum
1309 3159 1349 3221 ad
1381 3161 1548 3222 civitatem
1570 3161 1640 3237 jam
1671 3159 1794 3221 dictam
1810 3158 1937 3218 duximus
1972 3127 1973 3188 I

1171 3255 1474 3328 transmittendum,
1489 3255 1723 3333 dtbujusmodi
1740 3251 1937 3316 controuersia

1173 3354 1283 3425 duem,
1300 3353 1444 3416 donante
1465 3353 1614 3424 Domino,
1636 3353 1807 3422 sorliatur,
1827 3349 1938 3423 ideoque
1972 3333 1973 3376 ι

1172 3465 1231 3527 per
1252 3451 1475 3528 apostolicam
1498 3447 1593 3510 vobis
1615 3447 1732 3509 sedem
1759 3445 1934 3510 mandamus

1172 3547 1333 3624 quatenus
1355 3545 1396 3607 ιι
1417 3547 1525 3607 locum
1546 3545 1665 3622 ipsum,
1693 3545 1747 3606 rel
1770 3543 1901 3622 propius,
1916 3537 1936 3597 si

1172 3659 1308 3706 neeesse
1323 3642 1434 3716 luerit,
1455 3641 1496 3704 ad
1515 3643 1610 3718 regul
1635 3641 1824 3711 confinium,
1849 3647 1937 3716 persi·

1172 3741 1294 3802 naliier
1305 3740 1511 3811 accedentes,
1529 3737 1562 3800 et
1575 3737 1821 3800 commonentes
1841 3735 1936 3795 diclun

1172 3853 1294 3914 regem,
1312 3837 1366 3899 cui
1385 3851 1485 3914 super
1503 3835 1566 3897 hoe
1581 3835 1769 3907 scribimus,
1793 3833 1868 3894 utet
1881 3831 1934 3905 ipso

1972 3889 1973 3944 l

1173 4045 1247 4093 cum
1266 4029 1392 4108 aliquot
1413 4029 1453 4090 de
1474 4027 1668 4110 baronibus,
1685 4043 1706 4088 a
1725 4028 1865 4095 ιιιιιιιι,
1885 4025 1934 4082 tan

1171 4127 1361 4198 baronibus,
1376 4138 1474 4204 quarn
1497 4121 1663 4187 nobilibus
1681 4123 1846 4186 Bobemiae
1859 4132 1934 4180 man·

1153 4225 1284 4288 datum
1298 4222 1508 4294 habentibus,
1517 4221 1565 4284 ιι
1588 4223 1696 4284 locum
1710 4219 1844 4284 accedat
1860 4230 1933 4278 eun·

1172 4323 1261 4394 ιιιι;
1295 4320 1515 4396 interponatIs
1548 4319 1737 4396 prudenter,
1766 4319 1799 4380 et
1822 4311 1933 4376 sollicite
1972 4301 1973 4380 l

1172 4419 1282 4496 partes
1294 4419 1423 4480 vestras
1437 4417 1478 4478 ad
1492 4415 1737 4477 reformandam
1754 4387 1973 4478 concordien

1171 4515 1260 4577 inter
1273 4529 1347 4589 eos3
1369 4529 1454 4590 quare,
1482 4513 1509 4572 si
1536 4511 1644 4574 studio
1667 4511 1779 4574 vestro
1799 4491 1973 4571 madianei
1972 4555 1973 4610 l

1171 4611 1375 4690 provenerit,
1408 4609 1523 4671 eadem
1558 4609 1749 4677 suffimenti,
1778 4607 1810 4670 et
1840 4605 1973 4670 idonea
1972 4651 1973 4726 l

1172 4709 1324 4770 matrone
1335 4707 1464 4769 firmata
1468 4705 1643 4782 praeIatas
1654 4697 1933 4769 excommunicato
1972 4761 1973 4794 1

1172 4806 1235 4877 ιιι,
1252 4807 1285 4867 ιι
1298 4803 1465 4867 interdicti
1483 4803 1664 4865 sententias
1681 4802 1850 4871 relaxetis,
1869 4795 1973 4857 alio·

1173 4903 1252 4980 quin
1266 4903 1456 4982 episcopum
1471 4901 1579 4978 ipsum
1593 4901 1634 4962 ad
1654 4915 1714 4962 nos
1730 4898 1849 4966 reduci,
1859 4889 1930 4970 juxa
1972 4859 1973 4990 I

1173 5001 1372 5076 promissum
1386 4998 1547 5059 nobilium
1558 4995 1823 5074 praedIctorum,
1814 5010 1846 5056 ιι
1859 4987 1973 5051 Golo-

1174 5097 1263 5158 niam
1283 5095 1453 5168 iacientes,
1476 5095 1610 5157 easdem
1637 5095 1816 5157 sententias
1834 5077 1973 5170 prati

1152 5195 1281 5276 piatis
1294 5209 1400 5271 usque
1420 5193 1461 5258 ed
1484 5191 1746 5256 satisfactionem
1769 5187 1973 5264 condignam

1155 5283 1973 5360 ramolamuterobservar1÷

1215 5389 1335 5451 Datum
1359 5386 1516 5460 Vitorbd,
1543 5389 1629 5458 vni
1644 5386 1802 5450 kalendas
1829 5371 1973 5456 aprilis

1175 5485 1385 5564 pontificatus
1401 5484 1505 5553 nostri
1518 5499 1611 5552 anno
1620 5484 1757 5572 quarto
