3978 6292
325 300 381 360 ltl

323 473 381 519 eos
402 454 524 517 ibidem
548 453 758 530 congregatis
773 452 898 514 divitiis
914 451 983 514 lere
998 470 1117 530 super-

324 567 440 629 gressa
465 553 516 613 est
543 551 692 614 civitates
721 550 900 626 provinciae
929 551 1113 612 universas.

283 727 284 730 Ἴ
324 653 515 712 Verumvos
530 647 571 709 ad
588 647 669 720 haec,
685 648 770 708 sicut
784 647 934 724 ex'parte
949 649 1117 710 universi-

323 745 402 808 tatis
416 747 564 824 ipsorum
583 744 646 805 fuit
661 745 864 820 propositum
881 760 992 804 coram
1008 745 1114 818 nobis,

323 842 468 906 debitum
493 858 559 903 uon
580 840 740 902 habentes
757 843 954 918 respectum,
975 843 1115 917 gratiam

324 939 471 1015 ipsorum
483 938 516 996 in
529 936 685 1007 debitum,
702 937 735 998 et
751 936 938 997 libertatem
953 936 989 996 in
1005 937 1115 996 serri-

942 293 1117 373 ttonoan
1141 297 1185 356 111
1207 293 1355 358 ornan.

1895 303 1950 358 ιιι
1981 371 1982 376 Ν

1171 470 1244 516 mus
1272 454 1490 534 reprobanda,
1515 455 1556 518 de
1578 455 1702 517 caetero
1724 453 1790 526 non
1814 456 1950 520 molestet

1170 551 1368 622 libertatem,
1385 553 1533 614 eamdem
1555 553 1651 614 modo
1673 551 1818 630 quolibet
1837 553 1947 614 inirina
1981 555 1982 574 ¹

1171 649 1288 724 gendo,
1321 651 1357 710 ut
1390 649 1535 710 studium
1568 663 1683 710 eorum
1716 649 1868 726 impediri
1889 665 1948 711 non
1981 717 1982 724 ,

1171 747 1289 822 possit;
1306 747 1363 807 sed
1379 747 1488 823 potins
1514 746 1632 808 floreat
1655 747 1696 808 ad
1717 746 1778 808 Dei
1791 746 1948 818 honorem,

1171 857 1210 902 ac
1225 843 1407 918 proiectum
1421 843 1634 915 studentium,
1652 858 1781 904 necnon
1798 843 1837 904 ad
1857 844 1948 920 ipsius
1981 837 1982 926 J

1170 938 1310 1014 gloriam
1325 940 1470 1002 civitatis
1482 962 1490 999 ι
1503 957 1546 1002 ne
1559 941 1587 1000 si
1603 955 1698 1002 secus
1709 941 1868 1002 attentare
1877 957 1949 1017 pra»
1981 927 1982 976 ἕ

312 1037 425 1105 ,tutem
445 1033 617 1096 molientes
643 1032 813 1103 reducere,
835 1032 1008 1104 statuistis,
1030 1036 1065 1093 ut
1087 1031 1116 1093 sl

324 1133 396 1212 puis
411 1133 565 1192 inventus
581 1130 683 1191 luerit
697 1131 831 1200 sectam,
848 1130 1047 1205 pactionem.
1063 1128 1115 1191 vel

322 1227 603 1305 conspirationem
619 1242 679 1303 pro
699 1226 807 1288 studio
822 1242 843 1286 a
858 1226 992 1287 civitate
1008 1229 1117 1286 Bono-

324 1325 434 1385 niensi
452 1325 492 1384 ad
516 1324 624 1385 locum
639 1323 740 1384 alium
762 1323 992 1384 transferendo
1006 1323 1116 1385 lacere

322 1421 376 1482 vel
387 1419 516 1491 iecisse,
529 1421 562 1482 et
570 1420 598 1480 si
611 1418 773 1480 scholaris
784 1419 1021 1496 quispiam,vel
1031 1419 1116 1480 alius

324 1533 520 1595 quemquam
556 1516 741 1577 scholarem
772 1516 988 1578 adstrinxerit
1020 1516 1116 1576 modo

324 1614 480 1692 quolibet,
501 1629 565 1690 quo
581 1614 762 1691 praecipere
782 1613 939 1689 possitei,
965 1615 1001 1674 ut
1015 1628 1115 1674 causa

324 1711 424 1773 studii
451 1710 600 1772 eamdem
629 1711 728 1772 exeat
755 1709 922 1772 civitatem
957 1711 1116 1786 perpetuo

1171 1037 1360 1111 sumpserit,
1384 1053 1444 1098 nos
1472 1051 1572 1114 snper
1599 1037 1663 1098 hoc
1689 1051 1847 1112 cogamur
1869 1039 1947 1098 aliud
1981 1041 1982 1054 ¹

1171 1132 1329 1206 cogitare.
1357 1133 1519 1203 Quocirca
1544 1133 1796 1194 universitatem
1821 1137 1948 1194 vestan
1981 1129 1982 1194 j

1170 1242 1353 1300 monemus,
1371 1231 1404 1289 et
1414 1230 1632 1290 exhortamur
1642 1230 1777 1301 attente,
1791 1233 1946 1306 qnatenus,
1981 1217 1982 1296 ξ

1171 1325 1390 1386 consideratis
1405 1325 1616 1398 utilitatibus,
1628 1329 1662 1388 et
1677 1326 1805 1388 honore
1817 1342 1857 1387 ex
1869 1327 1949 1388 echo
1981 1311 1982 1384 l

1170 1421 1296 1482 laribus
1312 1422 1419 1494 robis,
1442 1423 1476 1484 et
1487 1423 1615 1484 civitati
1630 1423 1753 1486 restrae
1767 1424 1948 1499 provenien·
1981 1423 1982 1494 i

1171 1518 1258 1580 tibus
1267 1520 1357 1595 ipsos
1365 1518 1539 1581 charitatis
1554 1519 1702 1582 brachiis
1715 1519 1947 1596 amplexemini,
1981 1521 1982 1588 l

1170 1616 1203 1676 et
1228 1617 1393 1691 praetextu
1417 1617 1615 1678 statutorum
1630 1617 1790 1693 ipsorum,
1816 1632 1884 1694 quae
1905 1617 1949 1676 di·

1171 1713 1277 1774 cenda
1289 1715 1366 1775 runt
1380 1714 1491 1790 potius
1510 1713 1680 1785 destituta,
1700 1717 1816 1775 contra
1828 1713 1950 1774 liberta-
1981 1705 1982 1800 i

323 1807 512 1879 banniatur,
534 1808 567 1868 et
585 1807 696 1868 omnia
720 1806 807 1867 hona
822 1809 904 1882 ejus,
919 1823 992 1883 quae
1007 1809 1117 1868 Bono-

323 1905 388 1966 niae
403 1903 456 1964 vel
477 1905 512 1965 in
539 1906 610 1980 ejus
634 1903 786 1965 districtu
814 1903 977 1976 habuerit,
1004 1903 1115 1980 puhli-

324 2002 450 2073 centur,
472 2002 504 2063 et
522 2015 636 2063 eorum
652 1999 817 2062 tribuatur
839 2000 999 2061 medietas
1015 2016 1117 2062 accu-

322 2098 421 2160 santi.
457 2100 622 2160 Praeterea
662 2097 854 2158 societatem
882 2098 936 2158 vel
970 2098 1116 2160 rectores

320 2194 491 2258 scholares
506 2210 571 2255 non
582 2195 817 2272 permittantur
827 2193 962 2265 habere,
975 2194 1040 2254 nisi
1054 2193 1116 2256 hoc

323 2292 503 2369 capitulum
527 2291 563 2352 in
578 2307 691 2353 eorum
701 2293 889 2368 juramento
905 2292 1046 2368 ponatur
1064 2292 1117 2352 ri·

324 2389 454 2460 delicet,
480 2388 566 2465 quod
590 2405 656 2450 non
676 2388 800 2449 dabunt
823 2403 969 2464 operam,
993 2390 1029 2449 ut
1046 2390 1117 2449 stu-

323 2486 414 2546 dium
427 2485 468 2546 ad
483 2485 590 2546 locum
604 2485 706 2546 aliurn
719 2484 950 2557 transferatur,
970 2501 1031 2546 nec
1045 2486 1116 2546 cui-

324 2598 421 2661 quam
444 2581 588 2644 scholari
604 2583 808 2659 praecipient,
838 2585 873 2643 ut
885 2583 993 2658 gratia
1015 2582 1115 2642 studii

322 2679 479 2741 abscedat
502 2695 521 2740 a
546 2679 678 2741 civitate
703 2678 872 2756 praedicta,
893 2681 926 2741 ot
947 2695 1115 2757 nunquam

323 2777 510 2854 hujusmodi
528 2775 700 2838 mutabunt
712 2777 892 2854 capitulum
910 2792 985 2838 cum
1001 2777 1115 2838 cousi-

323 2874 379 2946 lio,
395 2875 448 2934 vel
463 2875 535 2935 sine
554 2874 695 2935 consilio
716 2873 919 2942 eorumdem,
936 2889 975 2935 ac
1002 2874 1030 2934 si
1052 2873 1117 2934 ali-

323 2971 397 3048 quis
417 2971 667 3042 contrafecerit,
684 2971 781 3032 modo
803 2971 903 3030 simili
925 2969 1113 3042 banniatur,

323 3071 357 3129 et
369 3067 456 3129 bona
471 3067 680 3144 publicentur
693 3067 808 3144 ipsius.
825 3067 975 3130 Potestas
987 3083 1116 3145 quoque

323 3164 411 3226 inira
434 3165 516 3226 duos
540 3179 671 3226 menses
686 3164 727 3225 ab
747 3165 900 3240 ingressu
915 3165 966 3225 sui
981 3164 1117 3240 regimi-

323 3263 377 3324 nis
402 3263 555 3324 teneatur
585 3262 778 3338 praedictum
800 3261 980 3337 capitulum
1006 3262 1114 3339 jurari

323 3360 434 3422 lacere
454 3375 472 3420 a
495 3359 678 3421 rectoribus
693 3358 906 3432 scholarium,
923 3361 952 3420 si
968 3360 1024 3436 qui
1039 3358 1115 3419 lue-

323 3458 401 3529 rint,
418 3457 470 3518 vel
484 3456 571 3517 inira
585 3456 772 3532 quindecim
785 3456 868 3524 dies,
882 3471 924 3516 ex
944 3473 1008 3534 quo
1030 3456 1117 3517 exti-

323 3555 426 3617 terint
440 3557 585 3615 rectores
596 3553 705 3624 electi,
719 3554 752 3615 et
764 3553 800 3614 in
812 3553 1003 3616 societatem
1014 3553 1115 3615 scho-

323 3652 444 3714 larium
460 3651 592 3729 scriptis
616 3651 705 3727 poni,
731 3665 792 3711 nec
814 3651 982 3727 permittat
1008 3655 1118 3712 Bono-

322 3750 472 3812 niensem
489 3748 633 3826 aliquem
645 3747 698 3809 vel
709 3748 916 3819 extraneum,
932 3748 997 3808 nisi
1010 3748 1116 3824 primo

319 3847 495 3925 juraverit,
512 3845 597 3922 quod
609 3860 675 3906 non
686 3845 774 3920 leget
784 3845 875 3916 alibi,
888 3845 1117 3907 extraordina-

322 3945 407 4007 riam
423 3944 567 4020 aiiquam
584 3943 694 4018 legere
709 3941 895 4003 lectionem.
913 3943 1006 4004 Unde
1019 3959 1062 4004 er
1074 3943 1117 4002 iis

323 4043 462 4104 dilectus
478 4041 567 4102 iilius
582 4039 702 4102 nobilis
718 4041 770 4100 vir
784 4040 972 4100 Willelmus
986 4040 1026 4101 de
1039 4043 1117 4100 Pes-

322 4137 431 4200 tureta
455 4138 599 4215 potestas
623 4139 735 4198 vester
758 4137 933 4197 occasione
948 4137 1116 4212 assumpta

324 4236 359 4296 in
381 4250 438 4295 eos
459 4233 641 4295 indebitam
663 4233 930 4310 jurisdictionem
952 4247 1116 4309 usurpans

324 4333 510 4394 libertatem
532 4331 680 4407 ipsorum
715 4329 898 4405 intringere
930 4330 1057 4402 nititur,
1085 4330 1118 4391 et

322 4433 436 4492 contra
452 4427 600 4490 eamdem
616 4428 779 4504 praetextu
794 4427 940 4504 ipsorum
954 4441 1014 4503 pro
1030 4443 1115 4505 quo-

322 4544 398 4590 rum
411 4526 642 4588 observatione
657 4525 778 4586 asserit
789 4540 824 4586 se
835 4527 979 4602 jnrasse,
996 4525 1071 4584 illos
1082 4525 1117 4584 in

323 4623 473 4703 pluribus
506 4637 702 4701 aggravare.
736 4625 858 4684 Verum
891 4623 968 4698 quia
995 4622 1116 4683 statuta

323 4720 512 4798 hujusmodi
528 4720 642 4796 procul
657 4718 757 4782 dubio
771 4719 848 4780 sunt
863 4717 989 4794 iniqua,
1005 4718 1037 4779 et
1051 4733 1118 4778 ma·

323 4819 443 4880 nileste
458 4817 592 4879 obviant
615 4816 824 4878 scholasticae
841 4815 996 4887 libertati,
1018 4815 1051 4876 et
1061 4817 1119 4891 ju-

323 4913 1118 4991 ramentumsuperobservationeipsorumpraes·

1170 1811 1236 1872 tem
1257 1811 1439 1887 antiquam,
1464 1811 1498 1871 et
1512 1809 1658 1872 habitem
1681 1803 1851 1898 hactenus,
1872 1812 1948 1887 ipsos
1981 1803 1982 1890 l

1171 1907 1362 1970 nullatenus
1391 1907 1582 1980 molestetis,
1608 1907 1814 1969 neciaoiatis
1828 1923 1883 1984 per
1899 1923 1949 1983 po-
1981 1891 1982 1900 ¹

1170 2005 1321 2067 testatem
1345 2004 1507 2077 eumdem,
1528 2005 1668 2066 remisso
1689 2003 1753 2064 sibi
1774 2007 1947 2080 juramento

1170 2102 1392 2179 praedictoris
1406 2103 1527 2164 caetero
1540 2102 1720 2173 molestari,
1739 2102 1947 2178 permittentes

1171 2198 1303 2260 eosdem
1326 2197 1423 2258 solita
1447 2197 1602 2259 libertate
1621 2198 1777 2273 gaudere,
1798 2199 1835 2258 ut
1853 2197 1947 2273 quieto

1170 2297 1281 2356 animo
1305 2295 1432 2371 possint
1456 2295 1621 2356 inhaerere
1640 2291 1848 2356 scholasticis
1864 2292 1949 2353 disol-

1171 2393 1281 2469 plinis,
1295 2393 1329 2454 et
1347 2409 1407 2453 nos
1419 2393 1629 2454 devotionem
1641 2395 1788 2454 vestram
1799 2393 1948 2470 possimus

1170 2491 1204 2550 in
1220 2491 1358 2551 Domino
1384 2489 1626 2562 commendare,
1644 2505 1686 2550 ne
1700 2490 1730 2550 si
1744 2505 1842 2550 secus
1856 2489 1949 2563 egeri-

1169 2587 1223 2658 tis,
1240 2586 1326 2663 quod
1350 2601 1413 2648 non
1439 2586 1615 2657 credimus,
1632 2587 1746 2662 contra
1761 2585 1947 2647 voluntatem

1170 2685 1316 2745 nostram
1344 2699 1504 2758 cogamur
1540 2683 1662 2744 taciem
1696 2685 1845 2746 nostram
1873 2681 1947 2743 robis

1170 2781 1345 2842 ostendere
1357 2781 1537 2842 duriorem.

1211 2879 1329 2939 Datum
1342 2877 1481 2938 viterbii
1495 2880 1614 2941 octavo
1635 2877 1709 2939 idus
1724 2878 1842 2956 aprilis
1856 2875 1947 2954 ponti-

1171 2975 1288 3036 ticatus
1300 2974 1407 3036 nostri
1423 2991 1510 3036 anno
1524 2976 1652 3052 quarto.

1528 3150 1612 3240 CXI

1170 3297 1222 3356 Ad
1236 3294 1402 3357 decantem
1417 3297 1450 3357 ct
1464 3299 1651 3370 caperratum
1666 3297 1785 3358 Sancti
1798 3295 1945 3356 Johuuuit

1470 3395 1658 3455 Biatontt'ttt.

1459 3515 1476 3573 8
1492 3516 1572 3589 april.
1588 3515 1667 3573 itan,

1203 3629 1323 3694 [Regest.,
1335 3629 1380 3680 lib.
1390 3621 1433 3688 itt,
1444 3631 1516 3694 epist.
1532 3630 1586 3680 692.
1596 3632 1653 3680 liss.
1664 3625 1785 3680 LaPorte
1796 3619 1920 3688 daniheli]

1172 3743 1356 3816 Privilegium
1372 3745 1562 3802 maternitatis
1573 3745 1703 3802 ecciesiae
1718 3744 1814 3802 Sancti
1830 3741 1943 3814 Stephani

1207 3831 1344 3890 adversus
1365 3833 1490 3904 ipsorum
1506 3832 1673 3904 petitionem
1685 3833 1854 3890 auctoritate
1870 3833 1942 3902 ipos·

1206 3921 1289 3977 tolica
1306 3921 1464 3978 confirmat.

1211 4038 1389 4109 Honorius,
1412 4038 1488 4108 etc,
1516 4036 1646 4099 dilectis
1677 4036 1756 4128 liliis
1780 4037 1898 4098 decano
1920 4033 1943 4092 et

1171 4133 1315 4210 capitulo
1338 4135 1451 4196 Sancti
1480 4134 1643 4196 iohannis
1666 4125 1846 4202 Bisuntini,
1872 4131 1943 4193 salu-

1170 4233 1247 4302 tem,
1265 4233 1327 4294 etc.

1212 4332 1317 4400 Quum
1333 4329 1529 4405 procurator
1542 4329 1654 4391 vester
1664 4327 1873 4406 privilegium
1885 4323 1943 4384 leli·

1171 4428 1219 4488 cis
1243 4426 1485 4488 recordationis
1508 4426 1646 4488 Adriani
1667 4441 1760 4502 papae
1780 4423 1942 4502 pretores·

1172 4525 1258 4586 soris
1269 4525 1377 4584 nostri
1390 4539 1450 4600 per
1463 4523 1549 4601 quod
1565 4523 1695 4585 dicebat
1702 4525 1759 4601 Jus
1777 4519 1941 4584 matemita·

1171 4623 1214 4684 tis
1229 4621 1353 4683 habere
1366 4622 1510 4684 vestram
1523 4621 1709 4694 ecclesiam,
1727 4622 1853 4698 peteret
1865 4619 1941 4678 inno-

1171 4720 1254 4789 vari,
1271 4733 1331 4778 nos
1345 4718 1377 4778 ei
1387 4720 1456 4780 et...
1468 4719 1675 4796 procuratori
1690 4719 1842 4780 ecciesiae
1852 4709 1940 4776 Sancti

1149 4863 1150 4866 ,
1173 4816 1331 4892 Stephani
1361 4815 1538 4878 constituto
1559 4815 1604 4876 -in
1639 4817 1752 4876 nostra
1775 4810 1937 4892 praesentia,

1172 4913 1327 4975 dilectum
1342 4913 1445 4973 lilium
1470 4913 1621 4974 nostrum
1645 4913 1694 4984 L„
1724 4912 1813 4975 tituli
1835 4907 1939 4972 Sancta

323 5014 419 5076 titum
427 5028 493 5073 non
505 5014 565 5084 est,
579 5012 691 5086 utpote
702 5009 865 5080 illicitum,
875 5007 1117 5070 observandum
1173 5009 1287 5071 Crucis
1303 5011 1337 5070 in
1352 5009 1537 5072 Jerusalem
1560 5008 1799 5086 praesbyterum
1810 5007 1938 5072 cardica-

323 5127 399 5174 cum
425 5121 486 5172 nec
509 5109 672 5186 Judicium
701 5105 841 5176 habeat,
868 5122 929 5167 nec
954 5106 1116 5183 justitiam
1172 5108 1247 5179 lem,
1274 5108 1423 5170 dedimus
1448 5107 1643 5178 auditorem,
1662 5122 1775 5168 coram
1798 5103 1937 5184 quoidam

324 5208 476 5270 eumdem
493 5205 708 5266 Wilhelmum
731 5203 930 5265 monendum
950 5203 1115 5275 duximus,
1173 5206 1285 5266 Sancti
1305 5205 1464 5280 Stephani
1480 5207 1677 5280 procurator
1694 5207 1808 5267 contra
1824 5197 1937 5280 praetlitr

324 5307 358 5367 et
369 5303 567 5365 hortandum
582 5301 773 5378 apostolicis
789 5299 851 5360 sibi
867 5299 982 5362 dantes
997 5300 1117 5364 litteris
1172 5303 1240 5362 tum
1250 5302 1462 5378 privilegium
1475 5303 1579 5362 multa
1598 5303 1771 5378 proposuit
1785 5301 1820 5361 in
1832 5307 1937 5376 posset·

324 5404 360 5462 in
374 5400 566 5478 praeceptis3
583 5401 619 5460 ut
629 5399 800 5459 scholares
815 5399 990 5474 praedictos
1003 5402 1117 5461 contra
1172 5397 1576 5460 sionematernitatisesse
1586 5414 1681 5460 suam
1691 5399 1938 5460 eeclesiamasse·

220 5507 223 5514 '
326 5499 511 5559 libertatem
522 5497 682 5558 hactenus
693 5495 839 5557 habitam
855 5496 1029 5558 occasione
1049 5498 1118 5558 sta-
1172 5511 1303 5557 vetans.
1321 5497 1400 5556 Cum
1413 5496 1524 5558 autern
1542 5496 1620 5558 hinc
1634 5496 1711 5557 inde
1724 5509 1832 5557 coram
1845 5487 1935 5551 eodem

325 5596 470 5658 tutorum
498 5593 654 5668 ipsorum,
678 5609 751 5670 qum
767 5593 857 5654 velut
880 5592 995 5670 iniqua
1019 5593 1119 5655 duxi·
1172 5593 1341 5656 cardinale
1355 5592 1471 5655 luisset
1485 5593 1609 5656 diutius
1621 5593 1825 5664 altercatum,
1838 5589 1866 5649 et
1883 5584 1936 5658 ipse
