3952 6350
275 379 335 440 orn
383 345 384 348 ‘
896 383 1071 445 uouonu
1094 385 1139 445 ιιι
1161 387 1308 450 ornus.

277 537 388 602 omnia
403 539 561 617 predicta
574 541 608 603 et
621 539 857 620 subsequentia
872 499 1069 606 erchenra-
1450 573 1600 662 (JCXVI
1672 569 1674 574 '

276 635 384 698 bimus
399 637 526 701 illibata
539 638 625 699 bona
639 638 714 710 tide,
729 641 762 702 et
775 640 1068 701 warantizabimus

276 734 806 798 etdelendemuscontraomnem
824 735 991 798 hominem
1010 755 1069 800 seu
1125 707 1175 766 Aa
1201 708 1491 785 ammepsswlmsr
1530 712 1724 782 ⁶P²⁸⁶0P⁰⁸r
1762 710 1899 783 abbate&

275 830 433 894 feminam
443 834 511 894 toto
525 833 673 910 tempore
683 834 760 896 vitas
776 836 909 905 nostrae,
922 836 955 896 et
969 836 1003 896 in
1015 851 1070 912 pa·
1158 805 1298 874 prm
1311 803 1346 864 εἰ
1360 807 1444 866 “MOS
1457 807 1680 866 “mmmm
1688 805 1860 880 Proelam·

275 928 371 990 oiiioa
394 931 606 1006 possessione
629 932 863 1007 praedictorum
886 948 960 994 eam
984 948 1067 993 oon·
1384 917 1417 974 ¹9
1431 917 1555 990 immitti
1571 917 1650 976 ¹²²¹·

275 1027 481 1090 servabimus
497 1045 671 1105 proposse
693 1031 807 1090 nostro
829 1029 914 1091 bona
939 1031 1014 1090 fide.
1030 1031 1070 1091 Et
1258 1021 1471 1082 [strauitque.
1489 1024 1544 1074 0¹11·
1559 1024 1663 1084 vienn,
1675 1037 1701 1086 Ρ·
1714 1022 1782 1086 ³0³·l

275 1125 315 1188 ad
333 1129 491 1204 majorem
507 1125 606 1202 hujus
620 1127 669 1187 rei
691 1128 904 1188 securitatem
917 1129 957 1188 ad
974 1143 1069 1188 man·
1123 1127 1207 1186 Vetat
1239 1126 1347 1184 ordinis
1385 1129 1552 1186 theutonici
1589 1129 1722 1186 homines
1755 1131 1901 1202 pecuniaria

275 1221 387 1285 datum
416 1225 567 1284 nostrum
589 1226 788 1300 jnraverunt
813 1225 1066 1302 archiepiscopi,
1159 1229 1242 1288 ltffissa
1267 1217 1360 1288 puniri
1379 1217 1809 1291 01000¹e⁸¹i⁸⁸¹²¹l>f0⁸bl⁸⁰il⁵
1829 1233 1902 1276 0¹³⁰·

275 1320 433 1397 episcopi‚
440 1320 582 1382 barones
595 1322 627 1382 et
634 1321 691 1382 alii
701 1321 825 1394 clerici,
835 1323 869 1383 et
881 1322 969 1394 laici,
982 1323 1068 1400 quod
1158 1303 1251 1362 ”⁰⁰0³
1271 1303 1412 1363 indebitas
1428 1306 1546 1379 lmlfflssl·

274 1433 335 1495 pro
350 1433 446 1494 posse
467 1433 529 1479 suo
544 1418 650 1479 modis
665 1419 817 1480 omnibus
832 1419 966 1492 facient,
990 1435 1070 1496 pro-
1162 1413 1329 1473 Honorius
1341 1414 1527 1491 episcopus,
1537 1429 1654 1476 servus
1662 1429 1830 1476 servorum
1840 1417 1901 1488 liei,

276 1515 449 1588 curabunt,
465 1517 498 1578 ot
512 1515 635 1578 dabunt
648 1532 782 1593 oporam
792 1517 972 1590 efficacem,
982 1518 1067 1594 quod
1123 1510 1370 1572 venerabilibus
1404 1511 1563 1573 iratribus
1595 1512 1850 1590 archiepiscopis
1875 1515 1904 1575 et

275 1613 386 1674 omnia
400 1614 486 1674 sicut
500 1614 623 1689 scripta
638 1617 716 1676 sunt
728 1615 879 1690 plenarie
889 1614 1069 1677 observen·
1123 1607 1288 1684 episcopis
1306 1611 1338 1669 et
1352 1608 1484 1670 dilectis
1499 1610 1577 1670 filiis
1592 1609 1778 1682 abbatibus,
1792 1609 1904 1685 Primi·

275 1709 330 1771 tur
344 1712 377 1772 ei
395 1711 597 1772 nullomodo
618 1712 811 1784 contrahet,
829 1713 916 1774 etde
936 1711 999 1774 hoc
1013 1712 1068 1774 sa·
1123 1705 1195 1779 bus,
1213 1707 1358 1778 decanis,
1376 1707 1633 1778 archidiaconis,
1650 1709 1843 1784 praepositis,
1856 1723 1904 1766 ar·

276 1807 404 1880 cieudo,
420 1808 453 1869 et
463 1809 690 1870 conservando
703 1809 843 1886 quilibet
855 1825 970 1871 eorum
980 1809 1069 1870 dedit
1124 1803 1382 1881 chipresbyteris
1397 1807 1430 1866 et
1440 1804 1516 1865 aliis
1526 1805 1744 1867 ecclesiarum
1760 1805 1903 1882 prelatis,

275 1903 405 1966 litteras
421 1921 497 1966 suas
516 1907 665 1981 patentes
691 1907 798 1965 eidem
822 1907 958 1982 reginae,
983 1908 1016 1968 et
1040 1907 1069 1966 si
1124 1901 1165 1961 ad
1178 1917 1260 1977 qnos
1275 1901 1477 1964 litteraeistae
1492 1903 1712 1978 pervenerint,
1731 1903 1864 1964 salutem
1878 1903 1906 1962 et

276 1999 380 2076 aliqui
393 2000 433 2060 de
446 1999 612 2076 praedictis
628 2001 751 2077 juratis
765 2000 978 2071 decesserint,
993 2015 1071 2060 suc-
1124 1999 1339 2074 apostolicam
1361 1999 1636 2062 benedictionem.

276 2111 425 2158 cessores
448 2113 562 2158 eorum
582 2097 655 2158 loco
681 2113 796 2159 eorum
821 2097 980 2158 iaciemus
1008 2097 1069 2158 hoo
1164 2097 1305 2167 Querela
1326 2097 1521 2159 dilectorum
1536 2097 1680 2159 tiliorum
1706 2097 1842 2158 fratrum
1856 2097 1907 2158 do-

275 2193 363 2256 idem
374 2197 501 2270 iurare,
525 2195 557 2254 et
575 2195 671 2261 alios,
689 2211 771 2272 quos
797 2195 931 2256 domina
953 2195 1068 2270 regina
1126 2209 1197 2252 mus
1214 2194 1395 2269 Hospitalis
1411 2197 1540 2256 Sanctae
1562 2197 1676 2258 Mariae
1696 2195 1907 2256 Theutonico-

275 2305 385 2354 causae
407 2307 476 2352 suae
500 2291 620 2353 viderit
645 2291 863 2364 necessarios,
891 2295 924 2352 et
949 2291 1070 2352 litteris
1125 2305 1196 2349 rum
1225 2291 1516 2366 Hierosolymitani
1558 2293 1599 2352 ad
1626 2309 1686 2353 nos
1723 2293 1908 2354 transmissa

275 2388 465 2450 eorumdem
487 2387 674 2464 patentibus
684 2387 891 2449 confirmare.
915 2387 1070 2449 volentes
1125 2387 1287 2463 pervenit,
1313 2389 1398 2464 quod
1425 2388 1575 2450 homines
1604 2390 1813 2460 eorumdem,
1836 2403 1906 2465 quos
1969 2377 1970 2406 ³

276 2488 379 2564 igitur
393 2488 534 2549 dominae
548 2487 672 2563 reginae
687 2503 785 2565 super
796 2487 963 2564 praedictis
975 2485 1070 2562 plene
1125 2483 1287 2545 adulterio
1313 2485 1366 2545 vel
1399 2486 1466 2546 alio
1500 2487 1639 2548 crimine
1673 2486 1909 2564 deprehenditis
1969 2487 1970 2490 ’

276 2601 405 2656 cavere,
423 2585 648 2662 supplicamus
662 2585 794 2645 domino
815 2600 909 2660 papae
928 2584 1069 2645 iideiiter
1125 2581 1283 2650 irretitos,
1296 2583 1409 2642 contra
1426 2581 1629 2646 libertatesa
1647 2585 1783 2659 regibus
1801 2587 1832 2645 et
1844 2583 1909 2643 aliis

277 2682 483 2760 quodomnia
493 2683 557 2744 ista
571 2681 742 2742 confirmet
756 2683 788 2743 et
801 2683 945 2758 apponat
956 2695 1070 2740 omnes
1125 2677 1330 2755 principibus
1351 2679 1433 2755 ipsis
1449 2680 1594 2742 indultas
1615 2681 1810 2758 pecuniaria
1825 2683 1913 2758 prana'

277 2780 492 2851 securitates,
516 2795 599 2856 quas
621 2779 741 2840 viderit
762 2779 930 2855 expedire,
954 2779 987 2839 et
1009 2793 1070 2838 nos
1126 2775 1260 2852 punitis,
1275 2775 1595 2854 presbyterosetiam
1610 2779 1828 2839 ecclesiarum
1842 2793 1905 2838 sna·
1970 2760 1971 2854 ἶ

278 2889 337 2938 eas
353 2877 442 2938 ratas
457 2876 664 2938 habebimus.
688 2879 804 2937 Actum
820 2876 967 2945 London,
983 2891 1070 2935 anno
1125 2889 1199 2934 rum
1212 2875 1244 2934 et
1264 2891 1378 2934 omnes
1393 2875 1490 2940 alias.
1504 2891 1587 2951 quas
1600 2877 1726 2947 tenent,
1739 2891 1807 2936 uon
1822 2875 1907 2936 dubi-

279 2975 458 3038 Dominicae
471 2973 712 3034 incarnationis
723 2975 877 3044 MCCXX,
890 2988 1002 3034 mense
1014 2975 1072 3050 ju·
1128 2971 1203 3032 tatis
1217 2971 1252 3030 ut
1262 2971 1384 3031 dicitur
1395 2971 1551 3032 indebitis
1562 2971 1794 3033 exactionibus
1804 2987 1908 3048 aggra-

280 3070 328 3145 lii,
346 3087 432 3132 anno
447 3071 541 3146 regni
555 3069 658 3132 nostri
675 3072 802 3147 quarto.
1127 3082 1215 3128 vare.
1248 3067 1331 3139 Quia
1360 3066 1462 3144 igitur
1482 3083 1661 3144 gravamen
1690 3070 1910 3145 praediotorun

318 3168 412 3231 Nulli
435 3183 514 3244 ergo
539 3168 672 3228 omnino
689 3167 857 3228 hominum
873 3165 973 3228 liceat
986 3166 1072 3227 hano
1127 3163 1265 3225 fratrum
1280 3165 1490 3226 dissimulare
1512 3181 1578 3227 non
1596 3181 1772 3244 possumus
1786 3183 1845 3228 nec
1859 3167 1909 3226 de-
1971 3145 1972 3168 ¹

279 3266 435 3346 paginam
461 3265 583 3326 nostrae
598 3263 859 3326 confirmationis
877 3263 1070 3338 infringere,
1126 3261 1254 3330 bernus,
1267 3278 1348 3338 quos
1360 3265 1494 3338 propter
1509 3279 1671 3340 pauperes
1687 3265 1823 3335 Christi,
1837 3279 1909 3340 qno·

279 3363 332 3426 vel
348 3364 378 3426 ei
389 3378 473 3424 ausu
488 3361 665 3424 temerario
680 3361 858 3422 contraire.
875 3361 909 3421 Si
922 3361 997 3437 quis
1012 3376 1075 3422 au·
1128 3374 1200 3418 rum
1213 3361 1290 3419 sunt
1304 3358 1472 3436 ohsequiis
1487 3361 1681 3436 mancipati,
1698 3361 1735 3422 in
1747 3361 1815 3421 suis
1832 3361 1910 3422 volu·

279 3460 358 3532 tem,
388 3461 449 3520 etc.
478 3459 595 3521 Datum
625 3457 792 3530 Laterani,
817 3459 891 3518 XlV
913 3456 1074 3518 liniendas
1128 3472 1201 3516 mus
1212 3457 1350 3531 justitiis
1367 3455 1554 3528 contovere,
1576 3458 1789 3520 universitati
1805 3461 1911 3520 vestra

280 3554 451 3626 februarii,
465 3553 676 3630 pontificatus
691 3553 797 3614 nostri
813 3567 901 3613 anno
912 3553 1037 3628 quinto.
1129 3553 1324 3614 auctoritate
1336 3555 1525 3630 apostolica
1541 3555 1740 3627 inhibemus,
1758 3559 1912 3632 quatenus

322 3657 364 3714 Iu
401 3653 558 3712 cumdem
585 3653 724 3712 modum
758 3650 925 3723 scriptum
954 3649 1006 3710 cst
1033 3647 1074 3710 ad
1130 3649 1280 3710 homines
1294 3651 1442 3726 ipsorum
1465 3653 1580 3712 contra
1605 3653 1790 3713 libertatern
1803 3654 1852 3713 eis
1871 3653 1914 3710 in·

283 3749 485 3826 Stephanum
505 3748 628 3809 sanctae
650 3749 808 3808 Romanae
824 3745 980 3808 Ecclesiae
996 3761 1074 3807 car·
1130 3748 1254 3808 duliam
1276 3764 1372 3824 poena
1389 3749 1583 3826 pecuniaria
1598 3765 1663 3811 non
1683 3751 1848 3811 mulctatis
1863 3763 1914 3808 nec

281 3846 438 3918 dinalem,
469 3845 755 3921 archiepiscopum
791 3844 1073 3915 Cantuariensem,
1130 3845 1280 3915 ecclesiis
1296 3861 1410 3906 eorum
1427 3849 1486 3907 aui
1505 3845 1707 3924 presbyteris
1731 3847 1913 3909 exactiones

282 3947 315 4008 et
328 3945 519 4021 episcopum
535 3941 831 4012 saresberiensem,
845 3956 951 4014 usque
966 3960 976 4002 :
994 3953 1076 4017 quas
1129 3942 1294 4004 indebitas
1308 3942 1494 4019 imponatis
1508 3941 1565 4007 sed
1576 3943 1617 4004 ab
1631 3957 1745 4004 eorum
1762 3943 1913 4005 molestiis

245 4026 250 4034 ’
282 4043 470 4106 videremur
494 4037 728 4100 securitatibus
754 4038 922 4114 expedire.
947 4041 1076 4100 Deinde
1131 4039 1328 4100 desistentes
1350 4041 1465 4100 contra
1493 4041 1635 4116 injurias
1658 4041 1912 4115 malignantium,

204 4143 209 4148 '
279 4138 506 4214 prosequitur
520 4152 532 4196 .·
546 4137 645 4196 «Nos
663 4137 730 4197 tam
751 4135 855 4211 ipsius
874 4135 963 4210 regis
978 4151 1076 4212 quam
1131 4137 1277 4197 vestrum
1298 4136 1420 4197 curetis
1447 4137 1668 4213 patrocinium
1689 4137 1860 4208 exhihere,
1875 4136 1914 4195 ita

283 4235 430 4314 ejusdem
448 4233 573 4308 reginae
594 4231 748 4308 precibus
770 4220 967 4303 annue‘utes,
982 4247 1075 4293 com·
1132 4233 1217 4309 quod
1232 4233 1367 4310 querela
1382 4249 1481 4310 super
1494 4234 1556 4296 hoc
1571 4235 1612 4296 ad
1627 4235 1832 4296 audientiam
1845 4249 1915 4294 nos-

285 4333 484 4412 posiiionem
510 4331 616 4406 ipsam
652 4328 789 4406 provide
814 4328 947 4400 iactam,
973 4329 1006 4390 et
1035 4328 1077 4390 ab
1134 4331 1216 4390 tram
1246 4331 1365 4391 iterata
1385 4329 1501 4392 venire
1522 4347 1589 4393 non
1611 4331 1744 4404 debeat,
1777 4343 1914 4393 necros

285 4433 424 4514 utraque
445 4430 537 4504 parte
563 4429 679 4503 sponte
694 4427 859 4502 receptam
880 4426 1077 4488 auctoritate
1132 4425 1265 4501 possitis
1287 4425 1327 4486 de
1353 4427 1495 4489 avaritia
1522 4428 1640 4489 merito
1664 4426 1717 4489 vel
1738 4427 1914 4501 contemptu

284 4526 474 4603 apostolica
488 4523 768 4594 confirmavimus
782 4523 913 4584 sicutin
930 4523 1077 4599 ejusdem
1134 4522 1444 4598 sedisapostolicae
1459 4525 1668 4600 reprehendi.
1686 4525 1807 4586 Datum
1829 4524 1915 4584 Late·

284 4625 374 4699 regis
387 4622 577 4684 authentico
593 4621 791 4682 continetur.
811 4621 860 4682 Ne
869 4619 973 4696 igitur
987 4635 1079 4681 corn-
1132 4620 1218 4691 rani,
1234 4623 1308 4680 XlV
1321 4620 1387 4682 kal.
1402 4619 1575 4692 februarii,
1594 4621 1809 4700 pontificatus
1823 4617 1915 4682 nostri

286 4721 483 4799 positionem
511 4719 660 4780 eamdem
685 4716 874 4793 apostolico
896 4716 1078 4779 munimine
1133 4729 1220 4776 anuo
1235 4715 1361 4792 quinto.

287 4813 1079 4892 roboratamcujusquamtemeritasviolarepree·
1445 4857 1618 4944 CCXVII

287 4917 408 4986 sumat,
438 4913 638 4976 fraternitati
662 4913 781 4974 vestrae
805 4927 866 4988 per
889 4911 1079 4987 Apostolioa

287 5013 411 5090 scripta
439 5009 662 5088 precipiendo
684 5008 888 5080 mandamus,
917 5008 1081 5085 quatenus
1111 5051 1112 5054 ,
1425 4993 1477 5054 Ad
1492 4993 1638 5064 effidem·

288 5111 394 5189 ipsam
422 5107 583 5170 iacientes
604 5106 802 5168 auctoritate
824 5106 937 5167 nostra
952 5105 1080 5168 suffulti
1399 5101 1569 5176 wienuarii
1585 5103 1664 5162 liii.

288 5207 428 5268 tirmiter
450 5204 632 5276 observari,
650 5203 801 5281 quotiens
823 5201 953 5265 fueritis
967 5202 1082 5279 requi·
1367 5209 1613 5275 [stnnhs,1.o.,p.
1626 5209 1694 5275 aua]

288 5305 355 5376 siti,
373 5319 441 5376 eos,
463 5303 520 5381 qui
543 5299 789 5363 contravenire
810 5300 1082 5376 presumpserint
1134 5305 1218 5366 lubet
1232 5307 1355 5366 vicarios
1369 5307 1404 5364 ad
1419 5309 1566 5366 servulum
1583 5308 1612 5365 in
1631 5309 1740 5368 ordinis
1761 5305 1914 5368 Theuunici

288 5402 470 5466 monitione
485 5399 668 5476 praemissa,
694 5411 754 5474 per
777 5411 952 5460 censuram
971 5395 1081 5460 eccle·-
1171 5395 1300 5456 ecoleeiis
1312 5395 1455 5469 obligatos
1469 5397 1498 5454 iu
1513 5397 1636 5470 propriis
1654 5399 1787 5471 personis
1800 5397 1828 5456 id
1841 5409 1914 5469 pras·

290 5499 470 5569 siasticam
485 5495 614 5558 sublato
624 5493 802 5572 cujuslibet
810 5493 1082 5556 contradictionis
1170 5489 1240 5541 tore.

289 5599 322 5658 et
360 5593 592 5673 appellationis
627 5591 819 5664 obstaculO,
852 5591 1079 5668 compescatis.
1176 5593 1342 5654 Honorius
1350 5595 1535 5672 episcopus,
1544 5610 1659 5658 sersus
1667 5609 1840 5657 servorum
1852 5589 1910 5656 liei,

290 5693 380 5766 Quod
397 5692 425 5762 si
445 5706 512 5752 non
529 5689 636 5760 ambo,
651 5689 726 5760 etc,
743 5689 829 5750 alter
842 5691 1000 5760 vestrum,
1017 5690 1078 5751 etc.
1137 5689 1381 5751 venerabilibus
1417 5691 1575 5756 iratribus
1604 5689 1860 5769 archiepiscopis
1888 5685 1914 5746 et
