3952 6350
258 351 318 410 715

872 349 1048 410 nononu
1071 349 1115 408 ιιι
1137 351 1285 409 orons.
1833 353 1883 410 na
1960 334 1961 342 '

258 509 346 570 votis
377 511 449 585 ejus
480 509 669 579 annuimus,
706 509 935 570 existimantes
965 507 1051 584 quod
1107 507 1375 584 archipresbyter
1388 508 1428 568 de
1440 511 1533 584 Rupe
1545 508 1635 569 Furti
1647 506 1755 568 nullos
1769 508 1881 570 ratione

260 605 367 668 eidem
391 605 541 668 ecclesiae
570 621 666 666 suum
679 605 723 666 sit
746 605 948 666 consortium
961 605 1052 666 lruc·
1107 605 1158 664 sui
1180 604 1525 680 archipresbpteratus
1539 605 1625 666 ultra
1640 607 1780 681 quatuor
1794 605 1882 666 libras
1961 629 1962 650 2

259 705 401 765 tuosum.
425 705 503 764 Cum
534 704 634 778 igitur
664 703 934 763 mandaverimus
958 702 1051 762 vohis
1107 703 1350 762 Claronronten.
1369 705 1507 764 monetae
1527 702 1815 772 habeatredditus,
1834 721 1882 764 uec

260 800 341 862 olim
357 803 392 861 ut
410 800 603 876 praehendas
624 801 727 876 ipsius
747 801 908 870 ecclesiae,
926 815 999 860 cum
1016 816 1051 860 se
1106 799 1194 859 aliud
1209 801 1380 860 assecutus
1407 801 1451 861 sit
1475 799 1682 870 heneficium,
1700 815 1743 861 ex
1767 817 1828 876 quo
1851 803 1884 860 ad

260 896 402 959 lacunas
415 897 580 968 obtulerit,
594 899 744 974 personis
758 899 886 958 idoneis
899 897 1052 960 consera—
1107 897 1213 972 ipsum
1236 912 1314 956 cura
1335 897 1498 972 pertineat
1522 897 1722 970 animarum,
1743 913 1814 967 nos,
1830 899 1885 958 tuis

260 996 315 1066 tis,
328 995 520 1056 discretioni
530 998 649 1058 vestrae
661 996 916 1073 perApostolica
928 995 1050 1070 scripta
1106 995 1139 1054 et
1157 996 1228 1068 ejus
1253 993 1550 1070 supplicationibus
1565 994 1729 1066 inclinati,
1749 1009 1884 1070 praesen-
1962 988 1963 996 ’

260 1093 482 1170 preacipiendo
497 1093 704 1164 mandamus
722 1095 885 1170 quatenus
900 1092 1052 1169 praehen—
1106 1090 1186 1150 tiurn
1207 1089 1264 1150 tibi
1280 1092 1478 1152 auctoritate
1494 1091 1718 1162 concedimus,
1737 1091 1773 1152 ut
1792 1091 1886 1151 eidem

260 1189 348 1261 dam,
366 1191 394 1250 si
410 1205 474 1267 qua
490 1191 524 1251 in
546 1191 703 1267 praediota
719 1191 860 1252 ecclesia
876 1193 981 1262 vacat,
998 1191 1050 1252 vel
1106 1187 1513 1264 arclripresbyter0‚quem
1530 1188 1727 1262 significasti
1742 1187 1832 1248 nobis
1845 1189 1888 1248 vi-

261 1302 360 1362 quam
376 1288 441 1348 cito
453 1289 492 1349 ad
507 1288 540 1349 id
556 1287 711 1350 obtulerit
727 1305 762 1350 se
778 1289 929 1358 facultas
944 1288 1049 1348 eidem
1106 1300 1177 1344 rum
1193 1285 1287 1345 honre
1304 1286 1471 1360 opinionis
1486 1289 1517 1346 et
1528 1286 1792 1346 conversationis
1803 1287 1884 1346 exis-

260 1384 413 1456 diaoon0,
438 1387 533 1461 quus
558 1387 781 1462 provisionem
809 1383 900 1464 [non]
923 1385 1050 1446 diherri
1107 1385 1187 1454 tere,
1197 1383 1421 1458 parochialem
1433 1383 1698 1460 conterrepossis
1708 1383 1886 1454 ecclesiam,
1963 1419 1964 1444 ι

259 1481 424 1554 volumus,
446 1483 637 1550 conseratis,
660 1484 767 1560 eique,
785 1485 837 1545 vel
858 1484 974 1544 nuntio
990 1499 1050 1544 suo
1106 1497 1203 1555 qrram
1226 1496 1299 1540 curn
1321 1480 1435 1540 eodem
1451 1479 1778 1556 archipresbyteratu
1795 1480 1886 1540 libere

258 1579 365 1656 ipsius
381 1580 525 1648 nomine,
536 1581 668 1642 stallum
681 1581 715 1641 in
731 1582 832 1642 choro
847 1581 879 1641 et
894 1581 1000 1640 locum
1017 1581 1050 1640 in
1106 1577 1216 1638 valeat
1240 1578 1395 1647 retinere,
1414 1579 1598 1654 praesertim
1618 1593 1693 1638 curn
1711 1577 1841 1640 credere
1860 1581 1886 1638 te

259 1678 405 1753 capitulo
415 1679 603 1754 assignetis.
620 1681 823 1754 Praeceptum
836 1680 983 1740 nostrum
994 1681 1050 1740 ta·
1106 1690 1284 1750 proponas,
1299 1675 1383 1750 quod
1400 1691 1443 1734 ex
1455 1675 1517 1734 hoo
1529 1675 1614 1734 idem
1625 1678 1658 1734 S.
1669 1675 1821 1751 prodesse
1835 1675 1885 1734 tihi

259 1774 336 1835 liter
354 1775 532 1852 impleturi,
550 1777 634 1853 quod
658 1778 690 1837 et
704 1777 776 1852 ipse
790 1777 830 1836 de
846 1775 958 1837 labore
973 1792 1052 1852 pro-
1106 1770 1138 1830 et
1153 1770 1215 1829 sihi
1245 1771 1279 1830 in
1308 1771 1652 1847 archipresbyteratus
1684 1771 1793 1832 cilicio
1822 1771 1884 1846 plus

258 1871 397 1933 visionis
414 1873 568 1948 quietem,
581 1875 613 1934 et
632 1874 672 1933 de
692 1873 876 1948 sumptibus
898 1874 1052 1933 consola·
1107 1867 1240 1928 valebit.
1255 1868 1381 1928 Datum·
1389 1867 1555 1938 Laterani,
1576 1870 1622 1928 Ill
1636 1868 1711 1928 idus
1727 1866 1881 1938 februarii,

257 1967 358 2030 tionis
372 1967 515 2030 fructum
530 1985 566 2030 se
581 1973 769 2045 reportasse
785 1971 924 2040 laetatur,
939 1986 1050 2030 aenos

258 2067 488 2127 commendare
513 2083 570 2128 vos
593 2069 633 2127 de
655 2067 841 2128 obedientia
867 2067 1049 2128 valeamus.

258 2163 375 2224 Datum
391 2165 559 2236 Laterani,
572 2167 599 2226 V
614 2165 689 2224 idus
705 2164 800 2236 sehr„
820 2181 906 2226 anno
922 2166 1048 2241 quinto.

562 2351 746 2438 GGLXVI

357 2483 409 2542 Ad
433 2485 587 2556 priorem
609 2485 642 2542 et
662 2485 794 2556 fratres
814 2487 947 2545 ordinis

506 2581 793 2640 Prwdicotorum.

548 2701 581 2758 lo
596 2698 666 2758 febr.
685 2702 763 2760 liti.

313 2813 428 2878 [Ripolli
441 2813 508 2864 Bull.
523 2815 730 2874 Predicarorum,
743 2817 763 2874 l,
775 2831 804 2878 ιι,
813 2833 839 2880 p.
849 2817 887 2876 lb,
899 2832 925 2866 n.
936 2817 988 2882 rr]

256 2921 299 2978 Ne
313 2919 414 2978 tratres
423 2919 571 2980 discedant
581 2920 618 2979 ab
628 2921 727 2980 ordina
738 2924 800 2981 sine
811 2924 913 2996 prioris
925 2925 1049 2982 licentia.

297 3039 465 3099 Honorius
474 3039 659 3115 episcopua,
670 3056 786 3101 servus
794 3057 965 3102 servorum
979 3043 1049 3114 Dei,

259 3134 389 3196 dilectis
402 3135 480 3196 tiliis
496 3137 598 3212 priori
608 3139 639 3198 et
655 3137 811 3199 iratribus
824 3139 950 3199 ordinis
966 3143 1052 3202 Prae·

259 3231 454 3304 dicatorum,
470 3234 610 3294 salutem
625 3237 657 3295 et
672 3237 887 3310 apostolicam
903 3236 1052 3298 benedie-

258 3329 393 3390 tionem.

298 3427 379 3486 Cum
405 3430 633 3504 paupertatem
655 3431 688 3490 et
707 3432 808 3493 vitam
832 3433 1051 3508 prohteamlui

261 3523 461 3599 regularem,
489 3525 691 3597 insistentes,
714 3544 756 3588 ex
780 3529 845 3604 pio,
876 3545 972 3605 quem
993 3547 1051 3589 vos

259 3621 419 3682 Dominus
431 3622 615 3698 inspiravit,
631 3624 762 3696 affectu,
775 3627 1051 3701 evangelizationi

261 3717 354 3778 verbi
370 3721 439 3791 Dei,
457 3737 521 3796 quo
547 3723 686 3798 populus
698 3723 1051 3785 Christianusnumero

260 3793 620 3893 ermeritoampliatun
630 3821 827 3882 auctoritate
840 3823 1051 3898 praesentium

261 3913 461 3986 inhibemus,
478 3931 518 3976 ne
534 3918 607 3991 quis
627 3922 701 3994 post
711 3919 837 3979 ordinis
853 3920 954 3981 vestri
970 3936 1051 3996 pro-

261 4011 439 4072 fessionem
455 4012 527 4072 sine
542 4014 663 4089 prioris
679 4013 729 4074 sui
743 4015 891 4077 discedat
904 4017 1050 4088 licentia,

261 4109 294 4170 et
309 4107 531 4170 discedentem
544 4110 667 4186 absque
683 4113 905 4174 communium
919 4115 1051 4176 littera-

260 4221 335 4266 rum
349 4207 537 4268 vestrarum
553 4209 707 4269 cautione
721 4211 831 4270 nullus
847 4210 967 4272 audeat
977 4213 1053 4274 reti·

1106 1964 1329 2040 aunoquint0.

1391 2105 1616 2192 CGLXVIII

1225 2241 1276 2298 Ad
1296 2239 1534 2312 patriarchum
1557 2241 1780 2300 Gradenscm.

1398 2353 1430 2410 13
1443 2350 1512 2408 iebr.
1531 2352 1609 2409 liri.

1120 2455 1342 2518 [TheioenVetera
1354 2457 1464 2508 donum.
1480 2457 1623 2519 Slavorom,
1637 2462 1655 2506 l.
1670 2458 1689 2516 l,
1703 2471 1729 2522 p.
1740 2457 1779 2511 71,
1792 2471 1814 2506 n.
1826 2457 1871 2521 sl]

1107 2565 1142 2620 Ul
1153 2563 1326 2620 Tristeosem
1343 2561 1566 2635 (Tergestionm)
1577 2565 1756 2636 episcopum,
1766 2563 1811 2636 qui
1824 2579 1887 2620 ouu-

1142 2653 1196 2707 tios
1210 2652 1288 2724 regis
1303 2653 1459 2723 hungarie
1478 2651 1514 2708 ad
1530 2650 1632 2710 sedem
1646 2653 1835 2725 Apostolican
1846 2651 1887 2708 ad·
1966 2721 1967 2734 χ

1141 2747 1242 2796 auritas
1254 2739 1437 2812 spoliaverat,
1449 2737 1485 2796 ad
1495 2741 1604 2798 curiam
1618 2742 1777 2800 llomauam
1787 2742 1888 2798 venien·

1142 2827 1209 2884 dum
1224 2828 1300 2885 citet.

1147 2945 1504 3020 Honoriusepiscopus,
1520 2961 1636 3006 servus
1646 2945 1886 3014 servorumbei,

1106 3040 1289 3100 venerabili
1312 3041 1407 3102 iratri
1427 3041 1627 3116 patriarchae
1648 3041 1821 3114 Gradensi,
1842 3057 1889 3102 sa-

1107 3138 1207 3198 lutern
1223 3140 1255 3200 et
1270 3139 1484 3214 apostolicam
1497 3137 1771 3200 benedictionem.

1146 3235 1337 3297 contristati
1351 3252 1463 3295 sumus
1479 3235 1520 3296 de
1532 3237 1584 3296 his
1599 3252 1671 3312 quae
1686 3237 1721 3296 in
1736 3253 1797 3298 nos
1809 3236 1886 3298 dici-

1106 3334 1209 3393 tur...
1222 3334 1400 3394 Tristensis
1415 3334 1589 3409 episcopus
1602 3336 1794 3406 attentasse,
1807 3335 1889 3394 vide-

1107 3431 1184 3490 licet
1198 3430 1284 3506 quod
1300 3431 1334 3490 in
1348 3429 1445 3490 rebus
1462 3431 1584 3492 nostris
1599 3431 1709 3505 praedo
1722 3447 1798 3494 esse
1810 3431 1888 3492 didi-

1107 3527 1200 3596 cerit,
1211 3527 1383 3587 tractando
1399 3528 1475 3588 illos
1490 3528 1628 3603 insuper
1640 3527 1826 3600 inhoneste,
1842 3525 1890 3602 qui

1107 3623 1147 3684 ad
1159 3628 1304 3706 nostram
1316 3624 1503 3698 dirigantur
1517 3625 1741 3700 praesentiam,
1759 3640 1824 3684 nou
1838 3624 1890 3684 ch-

1107 3723 1214 3781 stante
1237 3721 1322 3795 quod
1350 3737 1386 3782 se
1405 3737 1445 3782 ac
1471 3737 1531 3782 sua
1555 3723 1678 3782 nostrae
1705 3721 1888 3797 protectioni

1107 3817 1299 3894 soinciunt
1317 3820 1349 3880 et
1363 3819 1587 3894 Apostolicum
1604 3818 1785 3895 implorant
1798 3818 1888 3879 auxi-

1108 3915 1188 3975 lium
1215 3917 1423 3991 appellando.
1441 3918 1490 3977 lta
1515 3917 1603 3976 enim
1625 3917 1737 3978 dilecti
1763 3917 1821 3976 lilii
1824 3957 1887 3975 ......

1107 4012 1208 4072 abhas
1224 4013 1264 4072 de
1278 4013 1372 4072 Peles
1384 4015 1451 4073 et...
1467 4012 1722 4074 archidiaconus
1735 4013 1887 4081 Albensis,

1107 4110 1216 4170 nuntii
1231 4110 1396 4170 carissimi
1412 4110 1446 4169 in
1463 4110 1593 4170 Christo
1609 4111 1670 4170 illii
1686 4113 1792 4172 nostri
1806 4113 1890 4170 llan-

1107 4207 1210 4282 pariae
1223 4207 1311 4281 regis
1327 4206 1478 4276 illustris,
1491 4222 1568 4268 ac...
1585 4207 1765 4268 Nitrieusis
1785 4205 1888 4268 arohi-

259 4317 350 4364 nere.
380 4304 472 4363 Nulli
506 4319 604 4379 ergo,
631 4307 693 4366 etc.
731 4309 848 4366 Datum
884 4310 1049 4381 Laterani,

262 4401 304 4461 IV
319 4399 393 4460 idus
417 4400 589 4473 februarii,
607 4402 816 4477 pontificatus
839 4407 942 4466 nostri
965 4421 1051 4467 anno

261 4497 388 4573 quinto.

1107 4305 1277 4374 diaconus,
1301 4303 1540 4378 strigoniensis
1559 4303 1802 4382 archiepiscopi
1823 4320 1890 4380 pro-

1107 4405 1251 4468 curator,
1273 4415 1458 4478 exposuere
1482 4401 1630 4476 graviter
1656 4402 1887 4478 conquerendo,

1108 4499 1191 4574 quod
1219 4513 1292 4558 cum
1320 4499 1509 4560 Clernonam
1543 4502 1617 4574 post
1643 4499 1747 4559 multa
1772 4500 1888 4559 viarum

1107 4595 1299 4654 discrimina
1329 4595 1567 4670 pervenissent,
1594 4593 1701 4656 dictus
1726 4595 1888 4672 episcopus

467 4751 473 4762 ,
848 4719 855 4730 ·
1107 4689 1152 4751 ibi
1168 4705 1224 4750 eos
1240 4689 1318 4750 fecit
1333 4691 1454 4750 invitos
1475 4705 1494 4750 a
1518 4690 1695 4751 medietate
1715 4691 1813 4750 unius
1830 4689 1887 4749 diei

353 4749 404 4808 M
419 4762 613 4822 ‘'⁴⁰²⁸me
626 4751 951 4812 Clarm'w'nfflwem·
1109 4803 1211 4862 usque
1232 4787 1272 4845 ad
1293 4786 1501 4846 medietatem
1526 4787 1664 4846 alterius
1680 4787 1830 4856 detineri,
1849 4789 1889 4846 at·

556 4872 586 4927 Η
600 4869 670 4928 sebr-
688 4871 766 4928 ¹2²¹·
1108 4901 1170 4960 que
1190 4899 1265 4942 cum
1278 4883 1485 4958 postmodum
1500 4883 1694 4959 suppliciter
1709 4885 1888 4960 postulave-

295 4976 412 5040 [aegest.
425 4975 509 5036 nov,
520 4976 594 5042 epist.
605 4975 659 5026 ³⁹4·
674 4977 730 5026 MSS·
745 4978 781 5038 ln
793 4978 868 5028 rorte
881 4977 916 5028 <¹1¹
928 4979 1020 5042 ruet]
1107 4983 1194 5050 runt,
1213 4981 1248 5042 ut
1263 4979 1385 5040 liberos
1405 4980 1494 5056 ipsos
1511 4980 1717 5056 permitteret
1737 4998 1795 5058 pro
1809 4995 1890 5042 reve·

261 5083 376 5140 recitet
391 5089 562 5154 potestatem
578 5082 824 5156 archipresbytero
837 5083 964 5156 dellupe
977 5086 1052 5142 roni
1107 5079 1214 5138 rentia
1236 5077 1393 5137 Ecclesiae
1414 5080 1583 5145 Romanae,
1603 5077 1643 5138 ad
1665 5093 1764 5154 quam
1785 5081 1886 5139 trans-

295 5171 488 5246 parochialem
504 5172 656 5229 ecelesiam
669 5171 841 5240 conserendi,
858 5187 943 5244 quam
961 5173 1053 5231 dietus
1107 5174 1334 5245 mittebantur,
1370 5175 1540 5245 recedere,
1571 5189 1632 5235 nec
1667 5175 1700 5234 id
1735 5173 1888 5252 potuerint

296 5259 523 5333 archipresbyter
542 5274 597 5318 ulltl
624 5273 689 5317 culli
714 5258 988 5332 drchtpresbyiertltll
1000 5275 1052 5318 8110
1108 5271 1266 5341 obtinere,
1284 5287 1319 5330 se
1337 5287 1376 5332 30
1391 5286 1450 5330 sua
1464 5273 1586 5332 ssOStl'ae
1602 5287 1804 5348 supposuere
1819 5287 1888 5348 ppo-

296 5349 417 5406 Γθῑῑῦθῐθ
433 5356 538 5421 imm·
1107 5369 1254 5437 tectioni,
1271 5372 1304 5431 et
1318 5369 1358 5428 ad
1374 5367 1538 5429 cautelam
1559 5353 1696 5445 iusuper
1716 5371 1758 5430 ad
1781 5369 1886 5430 Sedenr

299 5465 477 5535 Honorius,
494 5467 569 5538 etc,
587 5465 770 5527 venerabili
787 5465 881 5526 tratri
897 5466 1052 5543 episcopo
1106 5466 1329 5542 apostolicam
1358 5466 1576 5542 appellarunt.
1606 5468 1777 5542 Quumque
1810 5465 1886 5526 idem

261 5559 534 5622 Glaromontensi.
1108 5565 1281 5639 episcopus
1297 5563 1330 5622 in
1352 5563 1462 5624 lurore
1486 5567 1685 5639 proponeret
1699 5564 1761 5625 hoc
1776 5563 1821 5624 eis
1835 5577 1887 5622 va-

299 5660 420 5728 Quum,
436 5657 521 5718 sicut
538 5657 737 5736 accepimus
753 5658 893 5720 dilectus
911 5657 1000 5720 illius
1018 5663 1050 5721 S.
1106 5661 1176 5721 lere
1187 5660 1419 5738 appellationis
1430 5659 1605 5736 objectum,
1620 5661 1706 5736 quod
1720 5661 1760 5722 de
1771 5657 1885 5738 puriori

553 4614 756 4702 dclxvii
