3952 6350
263 345 320 404 ⁷11
881 345 1057 406 uonouu
1079 347 1124 405 111
1146 347 1293 406 ornan.
1837 347 1885 406 ue
1969 309 1970 362 ³

263 505 359 580 pactu
396 505 547 568 inficiant
579 522 772 580 venen0s03
803 505 1062 566 universitatem,
1108 504 1225 564 Vidua
1248 503 1417 574 februarii,
1448 503 1661 580 pontificatus
1686 502 1788 564 nostri
1811 519 1884 564 anno
1969 569 1970 584 χ

261 603 406 664 vestram
432 619 603 664 monemus
628 605 660 666 et
685 604 858 665 hortamur
881 602 1051 672 attentius,
1108 601 1235 677 quinto.
1969 605 1970 610 ’

262 713 321 774 per
342 700 529 776 Apostolica
555 700 649 761 vobis
677 700 800 776 scripta
829 699 1053 776 praecipiendo
1411 715 1600 804 CCLXIH

262 797 469 868 mandantes,
481 797 654 875 quatenus,
667 797 734 857 nisi
744 797 828 859 tales
841 797 883 858 ad
898 797 1054 858 monitio-

260 909 335 954 nem
351 895 494 956 vestram
510 910 546 956 se
558 895 767 957 correxerint
781 896 814 956 et
827 894 867 955 ad
888 911 984 955 suum
996 910 1054 956 or-

260 991 370 1052 mnem
398 993 431 1054 et
452 993 542 1054 viam
570 991 731 1055 redierint
767 992 930 1062 veritatis,
962 992 1053 1068 ipsos
1405 977 1508 1036 liebr·
1527 980 1606 1038 ¹²²¹·

259 1090 611 1151 excommunicationis
636 1090 770 1151 vinculo
797 1090 928 1166 publice
949 1091 1052 1151 inno·
1290 1092 1723 1158 [simultatemele.neca]

258 1186 354 1258 detis,
364 1187 425 1247 sub
435 1187 708 1249 interminatione
718 1188 940 1248 anathematis
950 1188 1053 1248 omui·
1108 1198 1294 1259 commendat
1322 1201 1503 1272 prelatorum
1533 1202 1759 1273 populorumque
1785 1202 1885 1260 munii·

257 1283 318 1344 hus
343 1284 566 1360 prohibentes,
584 1301 625 1346 ne
645 1285 750 1346 dictos
773 1287 941 1362 apostatas
966 1286 1054 1346 reci·
1142 1291 1245 1346 centia
1264 1288 1392 1346 ordinem
1414 1289 1621 1346 theutonicum
1638 1289 1789 1362 propositis
1807 1290 1887 1348 indul·
1969 1291 1970 1342 t

257 1396 335 1457 pere
349 1381 402 1442 vel
412 1383 558 1443 retinere
568 1384 719 1460 receptos
731 1383 787 1444 aut
798 1383 833 1442 in
847 1397 908 1442 sua
924 1383 1052 1444 malitia
1143 1379 1258 1451 gentis·
1278 1377 1393 1436 Cisslissifl
1414 1377 1556 1446 wssoedits
1574 1385 1605 1434 lli
1625 1379 1742 1436 retentis
1758 1377 1890 1436 beneficiis
1969 1379 1970 1428 t

256 1477 433 1540 contovere
456 1479 519 1551 rei,
544 1480 630 1556 quod
656 1480 752 1552 absit,
777 1481 827 1540 eis
851 1479 887 1540 in
914 1495 1052 1540 suarum
1144 1481 1193 1538 per
1212 1481 1319 1523 flssssllffl
1333 1467 1376 1524 vel
1392 1466 1539 1524 biennium
1552 1468 1578 1523 ⁰¹
1594 1467 1730 1524 Stillant-
1969 1464 1970 1472 ¹

258 1576 444 1636 animarum
460 1577 644 1652 periculum
659 1577 904 1638 communicare
924 1593 1053 1654 praesu·
1147 1585 1505 1660 Honoriusepiscopus,
1517 1585 1887 1656 servasservorumbei,
1969 1585 1970 1590 ’

257 1675 359 1734 mant.
392 1675 511 1736 Datum
535 1675 703 1746 Laterani,
725 1676 753 1735 V
774 1675 847 1735 idus
871 1674 1049 1747 februarii,
1106 1679 1353 1742 venerabilibus
1386 1679 1544 1741 iratribus
1580 1680 1835 1758 archiepiscopis
1860 1683 1888 1742 el
1969 1679 1970 1762 ξ

260 1770 470 1846 pontificatus
485 1771 592 1833 nostri
604 1787 691 1833 anno
708 1772 833 1849 quinto,
1107 1777 1270 1854 episcopis
1285 1778 1318 1839 et
1333 1777 1461 1838 dilectis
1477 1777 1557 1838 liliis
1576 1776 1763 1848 abbatibus,
1780 1777 1886 1854 priori·
1969 1763 1970 1778 ³

1106 1875 1178 1945 hus,
1196 1874 1453 1947 archidiaconis,
1480 1874 1616 1936 decanis
1639 1877 1673 1936 et
1691 1875 1767 1936 aliis
1786 1876 1886 1936 eccle·
1969 1865 1970 1912 ³

570 1959 738 2046 GCLXH
1107 1973 1234 2032 siarum
1249 1973 1407 2048 praelatiS,
1420 1972 1461 2032 ad
1473 1988 1554 2048 quos
1568 1973 1687 2034 litterae
1703 1971 1776 2034 istae
1788 1987 1891 2048 perro
1969 2033 1970 2050 q

545 2105 597 2163 Ad
611 2105 756 2163 eosdem·
1107 2070 1226 2141 norint,
1241 2070 1392 2140 salutem,
1407 2070 1469 2130 etc.

1073 2233 1074 2236 Ἴ
1147 2169 1250 2238 Quem
1272 2165 1425 2228 amabilis
1441 2168 1507 2227 Deo
1522 2167 1555 2228 et
1570 2181 1668 2244 quam
1689 2163 1888 2228 venerandus
1969 2171 1970 2242 ζ

553 2221 654 2281 Mem·
672 2223 750 2282 ¹²²¹·
946 2337 952 2354 ⁸
1106 2263 1296 2326 hominihus
1311 2263 1404 2325 locus
1415 2265 1547 2334 existat,
1560 2281 1658 2340 quam
1674 2263 1774 2326 etiam
1782 2267 1890 2339 jucun·

444 2338 649 2399 [simultatm
662 2339 871 2403 1'·³¹⁸'¹¹·³⁶¹·]
1106 2361 1183 2421 dum
1212 2364 1245 2423 et
1270 2361 1351 2423 utile
1378 2362 1625 2436 receptaculum
1654 2361 1837 2438 peregrinis
1859 2361 1888 2422 et

310 2444 392 2503 lubet
406 2445 515 2503 ordinis
529 2445 697 2502 Theutouioi
711 2447 864 2503 violatores
875 2459 997 2503 censura
1106 2457 1731 2535 pauperibugppaebeat10n0a00njum
1745 2457 1891 2534 Hospite.
1969 2449 1970 2540 p

473 2534 666 2592 ⁰⁰⁰¹⁰⁸¹³⁵¹i⁰³
682 2535 836 2607 ⁰⁰¹¹¹P⁹⁸⁰⁵·
1106 2557 1147 2616 lis
1164 2558 1293 2617 Sanctae
1315 2557 1431 2617 Mariae
1446 2555 1725 2618 Theutonicorum
1739 2555 1890 2616 Hieroso·

297 2641 465 2704 Honorius
476 2642 660 2720 OPiSCOPU8‚
674 2658 788 2703 servus
798 2658 968 2704 seriptum
978 2642 1048 2714 Dei,
1105 2653 1269 2730 lymitani‚
1282 2653 1317 2712 hi
1329 2654 1384 2728 qui
1400 2668 1459 2729 per
1472 2654 1607 2714 diuersa
1621 2653 1724 2714 maris
1740 2652 1889 2729 pericula,

258 2739 504 2802 venerabilibus
538 2739 695 2800 fratribus
728 2741 989 2817 archiepiscopis
1019 2743 1052 2802 et
1106 2751 1168 2827 piae
1189 2750 1373 2812 devotionis
1399 2751 1533 2818 intuitu,
1558 2751 1707 2811 sanctam
1734 2750 1892 2811 civitatem

258 2838 421 2915 episcopis
434 2840 466 2900 ei
481 2838 610 2900 dilectis
626 2837 703 2898 filiis
724 2837 909 2909 abbatibUS,
928 2839 1051 2915 priori·
1106 2847 1314 2909 Hierusalem
1330 2851 1363 2908 et
1377 2847 1590 2924 sepulchrum
1606 2848 1737 2908 Domini
1752 2847 1889 2916 visitant,
1969 2859 1970 2880 ¹

256 2935 327 3006 bus,
341 2935 598 3007 archidiaconiS,
613 2935 748 2996 decanis
764 2937 797 2997 et
807 2936 883 2996 aliis
894 2936 1052 2998 ecclesia·
1105 2945 1239 3007 assidue
1253 2946 1505 3020 recognoscunt.
1527 2945 1576 3006 Ibi
1601 2946 1690 3006 enim
1713 2945 1891 3021 indigentes

257 3031 500 3110 rumpraelans,
515 3033 651 3109 aequos
667 3033 786 3096 litterae
803 3033 874 3094 istae
889 3049 1052 3110 nervene—
1106 3042 1533 3120 etpauperesmunumm,
1549 3043 1690 3103 inarmis
1706 3040 1890 3103 mulnmola

258 3129 1048 3207 rint.salutemetaroslolicambenedictionem·
1106 3140 1259 3201 sanitatis
1287 3138 1447 3216 obsequia
1475 3139 1688 3210 adurimur,
1704 3141 1737 3201 et
1761 3137 1892 3200 navemn
1969 3189 1970 3220 ,

297 3227 366 3290 Etsi
391 3228 590 3304 ApostOlicae
622 3228 790 3320 servitutis
817 3229 963 3289 Officium
991 3245 1051 3289 nos
1106 3236 1274 3298 laboribus
1292 3240 1325 3299 et
1339 3237 1496 3312 periculis
1511 3237 1641 3312 fatigati
1653 3237 1832 3313 resumptis
1844 3235 1892 3295 ri·
1969 3259 1970 3304 t

260 3325 439 3387 constituat
451 3323 603 3386 omnibus
616 3325 791 3401 injustitia
806 3325 982 3398 debitorem
997 3327 1051 3386 vi·
1105 3335 1198 3396 ribus
1221 3338 1426 3406 recreantur,
1444 3337 1555 3410 atque,
1577 3337 1613 3394 ut
1637 3333 1702 3410 'ipsi
1724 3333 1767 3394 ad
1785 3348 1891 3394 sacre·

259 3423 307 3483 ris
322 3423 432 3484 tamen
448 3422 613 3498 religiOSiS
625 3425 657 3484 ei
671 3422 719 3484 018
734 3422 889 3496 maxime,
900 3438 981 3499 (illos
992 3439 1052 3499 pel
1106 3433 1221 3492 sancta
1236 3433 1309 3493 loca
1321 3432 1450 3492 bomini
1467 3431 1572 3492 nostri
1587 3429 1667 3494 'Jesu
1682 3430 1808 3492 Christi
1823 3445 1892 3490 cor·
1969 3433 1970 3520 l

260 3519 565 3596 sedisapostolicae
583 3519 757 3596 privilegia
773 3520 892 3596 majori
910 3520 1052 3581 donavi·
1107 3529 1213 3605 porali
1230 3529 1405 3605 praesentia
1424 3528 1575 3590 dedicata
1600 3527 1752 3590 securius
1769 3528 1893 3589 valeant
1969 3521 1970 3598 ἶ

260 3633 334 3678 mus
360 3616 522 3688 libertate,
539 3616 731 3692 specialiter
749 3617 865 3679 adesse
887 3617 1049 3691 tenemur,
1107 3625 1283 3703 proticisci,
1300 3626 1494 3698 servientes
1512 3641 1593 3703 quos
1611 3625 1730 3686 iratres
1753 3624 1892 3702 ejusdem

260 3731 302 3776 ne
316 3715 428 3786 iidem,
446 3714 531 3790 quon
546 3713 642 3786 ausit,
665 3713 885 3790 malignorum
903 3715 1051 3776 incursi·
1107 3725 1223 3785 comus
1239 3723 1280 3785 au
1294 3721 1511 3784 hocofflcium
1526 3723 1718 3800 specialiter
1730 3723 1891 3799 depictos

258 3813 321 3874 bus
336 3811 555 3888 exponantur,
573 3812 601 3872 si
612 3827 678 3873 non
692 3811 802 3882 luerit,
813 3812 869 3889 qui
880 3828 938 3888 pro
952 3814 1000 3873 eis
1017 3829 1052 3874 se
1107 3821 1251 3898 propriis
1269 3819 1453 3896 sumptibus
1471 3820 1627 3891 retinent,
1644 3834 1719 3881 oum
1739 3820 1891 3898 opportu-
1969 3857 1970 3894 q

259 3926 390 3972 murum
403 3909 604 3972 defensionis
620 3911 773 3986 opponat.
793 3911 872 3970 cum
883 3909 986 3986 icitur
1000 3910 1054 3971 di·
1107 3919 1195 3980 nitas
1212 3917 1335 3993 exigat,
1351 3917 1469 3980 devote
1486 3933 1526 3978 ac
1540 3916 1720 3992 diligenter
1740 3917 1889 3978 efficiunt.
1969 3897 1970 3912 ¹

260 4009 338 4070 lecti
367 4008 429 4068 lilii
463 4007 622 4084 magister
651 4008 684 4069 et
720 4007 839 4069 iratres
870 4009 1052 4085 Hospitalis
1107 4016 1191 4088 Quia
1221 4030 1301 4092 ergo
1327 4015 1452 4078 eisdem
1481 4013 1639 4076 fratribus
1665 4013 1707 4074 ad
1733 4015 1891 4076 tantorum

262 4107 391 4168 Sanctae
417 4105 533 4166 Mariae
554 4104 834 4166 Theutonicorum
853 4105 1054 4184 Hierosoly·
1107 4114 1296 4189 sumptuum
1315 4112 1571 4173 immensitatem
1593 4109 1892 4187 propriaenonsul-
1969 4175 1970 4182 χ

261 4203 378 4265 mitani
392 4219 435 4264 ex
455 4218 494 4264 eo
514 4200 608 4262 nobis
623 4202 772 4278 graviter
788 4203 1050 4280 sint'oonquesti,
1107 4211 1223 4272 ficiunt
1241 4209 1425 4281 facultates,
1443 4209 1616 4271 caritatem
1636 4209 1781 4270 vestram
1802 4207 1891 4269 aun.

261 4301 359 4380 quod,
383 4316 456 4362 cum
473 4300 537 4376 ipsi
555 4315 575 4360 a
596 4299 867 4362 ffl310s³0i0ribus
883 4301 952 4361 suis
970 4317 1051 4377 pas·
1108 4324 1180 4368 mus
1200 4307 1381 4382 rogandam
1399 4307 1431 4367 et
1446 4305 1655 4378 hortandam,
1676 4305 1837 4382 quatenus
1857 4303 1891 4364 de
1969 4303 1970 4380 i

261 4399 323 4460 Sim
339 4397 480 4474 iniurias
495 4395 683 4457 susiissssflssi
699 4398 733 4457 θῖ
753 4397 900 4472 latinas,
920 4397 979 4458 Vix
994 4397 1052 4457 in·
1107 4405 1217 4466 vestra
1233 4404 1435 4465 abundantia
1451 4417 1566 4464 eorum
1583 4403 1729 4480 inopiam
1745 4402 1892 4480 supplea-
1969 4395 1970 4464 l

261 4496 403 4566 venitur,
419 4492 475 4571 qui
497 4509 642 4570 congrue
666 4493 733 4554 illis
753 4496 957 4570 protectione
975 4495 1055 4554 sub·
1107 4503 1161 4574 tis,
1179 4503 1211 4562 et
1230 4501 1386 4578 populum
1406 4499 1501 4561 vobis
1520 4499 1732 4563 commissum
1754 4500 1890 4577 ipsorum
1969 4493 1970 4582 i

197 4605 199 4611 ·
261 4591 384 4664 veniat,
408 4589 617 4652 universitati
641 4592 759 4652 vestrae
786 4607 845 4668 per
865 4591 1052 4669 apostolica
1108 4599 1349 4660 fraternitatem
1360 4611 1541 4669 assumere,
1555 4595 1638 4660 etad
1650 4598 1890 4674 peregrinorum
1969 4621 1970 4682 ]

263 4689 385 4765 scripta
403 4687 646 4750 mandamuset
662 4688 909 4753 inobedientiae
932 4690 1054 4751 virtute
1109 4697 1381 4758 sustentationem
1406 4694 1561 4756 collectas
1584 4693 1707 4767 iacere,
1725 4694 1763 4755 in
1785 4707 1891 4771 pecca·
1969 4699 1970 4772 ἶ

262 4786 411 4848 districte
436 4787 662 4862 praecipimus,
692 4788 854 4862 quatenus
883 4787 974 4859 ilios,
998 4787 1053 4864 qui
1108 4796 1216 4855 torum
1247 4809 1382 4854 suorum
1411 4791 1653 4864 remissionem,
1674 4790 1889 4869 frequentibus
1969 4825 1970 4868 3

263 4883 383 4946 fraires
396 4881 571 4958 Pl'aedissiOS
583 4886 616 4944 θῐ
630 4899 745 4944 eorum
759 4883 908 4944 immines
924 4884 958 4945 in
978 4899 1055 4961 per·
1109 4889 1396 4954 exhortationibus
1406 4891 1580 4962 moneatis,
1591 4889 1889 4965 hocscientesquo
1969 4871 1970 4944 i

263 4982 355 5044 sonis
365 4981 417 5041 vel
427 4979 526 5040 rebus
541 4979 750 5053 offenderint,
767 4982 819 5042 vel
836 4983 982 5057 ipsorum
995 4982 1056 5042 do-
1110 4986 1200 5046 niam
1216 4985 1338 5046 dictum
1352 4983 1523 5060 Hospitaio
1537 4984 1889 5045 Theutonicorumoum
1969 5009 1970 5024 κ

263 5095 335 5141 mos
371 5077 534 5139 violenter
565 5078 759 5145 invaserint,
796 5080 853 5140 aut
885 5079 1056 5155 rapuerint
1110 5082 1263 5144 omnihus
1284 5081 1326 5143 ad
1348 5082 1457 5159 ipsum
1474 5079 1717 5158 pertinentibus
1736 5081 1798 5142 sub
1813 5075 1888 5141 beati
1969 5115 1970 5118 κ

263 5178 351 5238 bona
366 5191 437 5246 sua,
456 5175 581 5236 tamdiu
601 5175 903 5236 excommunicatos
925 5177 1055 5251 publice
1111 5181 1200 5242 Petri
1224 5179 1327 5241 tutela
1348 5179 1564 5255 suscepimus,
1587 5177 1620 5239 et
1641 5177 1837 5254 quicumque
1855 5173 1889 5234 de
1969 5181 1970 5244 ἲ

264 5273 436 5344 nuntietis,
449 5271 574 5342 etioca,
587 5269 751 5347 inquibus
766 5272 954 5334 eorumdem
970 5272 1055 5334 bona
1111 5277 1321 5338 facultatibus
1337 5275 1400 5337 sibi
1415 5279 1514 5337 abeo
1529 5273 1658 5337 collatis
1672 5272 1889 5336 iratribuseis·

265 5371 397 5432 detenta
434 5367 567 5439 fuerint,
605 5367 797 5444 supponatis
830 5368 1055 5432 ecclesiastico
1111 5375 1184 5437 dem
1199 5373 1399 5446 subvenerit,
1414 5374 1447 5434 et
1463 5374 1500 5433 iu
1521 5374 1589 5434 mm
1610 5374 1726 5434 sancta
1742 5370 1888 5433 fraterni·

1401 861 1453 920 Ad
1467 861 1613 921 eosdem.

265 5463 452 5534 interdicto,
475 5464 579 5524 donec
605 5463 835 5526 malefactores
862 5465 925 5541 ipsi
945 5467 1056 5530 ablata
1110 5472 1176 5532 tate
1201 5470 1354 5530 statuerit
1377 5485 1412 5530 se
1434 5469 1608 5544 collegam,
1623 5467 1721 5544 eique
1742 5463 1888 5528 beneficia
1969 5491 1970 5564 ᾗ

265 5564 423 5626 universa
436 5561 616 5622 restituant
630 5564 664 5622 et
676 5560 716 5621 de
731 5561 833 5624 illatis
848 5562 981 5639 inJuriis
996 5581 1054 5626 sa·
1111 5566 1306 5644 persolverit
1327 5567 1510 5637 annuatim,
1528 5565 1710 5628 secuudum
1733 5564 1889 5642 quantita·
1969 5567 1970 5626 3

266 5657 434 5726 tisiaciant
470 5658 702 5732 competenter.
739 5660 856 5722 Datum
884 5663 1053 5736 Laterani,
1110 5667 1174 5726 tem
1196 5663 1334 5725 subsidii
1357 5667 1390 5724 et
1408 5662 1592 5724 devotionis
1607 5661 1760 5724 effectum
1777 5674 1885 5739 pecca·
