3952 6294
69 342 111 400 5¹³
648 331 877 393 EPISTOLAE.
901 330 979 390 LIB.
1004 331 1042 389 V.

373 499 477 590 XXX

126 633 168 693 Ad
183 630 472 703 archiepiscopum
490 629 743 690 uceticensem.

294 743 330 802 tt
344 742 458 818 augusti
479 742 558 801 fito.

99 844 208 910 inanes,
224 842 389 892 llonnmenta
408 839 511 892 ldibern.
527 846 552 891 et
565 841 674 898 scotor„
687 854 713 904 p.
728 838 777 904 l7.]

67 941 155 1002 uenus
172 947 200 999 nt
216 939 434 1014 postulationem
462 937 566 998 factam
594 955 645 1014 per
670 938 826 1010 capitulum

116 1031 277 1100 Ossoriense,
290 1030 316 1087 si
330 1030 469 1088 canonica
487 1027 582 1100 fuerit,
594 1027 753 1088 confirmet.

94 1140 238 1204 bonanus
272 1139 466 1217 episcopus,
501 1154 618 1200 servus
653 1152 826 1200 serrorum

67 1240 116 1311 bei,
128 1238 301 1302 venerabili
316 1237 412 1300 fratri
416 1280 479 1300 .....
504 1236 699 1299 bublinensi
713 1236 828 1297 arcbi-

67 1339 199 1415 episcopo,
215 1336 406 1399 salutemet
426 1335 642 1412 apostolicam
665 1333 825 1398 benedic·

66 1435 169 1496 lenam.

92 1535 177 1604 Quum
191 1531 302 1594 dilecti
325 1531 399 1605 filii,
420 1531 602 1609 capitulum
616 1530 824 1598 Ossoriense‚

63 1630 229 1692 cineorum
239 1627 827 1706 ecclesiaviduatapastoreetdilec·

24 1717 25 1732 ³
63 1731 109 1788 tnn
121 1727 214 1788 filium
226 1731 265 1790 Ρ.
275 1727 472 1790 canonicum
481 1743 577 1788 snum
588 1727 624 1788 in
634 1726 826 1804 episcopum

63 1826 263 1907 postulassept,
288 1826 359 1888 suis
385 1825 483 1887 nobis
499 1825 618 1888 litteris
633 1825 827 1904 supplican-

63 1929 95 1984 tes
116 1924 278 1997 instanter,
309 1925 346 1986 ut
372 1941 472 2001 quum
487 1939 546 2001 pro
561 1923 635 2002 ipso
652 1938 753 2000 super
767 1921 827 1984 de-

63 2021 124 2084 fectu
146 2022 314 2094 natalium,
345 2022 402 2100 qui
426 2020 609 2084 obsistebat
635 2019 756 2093 eidem,
785 2020 826 2082 de

64 2119 141 2181 eluto
153 2121 260 2196 genito
273 2122 309 2182 et
318 2120 436 2192 seluta,
453 2120 670 2196 dignaremur
685 2117 823 2180 miseri-

63 2217 173 2281 corditer
204 2218 423 2296 dispensare,
461 2218 574 2281 multis
606 2216 824 2280 ecclesiarum

64 2315 186 2391 prelatis,
210 2319 245 2379 et
263 2316 460 2395 quibusdam
479 2315 579 2378 etiam
601 2314 642 2378 de
666 2313 825 2377 fratribus

63 2414 153 2476 nosne
166 2414 429 2492 supplicantibus
444 2415 478 2477 et
491 2411 660 2476 laudabile
672 2413 826 2476 testimo-

63 2511 127 2572 nium
147 2511 394 2590 perhibentibus
418 2528 478 2590 pro
503 2511 630 2584 eodem,
656 2526 732 2573 cum
751 2510 824 2589 ipso

63 2607 183 2672 duximus
210 2609 471 2688 dispensandum
496 2630 505 2671 c
527 2610 574 2673 ita
596 2611 709 2674 umen
737 2608 824 2686 qnod

64 2705 103 2768 illa
120 2709 184 2770 rice
202 2709 459 2786 postulationem
475 2724 542 2771 non
555 2708 720 2786 reciperet
733 2707 774 2770 de
787 2723 823 2770 se

63 2802 161 2866 boian.
175 2808 292 2884 Nuper
305 2810 416 2869 autem
428 2805 515 2870 idem
530 2807 710 2884 capitulum
726 2805 825 2867 dilec-

63 2903 97 2962 lcs
115 2903 190 2967 filios
215 2903 424 2966 willelmum
449 2904 686 2967 cancellarium
701 2905 733 2967 et
752 2919 825 2964 ma-

63 3000 168 3074 gistr-um
194 3005 231 3064 G.
269 3003 469 3064 canonicum
494 3017 572 3064 suos
604 3000 647 3063 ad
674 3002 823 3065 nostram

64 3099 242 3172 presentiam
264 3099 480 3174 destinantes,
497 3099 593 3162 nobis
613 3100 735 3162 iterum
748 3099 823 3160 ins·

62 3195 154 3259 bntins
177 3199 420 3278 supplicarunt,
446 3200 483 3261 ut
496 3198 710 3277 postulationi
728 3197 824 3260 factae

63 3289 167 3372 teipso,
182 3297 236 3360 cui
256 3296 368 3359 adbuc
391 3297 470 3361 tous
491 3295 669 3359 desideriis
685 3296 822 3357 insiste-

62 3387 125 3463 tant,
138 3409 283 3457 annuere
298 3395 522 3472 dignaremur,
538 3411 639 3473 quum
651 3395 825 3458 crederent

63 3501 102 3561 par
119 3505 183 3553 enm
208 3493 388 3555 eeclesiam
411 3493 518 3571 ipsam
533 3491 568 3554 in
594 3491 824 3570 spiritualibus

63 3585 315 3667 ettenporalibus
336 3590 570 3668 profecturam.
587 3591 638 3654 Ne
654 3590 756 3668 igitur
769 3591 823 3652 vi-

63 3679 182 3750 deremur
200 3687 386 3767 profectum
405 3689 553 3766 ejusdem
568 3688 719 3751 ecclesiae
733 3705 824 3766 prae-

62 3781 155 3858 pedire,
178 3788 231 3849 rel
260 3787 461 3866 promotioni
484 3790 557 3864 ejus
572 3785 744 3858 obsistere,
767 3787 823 3863 qui

1614 331 1674 390 514
1716 367 1719 376 ·

879 493 913 552 et
937 488 1048 552 abbati
1062 489 1102 550 de
1115 488 1297 562 firmitate,
1322 485 1516 552 cistercien.
1534 489 1680 562 ordinis,
1760 512 1763 522 ·

880 588 1071 650 cabilonen.
1090 587 1254 649 dioecesis.

920 686 1137 748 Praesentinm
1153 685 1247 748 vobis
1256 685 1454 748 auctoritate
1468 686 1674 752 mandamus.

880 787 1043 863 qnatenus
1066 785 1168 846 testes
1191 785 1339 856 idoneos,
1365 798 1448 862 quos
1472 785 1675 846 venerabilis

880 883 984 944 frater
1006 884 1119 944 noser
1143 881 1468 960 Quinqueecclesien.
1499 883 1676 960 episcopus

881 995 981 1059 super
995 983 1093 1043 aetate
1121 996 1183 1042 sua
1206 980 1340 1043 duxerit
1358 979 1598 1057 producendos,
1616 998 1673 1045 re·-

880 1079 992 1156 cipere
1025 1094 1064 1140 ac
1099 1077 1277 1155 diligenter
1310 1079 1505 1140 examinare
1537 1081 1672 1150 curretis,

880 1176 1104 1253 depositiones
1121 1176 1268 1253 ipsorum
1283 1175 1379 1237 nobis
1394 1175 1454 1236 sub
1470 1176 1590 1253 sigillis
1604 1193 1675 1240 ves-

878 1275 942 1339 tris
961 1275 1109 1336 inclusas
1129 1273 1271 1336 fideliter
1291 1275 1531 1336 transmissuri.
1556 1277 1674 1338 Datum

880 1372 967 1449 apud
991 1371 1111 1434 Urbem
1129 1373 1293 1444 Veterem,
1313 1374 1389 1433 VIII
1412 1372 1572 1436 kalendas
1595 1391 1675 1452 sep-

881 1469 1028 1542 tembris,
1045 1485 1133 1531 anno
1148 1470 1273 1548 quinto.

1203 1631 1349 1720 XXXII

880 1765 932 1825 Ad
956 1762 1248 1826 Bcrtootcmceum
1277 1767 1471 1840 episcopum
1499 1767 1673 1842 detinue-

982 1861 986 1870 '
1153 1865 1403 1924 cccccstensem.

1105 2053 1110 2064 ,
1145 1975 1180 2034 ao
1192 1983 1307 2050 august.
1329 1977 1408 2034 litt).

979 2082 1107 2148 [flaciaci.
1119 2082 1230 2134 bonum.
1246 2083 1389 2148 llnngane,
1401 2085 1421 2143 l,
1431 2083 1471 2144 at,
1484 2099 1510 2136 n.
1521 2085 1572 2148 tn]

879 2190 1021 2264 Episcopo
1046 2190 1356 2262 Quinqneeoclesiensi,
1381 2199 1413 2249 ut
1441 2201 1554 2266 propter
1582 2195 1675 2252 aetatis

914 2285 943 2336 et
967 2279 1094 2336 scientiae
1119 2277 1272 2348 defectum,
1291 2281 1478 2353 spiritualium
1505 2297 1603 2342 curam
1625 2298 1677 2356 per

915 2367 986 2424 alios
1000 2367 1063 2440 geri
1077 2375 1166 2436 curet,
1181 2377 1210 2426 et
1226 2370 1267 2426 sic
1281 2369 1419 2442 proficiat,
1438 2378 1469 2428 ut
1485 2370 1566 2429 Sedis
1580 2374 1673 2445 ltpos·

913 2457 1144 2528 tolicaegrotiam
1168 2466 1321 2516 mereatur.
1344 2459 1550 2534 strigoniensis
1576 2459 1672 2519 archi·

913 2545 1066 2619 episcopus
1078 2561 1093 2604 a
1106 2545 1246 2605 beneficio
1253 2555 1282 2604 et
1291 2545 1387 2606 officio
1394 2548 1586 2622 suspenditur,
1599 2551 1675 2622 qnod

913 2633 1047 2692 eumdem
1055 2643 1284 2694 consecraverat.

918 2744 1084 2807 Honorius
1103 2744 1290 2822 episcopus,
1308 2747 1383 2818 eto,
1397 2746 1583 2808 venerabili
1602 2747 1675 2810 fla·

877 2839 921 2901 tri
924 2882 985 2900 .....
1014 2841 1170 2918 episeopo
1190 2841 1554 2920 Quinqueeoclesiensi,
1580 2843 1673 2906 salu-

877 2936 1087 3098 telXr’tgltloecto
1111 3033 1144 3099 te
1172 3036 1207 3098 in
1228 3036 1357 3100 duobus
1383 3037 1452 3116 pati
1475 2995 1689 3112 defectibus,
1722 3065 1723 3070 ¹

878 3132 1018 3196 seientia
1043 3133 1170 3196 scilicet
1188 3135 1222 3196 et
1236 3135 1344 3207 aetate,
1363 3135 1559 3198 mandamus
1573 3154 1675 3217 super

878 3233 975 3294 aetate
990 3231 1169 3309 diligenter
1179 3232 1305 3310 inquiri
1315 3252 1323 3294 ε
1334 3235 1367 3296 et
1381 3233 1409 3296 si
1424 3237 1457 3296 te
1473 3236 1674 3307 consulerit,

878 3329 1051 3392 electionis
1065 3332 1131 3394 tuae
1143 3331 1302 3408 tempore,
1314 3333 1423 3395 aetatie
1437 3333 1595 3410 legitimae
1607 3350 1674 3399 non

878 3426 994 3496 fuisse,
1010 3428 1168 3505 quidquid
1195 3429 1235 3490 de
1258 3431 1291 3491 te
1306 3428 1428 3494 factum
1446 3436 1507 3505 est,
1521 3433 1675 3496 volumus

877 3525 1197 3590 irritarizcaeterum
1221 3518 1296 3592 oum
1318 3529 1472 3593 inventus
1496 3531 1554 3605 sis,
1580 3530 1675 3594 suffi-

878 3622 1020 3685 cientem
1035 3638 1101 3685 non
1114 3621 1238 3686 babere
1252 3623 1427 3688 scientiam
1436 3626 1674 3700 litterarum,te

877 3720 913 3781 in
929 3718 1170 3797 spiritualibus,
1185 3735 1204 3780 a
1219 3722 1459 3798 pontificalium
1474 3727 1673 3788 executione

878 3816 1111 3894 suspendimus
1121 3833 1226 3894 usqne
1241 3819 1281 3880 ad
1296 3821 1419 3882 nostrae
1429 3819 1673 3898 beneplacitum

63 3875 150 3945 delicta
163 3887 337 3963 parentum
353 3885 526 3948 honestate
543 3885 632 3956 rita,
647 3899 686 3946 ae
697 3883 823 3946 talento
877 3913 1057 3974 voluntatis
1068 3935 1076 3972 :
1086 3916 1133 3983 up,
1142 3913 1170 3972 sp
1186 3913 1226 3974 de
1235 3913 1383 3990 legitima
1398 3917 1495 3978 aemte
1505 3917 1673 3988 docueris,

63 3977 176 4044 mendas
207 3983 357 4045 ereditur
380 3983 593 4045 laudabiliter
619 3983 821 4055 redemisse,
877 4013 911 4074 op
937 4011 1047 4073 studio
1073 4011 1296 4088 subsequente
1318 4015 1546 4090 suppleveris,
1576 4030 1673 4093 quom

63 4069 227 4187 stabilitati
242 4083 323 4154 luae,
341 4081 461 4192 (1041Ρᾶ
483 4082 614 4192 bledam
635 4079 823 4143 ⁰hfi¹¹0m¹1⁵
878 4107 1046 4185 paterisin
1057 4106 1244 4170 litteratura
1254 4107 1429 4182 defectum,
1444 4111 1504 4173 tibi
1517 4114 1671 4189 gratiam,

64 4167 194 4251 fldllffimc
205 4195 267 4257 1³01·
278 4179 466 4256 APOSXOllcfl
477 4179 601 4257 ⁸0l¹l³ta
614 4177 822 4251 mandam&
879 4207 977 4284 prout
1002 4205 1161 4284 expedire
1188 4205 1387 4277 ridebimus,
1419 4209 1591 4273 faciemus.
1622 4213 1671 4276 Aa

64 4273 466 4388 nabnnspersonaeacrei
479 4277 739 4340 circumstantiis
752 4277 823 4341 cir·
877 4303 989 4388 haeg„
1011 4303 1273 4379 strigoniensem
1299 4305 1597 4386 archiepiscopum,
1616 4311 1672 4388 qni

64 4375 236 4449 conspectis,
267 4375 525 4452 postulfllwsseffl
560 4375 666 4452 ipsam
695 4377 825 4440 0¹³ffli·
878 4401 919 4462 ad
935 4400 1219 4464 confirmationem
1235 4403 1268 4464 et
1286 4405 1569 4468 consecrationem
1581 4407 1672 4470 tuam

64 4477 122 4528 ”inl
149 4470 334 4550 dllissflsslerc
371 4473 399 4534 δί
432 4472 517 4536 ³5³⁵
551 4475 603 4536 Ost
620 4474 661 4535 ‘¹0
682 4491 824 4552 persona
878 4499 993 4559 cenna
1017 4497 1184 4573 generalis
1200 4499 1339 4560 concilii
1355 4501 1478 4563 statuta
1498 4504 1671 4582 processit,

65 4559 151 4627 idonea
164 4570 324 4632 canonice
337 4569 514 4643 celebrata,
537 4586 611 4632 eam
625 4572 824 4635 auctoritate
878 4594 1026 4672 ejusdem
1042 4594 1182 4657 concini
1199 4595 1488 4662 animadversione
1503 4601 1671 4678 punimus,

65 4663 146 4725 ΜΝ
159 4667 343 4730 confirmes·
369 4669 488 4730 Datum
507 4669 594 4746 apud
615 4668 737 4732 Ufbflm
758 4671 823 4731 ΨΘ·
877 4693 914 4754 ut
926 4689 1080 4754 videlieet
1094 4708 1160 4753 non
1175 4694 1281 4756 solum
1297 4695 1514 4759 confirmandi
1531 4701 1672 4776 primum

63 4756 147 4834 mim,
160 4766 200 4876 XI
215 4766 284 4828 kal·
304 4766 823 4845 seftlfflllbull⁰fltif¹0i1lu⁸¹¹0stri
877 4803 1103 4852 successorem
1117 4789 1211 4851 tuum
1231 4794 1344 4855 careat
1362 4795 1535 4871 potestate,
1552 4813 1668 4861 rerum

65 4864 257 4938 annoqmnto.
878 4886 1018 4950 etiama
1047 4889 1258 4964 perceptione
1288 4891 1415 4969 proprii
1442 4891 1595 4958 beneficii
1628 4898 1673 4960 sit

360 4962 486 5051 XXXI
877 4984 1672 5069 suspensusdonec,siaequumfnerit,indulgen-

67 5077 100 5137 Λα
111 5083 147 5143 Ν.
160 5085 395 5160 matisconen„
413 5087 570 5150 abbatem
581 5089 624 5169 cte
638 5087 824 5151 firmitate
877 5083 957 5146 tiam
973 5082 1141 5146 mereatur
1154 5083 1260 5162 ipsius
1277 5086 1429 5150 beneficii
1443 5087 1604 5152 fructibus
1616 5089 1672 5152 in-

74 5173 238 5246 cuterctcn·
248 5185 633 5256 macnuocooocecscc
642 5187 808 5247 diaecesis.
877 5182 974 5244 terim
987 5181 1022 5243 in
1033 5181 1179 5259 aliquam
1193 5183 1380 5262 evidentem
1393 5186 1569 5251 utilitatem
1585 5188 1671 5250 Stri-

294 5289 329 5348 25
348 5296 462 5362 augam.
477 5288 556 5348 itio.
877 5279 1047 5356 goniensis
1059 5280 1209 5342 ecclesiae
1224 5280 1265 5343 de
1275 5283 1515 5346 venerabilium
1530 5285 1669 5348 fratrum

94 5375 191 5443 Βοιαὶ»,
202 5382 248 5436 lib.
259 5384 290 5442 V,
299 5384 376 5451 epist.
388 5384 429 5436 tt.
442 5387 499 5438 llss.
513 5387 550 5438 Lo
560 5386 636 5438 Porta
646 5384 680 5438 dn
693 5386 786 5447 Thell]

67 5455 821 5557 scnitncmceracnecsrncsusseuinqueecoesen.

273 5573 399 5648 episcopi
418 5572 578 5632 admittant.

94 5663 247 5746 Honorius,
262 5673 336 5747 etc„
353 5669 483 5736 dilectis
493 5671 571 5736 tiliis
586 5674 820 5745 Matisconen.,

177 5827 286 5870 carnot.
306 5827 379 5873 ronta
399 5815 448 5872 lll.

877 5380 1104 5440 nostrorum...
1131 5377 1387 5456 vesprimiensis
1409 5383 1478 5444 et...
1496 5383 1669 5460 agriensis

878 5475 1108 5553 episcoporum
1139 5476 1341 5538 conscientie
1368 5481 1403 5542 et
1426 5480 1567 5546 consilio
1590 5498 1672 5546 oon-

878 5573 1057 5636 vertendis.
1081 5573 1223 5652 ideoque
1241 5577 1455 5650 praesentium
1478 5578 1539 5640 tibi
1554 5582 1671 5644 ancto-
1791 5637 1795 5646 .

878 5673 975 5734 ritate
997 5671 1212 5749 injungimus,
1238 5673 1398 5751 qnatenus
1419 5676 1552 5739 interim
1575 5681 1671 5757 spiri·

1479 5820 1510 5875 li
