3952 6350
904 279 1078 340 HONORII
1101 279 1145 340 111
1168 282 1314 344 OPERA.

568 461 796 549 CCXXXIII

407 594 458 652 Ad
472 596 735 656 Ambianecscm
750 600 955 672 episcopum.

579 715 614 772 27
624 716 684 787 J'an.
702 717 780 774 lttl.

302 816 422 880 [Regem.
434 818 478 868 lib.
493 821 524 877 V,
537 820 611 884 epist.
625 821 679 870 369.
698 823 754 872 tiss.
769 824 805 874 La
816 823 893 872 Porta
910 825 944 873 du
959 824 1052 888 then]

286 923 366 980 Facit
377 925 402 979 ei
414 933 583 997 potestatem
606 930 870 986 excommunicatos
887 937 1001 1002 propter
1014 931 1074 986 vio·

321 1011 428 1069 lentem
438 1028 576 1072 manuum
591 1015 619 1072 in
633 1017 768 1074 clericum
783 1017 976 1090 injectionem,
990 1019 1077 1076 modo

320 1099 508 1171 satisfaciant,
526 1103 702 1161 absolvendi.

324 1217 504 1292 Honorius,
529 1221 603 1293 etc,
633 1237 745 1282 vener.
769 1221 866 1284 fratri
881 1223 1074 1285 Ambianen.

285 1315 452 1392 episcopo.

216 1485 221 1492 .
325 1415 430 1483 Quum
452 1415 540 1476 sicut
554 1431 597 1476 ex
609 1419 704 1492 parte
726 1419 780 1480 tua
796 1418 859 1480 tuit
872 1419 994 1480 uostris
1011 1435 1075 1480 au-

286 1508 379 1569 ribus
413 1510 601 1574 intimatum
635 1516 787 1576 nonnulli
823 1517 890 1576 tuae
925 1517 1076 1577 dioecesis

286 1621 345 1682 pro
362 1607 538 1683 injectione
558 1627 714 1671 manuum
735 1613 770 1671 in
785 1613 923 1674 clericos
944 1615 976 1674 et
992 1615 1076 1675 alias

284 1705 461 1778 religiosas
486 1723 645 1782 personas
666 1709 700 1768 in
724 1727 883 1770 canonem
905 1711 980 1772 latae
1005 1727 1078 1772 sen-

284 1803 397 1862 tentiae
421 1803 614 1874 incidentes,
635 1807 703 1866 tum
720 1809 853 1883 propter
870 1808 934 1868 loci
950 1808 1078 1869 distan-

248 1929 253 1946 ›
284 1899 377 1970 tiam,
395 1902 427 1959 et
446 1899 672 1963 difficultatem
694 1903 835 1975 itineris,
859 1905 928 1966 tum
944 1907 1077 1980 prepter

284 2011 505 2071 expensarum
534 1997 708 2070 deiectum,
722 2001 836 2061 venire
851 2017 918 2062 non
940 2005 1078 2078 possunt

285 2092 327 2153 ad
350 2093 466 2154 sedem
493 2097 715 2170 apostolicam
740 2096 943 2170 absolvendi,
958 2115 997 2160 ac
1019 2114 1077 2174 per

285 2189 348 2250 hoc
376 2191 411 2249 in
440 2193 781 2255 excommunicatione
812 2196 987 2268 decedent,
1016 2211 1076 2256 nos

286 2285 475 2362 hujusmodi
488 2289 636 2363 periculo
647 2291 793 2352 remedio
804 2293 952 2354 volentes
965 2310 1077 2354 occur-

285 2397 360 2442 rere
386 2383 536 2456 salutari,
562 2387 758 2448 auctoritate
780 2389 839 2450 tihi
864 2391 1076 2466 praesentium

284 2479 1077 2562 indulgemus,utsituaedioecesissacrilegaema-

284 2591 347 2638 nus
365 2577 514 2654 injector,
532 2579 618 2640 inira
637 2581 824 2658 quindecim
843 2583 912 2643 dies
932 2585 1076 2645 maxime

284 2677 458 2751 postquam
477 2675 576 2738 suerit
592 2679 783 2754 requisitus,
800 2681 958 2757 injuriam
979 2697 1075 2758 passo

284 2772 483 2835 satisfecerit
506 2777 740 2852 competenter,
770 2777 800 2836 ei
824 2780 921 2854 juxta
936 2777 1074 2839 sormam

284 2870 439 2932 Ecclesiae
451 2872 646 2934 beneficium
661 2872 878 2936 absolutionis
891 2875 1072 2952 impendas,

283 2967 352 3028 nisi
368 2971 432 3029 tam
449 2971 562 3045 gravis
584 2971 685 3033 luerit
699 2974 731 3032 et
746 2975 892 3034 enormis
906 2989 1072 3046 excessus

271 3064 321 3126 ‘ut
336 3067 454 3128 merito
478 3067 521 3127 sit
536 3068 577 3127 ad
602 3069 718 3129 Sedem
733 3071 957 3146 Apostolicam
973 3071 1075 3133 desti-

282 3163 428 3234 nandus,
448 3164 500 3224 vel
525 3164 703 3240 injuriator
736 3167 813 3227 talis
844 3169 992 3230 estiterit
1019 3171 1074 3247 qui

282 3259 367 3320 alias
389 3260 531 3321 similem
551 3263 771 3325 commisisset
786 3281 971 3337 excessum,
988 3267 1075 3328 unde

277 3359 502 3430 juramentum
526 3359 562 3418 in
586 3359 793 3421 absolutione
814 3379 871 3422 sua
893 3365 1074 3439 praestitum

279 3453 424 3525 violarit,
457 3458 591 3532 propter
627 3457 711 3533 quod
744 3457 933 3534 hujusmodi
966 3463 1074 3536 gratia

280 3550 461 3612 reddiderit
485 3567 521 3613 se
547 3553 732 3629 indignum.
758 3557 877 3616 Datum
907 3559 1072 3632 Laterani,

203 3651 208 3662 ¹
281 3648 375 3710 sexto
391 3647 458 3710 kal.
471 3649 642 3723 februarii,
657 3665 744 3712 anno
757 3653 884 3729 quinto.

586 3828 772 3917 GCXXIX

550 3966 603 4023 Ad
621 3967 790 4026 eccmdcnc.

579 4087 613 4143 27
626 4087 686 4158 jen.
703 4087 781 4144 litt.

310 4189 431 4254 [itemst.
444 4189 489 4242 lib.
501 4191 531 4248 V,
547 4190 621 4255 epist.
633 4191 687 4240 3¹0.
703 4192 760 4242 lise.
770 4195 807 4244 La
820 4195 893 4245 Porte
903 4195 936 4244 du
949 4194 1041 4260 rhein]

281 4297 359 4354 Fecit
375 4297 402 4353 ei
423 4303 593 4369 potestatem
612 4298 786 4369 secerdotes,
804 4301 851 4372 qni
876 4303 1071 4358 excommuni-

314 4386 455 4442 cationem
488 4394 602 4458 propter
622 4386 845 4445 inobedientiam
871 4391 984 4446 statutis
1010 4391 1071 4462 qui·

1858 289 1907 346 688

1130 439 1310 500 Gallicanis
1331 441 1479 516 partibus
1505 443 1583 502 tunc
1593 441 1776 517 fungentis,
1799 459 1905 520 cappas

1130 537 1312 597 manicatas
1327 536 1467 605 deterre,
1489 553 1529 598 ac
1554 540 1700 600 retinere
1719 540 1906 600 concubinas
1966 561 1967 570 ¹

1130 632 1259 708 publice
1292 636 1583 710 praesumpserunt,
1613 651 1675 696 nec
1704 651 1768 696 uon
1792 637 1905 698 etcum

1129 730 1207 797 illis,
1229 731 1285 807 qui
1308 732 1369 792 tali
1389 734 1732 794 excommunicatione
1754 734 1842 809 ligati
1862 735 1906 794 di·

1130 827 1207 888 vina
1236 844 1300 888 uon
1325 833 1402 890 sunt
1428 831 1526 892 veriti
1550 830 1732 902 celebrare,
1756 831 1905 907 aliquibus

1129 924 1281 984 discretis
1307 926 1521 1002 dispensandi
1542 927 1711 988 licentiam
1740 929 1905 990 concedere

1130 1020 1354 1094 dignaremur.
1370 1025 1437 1084 Nos
1461 1025 1563 1099 igitur
1585 1025 1626 1086 de
1649 1024 1846 1086 discretione
1858 1029 1905 1087 tua

1130 1117 1260 1194 plenam
1293 1119 1448 1181 fiduciam
1483 1121 1684 1194 obtinentes,
1720 1122 1906 1184 fraternitati

1129 1217 1195 1277 tuae
1211 1231 1272 1292 per
1286 1217 1474 1292 Apostolica
1490 1219 1612 1294 scripta
1628 1219 1907 1296 mandemusque·
1966 1291 1967 1296 ἵ

1129 1315 1907 1393 tenussacerdotibus,etaliissupradictisjuxta
1966 1357 1967 1360 =

1131 1411 1267 1472 sormam
1294 1413 1449 1472 Ecclesiae
1483 1413 1678 1474 beneficium
1704 1413 1908 1475 absolutionis
1966 1475 1967 1498 ᾖ

1130 1508 1312 1584 impendas
1344 1510 1376 1569 et
1405 1510 1553 1586 injuncto
1585 1510 1635 1572 eis
1672 1511 1760 1586 quod
1787 1509 1908 1588 dejure
1966 1529 1967 1584 ς

1131 1604 1231 1666 suerit
1244 1605 1482 1680 injungendum
1495 1623 1568 1667 cum
1580 1607 1659 1679 illis,
1672 1607 1731 1683 qui
1741 1609 1908 1683 praemissis
1966 1639 1967 1642 ¹

1131 1703 1170 1762 de
1190 1704 1301 1763 causis
1327 1702 1461 1762 vinculo
1481 1704 1835 1764 excommunicationis
1859 1706 1909 1764 ad-
1966 1777 1967 1806 ᾖ

1130 1800 1247 1872 stricti,
1260 1799 1373 1860 divina
1396 1803 1681 1876 praesumpserunt
1708 1801 1820 1861 officia
1834 1803 1909 1861 cele-

1130 1896 1237 1968 brare,
1269 1897 1309 1958 de
1333 1897 1573 1964 misericordia,
1602 1914 1675 1975 quae
1696 1899 1908 1974 superexaltat
1966 1911 1967 1960 ;

1126 1994 1263 2069 judicio,
1272 1995 1469 2056 auctoritate
1482 1995 1594 2055 nostra
1609 1995 1793 2071 dispenses.
1806 1997 1908 2056 Datum
1966 2001 1967 2016 ¹

1129 2092 1295 2164 Laterani,
1324 2094 1417 2153 sexto
1444 2091 1605 2153 kalendas
1632 2091 1805 2164 februarii,
1834 2107 1907 2153 auno
1966 2125 1967 2142 .

1130 2189 1255 2264 quinte.

1442 2361 1608 2446 CCXXX

1169 2492 1220 2550 Ad
1230 2491 1395 2566 Ampelum
1407 2493 1618 2553 (trudensem
1627 2493 1875 2565 patrmrcuam.

1351 2675 1354 2684 *
1423 2613 1528 2686 illan.
1544 2613 1622 2670 litt.

1270 2717 1386 2782 [Ugbelli.
1399 2718 1474 2768 ltalia
1486 2731 1565 2778 sacre,
1575 2725 1594 2769 t.
1610 2721 1640 2778 V,
1655 2735 1681 2784 p.
1699 2719 1785 2787 ¹135]

1124 2793 1246 2881 'remote
1256 2825 1427 2896 patriarcba,
1435 2826 1587 2882 ecclesiam
1596 2801 1775 2884 Gradeusem
1788 2826 1838 2884 sub
1847 2825 1909 2882 beati

1190 2913 1263 2969 Petri
1278 2919 1305 2968 et
1317 2927 1368 2970 suu
1385 2913 1560 2984 protectione
1574 2913 1693 2986 suscipit
1709 2916 1860 2971 Honorius.

1168 3029 1335 3088 Honorius
1345 3030 1530 3105 episcopus,
1543 3046 1659 3092 servus
1669 3028 1905 3096 servorumllei,

1129 3125 1312 3186 reiterabili
1327 3126 1423 3189 fratri
1439 3127 1581 3188 Gradeu.
1603 3127 1816 3203 patriarchae,
1831 3127 1908 3186 salu·
1966 3123 1967 3150 l

1128 3225 1193 3283 tem
1208 3225 1241 3284 et
1255 3223 1470 3298 apostolicam
1485 3222 1764 3285 benedictionem.

1167 3322 1185 3381 J
1189 3319 1270 3380 ustis
1284 3321 1464 3395 petentium
1480 3320 1665 3392 desideriis
1681 3322 1747 3382 etc.
1764 3323 1810 3382 Ea
1822 3335 1907 3396 prop·

1129 3419 1189 3486 ter,
1204 3417 1239 3476 in
1253 3417 1383 3477 Christo
1397 3416 1509 3488 irater,
1527 3417 1593 3477 tuis
1605 3418 1706 3491 justis
1724 3417 1906 3493 postulatio·

1128 3512 1225 3572 nibus
1240 3515 1334 3587 grato
1347 3515 1583 3575 concurrentes
1594 3529 1748 3585 assensu,
1763 3515 1803 3576 ad
1816 3529 1906 3574 exeu-

1128 3610 1201 3686 plar
1222 3609 1329 3670 felicis
1355 3611 1595 3672 recordationis
1617 3611 1805 3673 innocentii
1828 3625 1905 3687 pape

1128 3707 1381 3783 praedecessoris
1395 3708 1497 3770 nostri
1516 3709 1675 3769 ecclesias
1692 3710 1726 3769 S.
1750 3708 1904 3784 sylvestri,

1129 3806 1161 3864 s.
1175 3804 1290 3866 iacobi
1306 3803 1346 3864 de
1361 3805 1488 3882 Lupino
1502 3807 1535 3866 et
1550 3807 1583 3865 S.
1600 3805 1738 3867 Martini
1755 3805 1794 3868 de
1807 3803 1904 3866 Gemi-

1127 3902 1191 3972 nis
1218 3903 1251 3962 S.
1274 3901 1434 3974 Matthaei,
1468 3905 1526 3964 SS.
1549 3903 1703 3963 cantiani
1727 3905 1761 3965 et
1780 3902 1905 3962 Garmia-

1128 3998 1229 4068 uillae,
1246 4002 1278 4058 S.
1296 3999 1411 4060 Mariae
1426 4000 1466 4059 de
1483 3999 1675 4070 cruciariis,
1694 4001 1729 4060 S.
1745 3997 1904 4060 Clementis

1127 4095 1162 4155 in
1191 4095 1345 4167 Venetia,
1376 4096 1552 4156 ecclesiam
1585 4096 1686 4156 etiam
1715 4099 1750 4158 S.
1780 4093 1904 4158 Akidani

1127 4190 1358 4268 baptismalem
1374 4193 1409 4252 iu
1425 4191 1725 4269 Constantinopoli,
1741 4209 1814 4254 cum
1830 4189 1904 4252 omui

1124 4292 1200 4364 jure
1213 4288 1431 4352 institutionis
1446 4304 1572 4360 earum,
1587 4291 1620 4350 et
1632 4288 1773 4350 decimis
1784 4290 1905 4363 burgen-

1129 4387 1216 4447 sium
1237 4386 1514 4462 parochianorum
1536 4401 1684 4458 suorum,
1704 4388 1761 4464 qui
1782 4388 1815 4448 in
1833 4401 1904 4462 prae·

314 4474 436 4532 busdam
458 4473 611 4532 cardinalis
639 4477 734 4534 Sancti
752 4477 864 4535 Martini
887 4480 1072 4549 incurrerant,
1130 4485 1215 4546 dicta
1231 4484 1372 4546 ecclesia
1389 4487 1421 4544 S.
1437 4483 1583 4546 Akidani
1600 4484 1826 4546 ecclesiastica
1841 4495 1904 4559 per
1966 4487 1967 4540 l

1128 4581 1256 4659 cipiunt
1273 4583 1491 4652 sacramenta,
1506 4583 1539 4642 et
1549 4581 1711 4658 Justitias,
1722 4597 1805 4660 quas
1818 4579 1902 4640 babes

319 4673 498 4744 Honorius,
526 4675 601 4746 etc,
632 4674 739 4736 eidem
766 4675 950 4738 venerabili
979 4676 1074 4740 fratri
1129 4680 1163 4740 in
1176 4679 1603 4755 capellismonasteriorum
1619 4681 1651 4740 S.
1661 4679 1805 4750 Nicolai,
1820 4678 1902 4739 sde-
1966 4665 1967 4736 l

316 4563 400 4620 modo
416 4565 595 4637 resipiscent,
613 4565 789 4623 absolvendi.

281 4769 476 4831 Ambianeu.
491 4772 656 4847 episcopo.

1128 4775 1212 4846 licie,
1232 4777 1265 4836 et
1287 4777 1319 4836 S.
1342 4775 1486 4850 Georgii,
1503 4776 1538 4835 et
1550 4775 1705 4836 omnibus
1724 4776 1801 4844 aliis
1815 4771 1902 4850 perti-

321 4869 371 4928 Es
382 4870 475 4944 parte
498 4870 555 4929 tua
575 4868 637 4930 luit
652 4870 746 4930 nobis
763 4871 932 4933 humiliter
946 4875 1074 4952 suppli·
1126 4873 1249 4934 nentiis
1273 4871 1475 4940 earumdem,
1494 4871 1581 4932 sicut
1597 4887 1655 4932 eas
1666 4874 1758 4949 juste
1772 4868 1901 4950 possides
1966 4897 1967 4974 p

1128 4973 1160 5030 et
1183 4970 1308 5047 quiete,
1332 4969 1408 5040 tibi,
1425 4985 1465 5029 ac
1482 4985 1542 5044 per
1557 4969 1590 5030 te
1609 4969 1752 5031 Graden.
1771 4965 1900 5031 ecclesia
1966 5015 1967 5034 ,

282 4966 403 5038 catum,
432 4967 468 5027 ut
498 4982 571 5026 cum
599 4966 794 5042 quibusdam
832 4971 1072 5043 sacerdotibus,

280 5063 426 5135 clericis,
443 5063 475 5124 et
488 5063 564 5124 aliis
572 5065 724 5140 personis
737 5066 984 5138 ecclesiasticis
1002 5085 1074 5146 quae

259 5178 341 5239 ¹pro
363 5177 403 5222 eo
432 5161 787 5223 excommunicationis
816 5167 1011 5227 sententiam
1027 5166 1076 5226 iu-

282 5259 468 5327 currerunt,
484 5260 569 5336 quod
585 5258 700 5320 contra
719 5259 948 5323 inhibitionem
963 5263 1075 5324 dilecti

283 5357 344 5417 dlii
359 5357 465 5418 nostri
481 5356 618 5418 adtuli
635 5358 747 5419 Sancti
761 5357 895 5419 Martini
906 5359 941 5419 in
952 5361 1072 5432 Monte,

282 5452 467 5531 presbyteri
493 5454 685 5526 cardinalis,
712 5454 821 5516 officio
846 5455 1020 5530 legationis
1039 5458 1074 5518 in

1127 5066 1521 5143 auctoritateApostolica
1536 5065 1781 5138 confirmamus,
1794 5067 1900 5141 elprae

1128 5165 1232 5226 sentis
1253 5163 1368 5240 scripti
1382 5163 1565 5239 patrocinio
1585 5163 1834 5224 communimus.
1848 5161 1900 5218 De·

1129 5261 1296 5324 cernimus
1312 5275 1402 5335 ergo,
1414 5264 1475 5321 etc.
1489 5263 1608 5321 Datum
1621 5259 1787 5330 Laterani,
1801 5257 1839 5318 Vl
1849 5254 1900 5316 ka-

1129 5357 1244 5419 lendas
1275 5357 1446 5429 februarii,
1471 5356 1681 5433 pontificatus
1706 5354 1808 5417 nostri
1827 5361 1897 5412 anuo

1128 5456 1254 5532 quintu.
