3946 6304
266 299 327 362 5³5

885 299 1062 360 seneen
1084 301 1128 360 ιιι
1150 281 1305 363 ornan
1845 303 1899 362 aee
1961 285 1962 288 ‘

265 475 327 523 nos
341 460 383 522 de
401 457 598 522 voluntariis
619 457 764 536 amplius
788 456 1006 530 voluntarios,
1028 457 1061 520 et
1116 457 1339 536 praecipiendo
1368 457 1581 532 mandamus,
1611 458 1777 537 quatenus
1803 459 1898 523 eidem

147 607 153 616 .
266 555 307 618 de
330 555 490 634 promptis
511 554 638 617 ettlcias
659 553 892 632 promptiores.
917 553 967 618 ad
989 553 1061 616 haec
1116 555 1315 636 marchioni,
1340 557 1509 634 tamquam
1545 555 1680 619 domino
1720 557 1836 630 semro,
1867 560 1899 621 et

1115 637 1254 724 siderio,
1269 669 1309 716 ac
1324 654 1450 715 nuntiis
1465 657 1551 732 ejus,
1577 652 1749 716 humiliter
1774 654 1806 716 et
1824 655 1895 716 dde-
1961 667 1962 726 ι

1116 751 1194 812 liter
1208 751 1429 823 intendentes,
1444 751 1485 813 de
1493 751 1634 828 justitiis
1656 751 1727 814 suis
1740 751 1810 812 sine
1824 751 1896 812 dibi·
1961 751 1962 784 ³

265 654 477 716 serenitatem
495 651 585 714 tuam
600 650 642 713 ad
661 666 701 713 ea
716 651 859 714 libenter
873 649 1057 724 hortantes,

174 751 179 764 ‘
266 767 326 829 per
340 766 412 829 quae
423 753 490 812 Deo
503 749 616 811 valeas
629 749 827 826 propensius
842 748 1059 827 complacere,

266 848 483 910 sollicitamus
510 847 638 924 regiam
667 845 916 921 celsitudinem,
944 848 1062 924 quate-

267 962 331 1006 nus
346 961 446 1023 quum
460 945 578 1006 vitium
595 943 734 1006 haeresis
755 944 886 1006 dicatur
909 944 945 1006 in
959 946 1059 1007 hcm-

263 1042 381 1104 bardia
396 1041 575 1119 plurimum
591 1041 791 1114 excrevisse,
816 1042 902 1119 quod
921 1043 1061 1119 apparet

265 1156 308 1202 ex
322 1141 446 1220 iniquis
459 1139 600 1213 statutis,
617 1155 691 1217 quae
707 1139 872 1218 pleraeque
885 1139 977 1200 illius
990 1155 1062 1216 pro·

265 1237 385 1299 vinciae
400 1237 552 1300 civitates
576 1239 690 1298 contra
713 1237 772 1297 Dei
789 1235 970 1298 Ecclesiam
991 1235 1063 1296 edi-

266 1335 397 1407 derunt,
411 1335 526 1400 contra
542 1334 716 1396 haereticos
740 1336 774 1395 et
794 1333 939 1396 fautores
953 1349 992 1396 ac
1007 1348 1063 1396 re-

267 1433 453 1512 ceptatores
478 1447 593 1496 eornm
619 1432 747 1494 statuas
772 1430 1061 1494 etservariIacias

266 1530 393 1609 aliquid
424 1530 561 1608 dignum
589 1529 683 1608 regia
712 1530 897 1608 magestate,
925 1529 1062 1606 ipsaque

267 1629 390 1690 statuta
405 1629 563 1706 quantum
579 1626 621 1689 ad
636 1627 792 1706 capitula,
804 1642 878 1706 quae
893 1625 934 1688 de
949 1626 1062 1688 radice

266 1724 442 1803 pravitatis
455 1723 621 1787 haereticee
637 1723 834 1802 prodeuntia
846 1725 924 1786 eunt
946 1725 1062 1786 contra

267 1821 454 1886 libertatern
477 1821 739 1885 ecclesiastIcam
759 1821 930 1893 attentata,
955 1837 1060 1898 geue-

268 1919 385 1982 raliter
398 1935 513 1982 casses
527 1921 561 1982 et
578 1919 753 1998 praecipias
765 1917 926 1998 abjurari,
936 1920 971 1981 ut
987 1919 1064 1981 dde-

266 2017 316 2080 les
331 2017 483 2080 videntes
498 2015 608 2080 zelum
629 2017 723 2080 tuum
744 2016 834 2079 circa
848 2015 945 2080 tidem
958 2017 991 2079 et
1004 2017 1063 2078 liei

268 2115 452 2178 Ecclesiam
461 2115 580 2178 merite
592 2113 814 2192 gratulentur,
824 2115 949 2191 pertua
961 2130 1062 2194 opera

267 2213 517 2290 cognoscentes,
527 2214 560 2275 te
573 2212 613 2274 ad
629 2211 931 2276 benorumlandem
943 2214 977 2275 et
991 2229 1064 2274 ma-

266 2309 376 2372 lorum
397 2309 578 2373 vindictam
601 2309 749 2387 gladium
769 2308 944 2372 altemino
965 2324 1064 2372 acce-

268 2407 369 2486 pisse.
386 2407 504 2470 Datum
531 2406 654 2470 Urbem
665 2408 870 2470 Veterem...
887 2405 1061 2488 (octobris)

268 2504 480 2582 pontificatus
496 2505 600 2568 nostri
612 2520 700 2567 anne
714 2504 841 2583 quinto.

601 2692 732 2782 LVIII

307 2827 523 2890 adnecteres
535 2828 569 2890 et
585 2833 728 2904 populos
750 2827 976 2891 Anconitanum
989 2828 1023 2890 et

552 2925 776 2988 Hooeonotts.

515 3047 551 3106 22
561 3046 702 3121 septemb.
715 3045 794 3106 llio.

480 3161 611 3227 [Theinea
620 3159 694 3220 ibid..
704 3161 745 3222 os,
760 3175 786 3214 ιι.
799 3159 852 3228 eo]

267 3267 353 3330 lohet
365 3267 480 3343 populls
492 3267 689 3339 anconitano,
705 3275 773 3338 etc,
785 3275 818 3326 ut
837 3265 973 3326 obediant
991 3265 1060 3326 ilde·

468 3355 532 3416 liter
545 3355 681 3416 bezolino
689 3355 859 3415 marchioni.

307 3475 474 3538 HonorIus
484 3475 795 3553 episcopusservus
808 3490 981 3538 servorum
990 3475 1061 3548 Uei,

266 3571 451 3634 rectoribus
466 3572 499 3635 et
513 3571 646 3650 populis
659 3571 876 3634 anconitanae
889 3571 924 3633 et
935 3573 1063 3632 Huma-

268 3669 357 3732 natis
388 3669 560 3733 civitatum
589 3671 622 3733 et
647 3669 903 3742 Rocanatensis,
934 3667 1062 3730 castelli

270 3767 415 3842 Ficardi,
445 3765 589 3844 Cinguli,
616 3768 650 3831 et
677 3767 850 3830 Monticuli
876 3767 1061 3830 castrorum

266 3865 426 3928 Marchiae
460 3866 688 3940 anconitanae,
731 3865 884 3944 spiritum
929 3864 1062 3928 consilii

268 3964 423 4027 sanioris.

307 4063 442 4125 Totiens
455 4059 550 4124 vobis
565 4060 697 4129 dedisse
711 4061 890 4124 recolimus
909 4061 944 4123 in
965 4075 1062 4122 man-

267 4159 365 4230 datis,
389 4162 426 4221 ut
445 4158 567 4222 dilecto
592 4159 665 4222 illio
685 4158 790 4222 nobili
808 4160 882 4222 viro
905 4157 1061 4220 aczolino

268 4257 487 4330 anconitano,
515 4258 549 4319 et
577 4257 709 4322 idstensi
741 4257 939 4330 marchioni,
976 4255 1062 4318 elcut

270 4355 396 4416 vassali
411 4355 556 4428 domino,
580 4354 752 4418 intendere
779 4355 951 4428 curaretis,
975 4353 1061 4432 quod

271 4469 339 4516 non
361 4469 538 4532 possumus
555 4469 622 4516 non
641 4453 771 4524 mirari,
801 4452 959 4532 quosdam
985 4467 1063 4514 ves-

266 4553 354 4614 trum
369 4551 696 4628 auresnostrojusto
722 4551 878 4614 mandato
902 4549 1062 4612 hactenus

268 4647 452 4720 obturasse,
468 4663 544 4711 cum
562 4647 655 4710 vobis
677 4650 817 4722 constet,
838 4647 1062 4726 apostolicam

269 4745 399 4818 Sedem,
412 4743 632 4809 consideratis
642 4746 772 4808 meritis
782 4746 882 4808 clarae
893 4744 1062 4806 memorias

265 4841 414 4905 Aczolini
426 4842 629 4904 marchionis
644 4841 806 4916 Estensis,
820 4841 1063 4904 anconitanam

265 4939 463 5012 marchiam,
475 4956 548 5018 qnae
558 4940 717 5003 Ecclesia
730 4943 888 5002 itomanae
908 4938 1064 5018 specialis

266 5039 393 5113 existit,
434 5039 640 5102 concessisse
684 5039 720 5100 in
764 5039 892 5100 rectum
930 5036 1064 5099 seudum

265 5137 453 5202 marchioni
469 5135 639 5215 praedicto,
657 5137 690 5198 et
704 5138 776 5213 ejus
792 5136 1001 5210 haeredibus3
1025 5150 1065 5198 ac

262 5236 456 5315 praedictum
471 5235 664 5297 hezelinum
684 5237 799 5296 natum
826 5236 897 5311 ejus
926 5233 967 5296 de
992 5234 1065 5312 ipsa

266 5333 485 5396 nihilominus
499 5333 687 5396 investisse.
704 5333 785 5396 Cum
808 5331 910 5408 igitur
931 5331 1064 5393 seudum

265 5432 375 5509 ipsum
388 5431 495 5500 eidem
510 5431 678 5504 bezolino,
702 5430 793 5492 elcut
812 5429 906 5492 decet
924 5432 1066 5507 aposto-

266 5532 342 5594 licae
359 5527 454 5591 Sedis
467 5529 701 5602 constantiam,
716 5527 914 5590 omnimodis
927 5543 1067 5590 cunser-

269 5644 350 5692 vure
368 5627 519 5698 velimus,
537 5627 746 5690 universitati
773 5628 894 5692 vestrae
915 5626 1065 5688 districte

1116 849 1238 910 cultate
1246 847 1353 912 eidem
1363 848 1603 926 respondeatis,
1616 863 1675 926 pro
1686 850 1777 910 certo
1787 848 1893 910 haben-

1115 945 1177 1016 tes,
1194 945 1281 1023 quod
1306 946 1334 1006 si
1355 945 1521 1024 praecepto
1543 945 1656 1006 nostro
1684 960 1894 1021 praesumpse-

1116 1041 1191 1104 ritis
1209 1042 1348 1104 ulterius
1372 1043 1542 1112 reluctari,
1572 1057 1633 1104 nos
1657 1040 1699 1103 ad
1722 1041 1893 1118 reprimen-

1116 1139 1191 1200 dam
1210 1139 1424 1202 insolentiam
1452 1141 1485 1202 et
1522 1137 1737 1201 rebellionem
1767 1141 1894 1202 vestran

1116 1239 1238 1300 nostrae
1253 1253 1371 1298 manus
1386 1237 1568 1316 potentiam
1582 1235 1809 1298 extendemus.

1156 1336 1275 1396 Datum
1286 1334 1372 1412 apud
1389 1333 1509 1396 Urbem
1525 1335 1689 1406 Veterem,
1706 1337 1738 1396 X
1749 1333 1895 1398 kalendas

1116 1431 1274 1504 octobris,
1296 1431 1507 1508 pontificatus
1532 1431 1638 1494 nostri
1672 1447 1762 1494 auno
1783 1434 1895 1510 quinte.

1471 1616 1560 1706 LIX

1117 1745 1168 1804 Act
1179 1745 1378 1806 Aczottnum
1395 1743 1648 1806 Arwcnltonom
1663 1745 1895 1805 marchionem.
1961 1725 1962 1728 ¹

1408 1856 1443 1914 ιι
1456 1863 1529 1930 sept.
1543 1855 1622 1914 rano.

1328 1960 1459 2027 [Thamar.
1473 1961 1491 2014 l.
1504 1976 1537 2022 a,
1551 1961 1592 2020 88,
1604 1977 1630 2014 n.
1643 1962 1697 2028 th]

1116 2059 1275 2120 biarchlonl
1285 2061 1465 2119 Anconitnno
1484 2069 1514 2120 et
1527 2061 1641 2119 Estenn
1655 2057 1781 2134 pontifex
1803 2060 1899 2134 signiti-

1151 2156 1208 2220 cat,
1222 2149 1364 2207 universis
1378 2147 1551 2209 llerchlanis
1572 2165 1604 2210 se
1620 2149 1787 2221 mundasse,
1800 2157 1829 2208 ut
1849 2149 1897 2222 ipsi
1961 2173 1962 2216 ι

1151 2237 1287 2297 obediant
1300 2239 1376 2298 elcut
1390 2239 1506 2298 ramuli.

1961 2291 1962 2320 l

1158 2347 1325 2410 Honorius
1333 2347 1643 2426 aplscopus,servus
1656 2347 1892 2417 servorumltoi‚
1961 2357 1962 2392 ι

1116 2443 1236 2507 dilecto
1249 2444 1317 2506 illio
1330 2444 1435 2506 nobili
1449 2445 1522 2508 viro
1531 2445 1897 2516 Aczolin0‚hnconitano

1118 2543 1292 2604 attisiensi
1315 2539 1513 2615 marchioni,
1535 2543 1725 2607 salutemet
1746 2542 1895 2622 apostoli-
1961 2569 1962 2594 2

1118 2655 1191 2702 cam
1205 2639 1481 2703 benedictionem.

1158 2737 1228 2810 ilis,
1250 2751 1325 2816 quae
1344 2740 1401 2801 tua
1423 2737 1519 2800 nobis
1540 2738 1717 2816 prudentia
1731 2738 1895 2810 intimavit,

1117 2851 1192 2898 cum
1207 2835 1380 2912 diligentia
1404 2835 1592 2908 intellectis,
1617 2836 1811 2912 scripsimus
1829 2837 1897 2897 uni-
1961 2859 1962 2908 1

1117 2933 1223 2995 versis
1239 2933 1553 3011 perhnconitenam
1579 2933 1764 2995 biarchiam
1786 2934 1897 2996 eonsi-
1961 2923 1962 2988 ἶ

1116 3031 1208 3104 tutis,
1221 3034 1257 3094 ut
1266 3031 1326 3094 tibi
1337 3031 1423 3093 sicut
1435 3029 1561 3092 vassali
1572 3029 1707 3093 domino
1721 3031 1896 3102 acvicario,

1117 3130 1150 3190 et
1164 3128 1290 3192 nuntiis
1301 3129 1367 3190 tuis
1383 3127 1555 3190 humiliter
1579 3130 1613 3191 et
1636 3128 1781 3191 fideliter
1803 3129 1900 3191 luten
1961 3181 1962 3186 ,

1117 3421 1234 3484 velunt
1258 3437 1377 3483 manus
1397 3423 1521 3483 nostrae
1544 3421 1731 3499 potentiam
1748 3421 1894 3498 experiri.
1961 3485 1962 3522 1

1074 3211 1077 3219 ’
1116 3225 1244 3298 dentes,
1261 3225 1302 3286 de
1316 3225 1468 3287 omnibus
1479 3225 1621 3302 justitiis
1633 3227 1700 3288 tuis
1714 3225 1777 3288 tibi
1795 3229 1898 3288 curent

1118 3323 1190 3385 sine
1209 3323 1403 3385 difficultate
1429 3321 1576 3401 qualibet
1602 3323 1815 3402 respondere,
1843 3323 1897 3385 nisi
1961 3321 1962 3350 ¹

1117 3521 1165 3581 ‘in
1185 3519 1287 3596 igitur
1309 3519 1350 3582 de
1371 3521 1486 3582 nostro
1508 3520 1625 3582 favore
1650 3534 1801 3591 securus,
1821 3518 1894 3597 quod
1961 3537 1962 3594 l

1115 3617 1177 3679 tibi
1188 3630 1288 3695 snper
1297 3616 1361 3680 hoc
1374 3617 1497 3679 videris
1513 3617 1682 3694 expedire,
1695 3616 1808 3681 iacias·
1822 3616 1897 3680 viri-

1117 3715 1194 3778 liter
1210 3729 1250 3776 ac
1269 3715 1459 3792 prudenter.
1475 3715 1593 3776 batum
1607 3714 1695 3791 apud
1710 3715 1831 3777 Urbem
1844 3715 1898 3776 Ve-
1961 3739 1962 3758 ι

1116 3815 1232 3885 terem,
1252 3813 1283 3874 X
1303 3811 1376 3873 hal.
1395 3811 1550 3885 octobris,
1572 3812 1784 3891 pontificatus
1807 3811 1898 3875 nostri
1961 3905 1962 3922 χ

1116 3925 1204 3972 anno
1220 3909 1346 3987 quinto.

1479 4013 1546 4102 LX

1117 4143 1169 4204 ια
1193 4141 1420 4202 mamaeae
1445 4139 1479 4201 et
1500 4142 1586 4202 oros
1606 4140 1896 4216 prioreparte

1336 4235 1339 4241 “
1420 4239 1609 4299 lituorum.

1366 4351 1401 4410 20
1415 4350 1555 4425 septemb.
1574 4351 1652 4409 llio.

1181 4456 1329 4523 [waiting
1341 4457 1434 4510 dunel.
1447 4458 1555 4508 fratrum
1565 4458 1700 4517 llinernm,
1713 4463 1733 4507 t.
1750 4457 1770 4514 l.
1782 4456 1846 4521 oet]

1118 4557 1253 4618 Prohibet
1267 4573 1304 4616 ne
1325 4555 1361 4616 ad
1385 4557 1590 4630 proiessIenem
1614 4555 1641 4614 in
1669 4555 1771 4614 ordine
1795 4555 1894 4614 tratrun

1154 4645 1296 4706 biinorum
1311 4645 1414 4719 aliquis
1429 4643 1602 4714 admittatur,
1620 4644 1674 4702 nisi
1686 4652 1750 4718 post
1763 4658 1860 4702 annum
1872 4643 1894 4699 in
1961 4649 1962 4734 J

1154 4733 1322 4809 probatione
1336 4735 1475 4808 elapsum.

1159 4843 1337 4916 Honorius,
1353 4844 1429 4916 eta,
1444 4842 1576 4906 dilectis
1595 4841 1675 4904 liliis
1690 4840 1786 4905 fratri
1805 4843 1895 4902 Fran·
1961 4813 1962 4822 ἵ

1120 4943 1209 5005 cisco
1235 4945 1268 5005 et
1301 4942 1378 5004 aliis
1413 4939 1591 5019 prioribus,
1622 4957 1684 5003 seu
1722 4937 1894 5004 custodibus

1120 5039 1284 5102 Minorum
1306 5037 1456 5111 fratrum,
1482 5037 1623 5101 salutem
1646 5039 1681 5101 et
1699 5036 1893 5116 apostolicam

1119 5136 1394 5200 benedictionem.

1160 5237 1240 5296 curn
1256 5233 1438 5297 secundum
1452 5231 1628 5296 consilium
1643 5232 1814 5311 sapientis,
1825 5229 1892 5292 nihil
1961 5233 1962 5242 ¹

1120 5333 1164 5396 sit
1184 5333 1256 5396 sine
1269 5333 1411 5395 consilio
1426 5331 1625 5404 iaciendum,
1643 5347 1684 5394 ne
1704 5332 1780 5410 post
1791 5330 1892 5392 tactum
1961 5323 1962 5340 ¹

1121 5429 1289 5508 poenitudo
1302 5431 1471 5508 sequatur,
1488 5430 1623 5508 expedit
1637 5428 1775 5492 cuilibet
1793 5427 1894 5491 celsio-

1121 5531 1167 5592 ris
1183 5530 1246 5591 viae
1270 5528 1478 5608 propositum
1502 5543 1714 5606 aggressuro,
1731 5527 1767 5591 ut
1789 5540 1894 5606 praece-

1120 5629 1200 5690 dant
1214 5625 1380 5706 palpebrae
1400 5642 1538 5703 gressus
1553 5643 1644 5700 suos,
1672 5627 1761 5690 vires
1786 5623 1893 5688 scilicet
