3946 6304
199 493 204 503 ,
335 453 394 514 427
951 453 1126 514 HONORII
1146 455 1193 514 ΙΙΙ
1215 455 1362 516 OPERA.
1897 463 1940 522 428

335 607 492 672 militabit
515 609 662 672 Ecclesia
686 610 863 686 generalis.
880 587 940 673 'Ne
961 612 1064 688 igitur
1088 611 1125 684 ii,
1182 612 1306 689 scripta
1341 609 1557 684 mandamus,
1594 609 1756 688 quatenns
1788 629 1844 690 pro
1872 615 1940 678 ibim

335 709 392 786 qui
407 707 551 770 nondum
566 707 608 768 ad
628 709 833 784 agnitionem
848 725 937 770 verae
957 709 1034 771 lidei
1046 726 1127 787 par·
1182 723 1306 781 amore,
1322 709 1379 786 qui
1398 711 1533 786 propter
1553 707 1689 770 nimiam
1705 710 1940 792 caritatemque
1964 743 1965 780 i

334 806 506 876 venerunt,
533 806 675 883 alicujus
690 805 867 869 dubietatis
889 808 1044 884 scrupulo
1072 823 1129 869 re·
1182 805 1300 868 dilexit
1313 821 1385 878 nos,
1409 805 1450 868 de
1473 805 1602 868 secreto
1617 805 1727 868 Patris
1743 806 1784 867 ad
1804 808 1940 885 publicum
1964 789 1965 862 3

335 903 517 972 tardentur,
534 918 593 980 pro
615 904 725 964 minus
740 903 781 966 ad
797 905 1041 980 agnoscendam
1056 904 1128 968 veri
1183 905 1336 966 bumanae
1356 904 1556 966 conditionis
1578 903 1692 977 exivit,
1718 904 1938 980 proficiscamini
1964 949 1965 952 κ

334 999 470 1062 luminis
489 999 675 1063 claritatem
696 1001 795 1062 corde
818 1001 944 1078 pariter
968 1004 1002 1065 et
1016 1003 1128 1064 animo
1183 1002 1345 1078 cumipse
1360 1001 1699 1063 lrabeDominicoad
1714 1005 1938 1079 proponendum,
1964 1079 1965 1082 Ἴ

336 1099 585 1172 convertantur,
609 1098 820 1160 devotionem
834 1100 981 1160 vestram
1001 1115 1128 1176 rogan·
1183 1099 1302 1176 quibus
1325 1099 1483 1176 expedire
1507 1097 1639 1172 viderit,
1662 1099 1797 1160 verbum
1820 1102 1881 1174 Dei,
1896 1119 1940 1180 quo

334 1193 409 1256 dam
425 1195 579 1257 duximus
594 1197 627 1258 et
638 1197 848 1283 monendam,
863 1211 923 1274 per
937 1197 1127 1274 apostolica
1182 1199 1308 1260 lumine
1323 1196 1473 1260 veritatis
1494 1202 1639 1270 ostense,
1655 1198 1806 1258 errantes
1823 1199 1860 1259 ad
1877 1200 1940 1260 vian

334 1293 429 1354 vobis
444 1293 567 1370 scripta
580 1294 788 1366 mandantes,
808 1296 972 1372 quatenus
987 1295 1127 1356 univer·
1183 1296 1333 1358 veritatis
1368 1295 1600 1367 revertantur,
1638 1294 1780 1357 scientes
1807 1296 1882 1372 qnod
1901 1277 1965 1370 vos}

336 1389 382 1450 sis
397 1391 588 1454 bominibus
609 1393 729 1457 vestrae
744 1393 852 1468 gentis
869 1392 1030 1469 quivobts
1044 1408 1127 1454 con·
1183 1394 1408 1454 concessimus
1429 1391 1526 1454 fratri
1550 1391 1718 1470 praedicto,
1748 1394 1784 1454 ut
1808 1393 1941 1454 eidemin
1964 1391 1965 1470 l

336 1489 572 1565 sanguinitate,
599 1490 654 1552 vel
673 1505 880 1566 quacumque
905 1491 1022 1554 notitia
1052 1489 1129 1551 sunt
1183 1491 1369 1552 ministerio
1390 1473 1483 1552 verbi
1507 1489 1567 1550 Dei
1584 1489 1758 1566 cooperari
1783 1491 1941 1560 teneamini,

334 1586 524 1664 conjuncti,
551 1587 584 1648 et
608 1588 710 1649 etiam
743 1587 896 1650 omnibus
923 1589 992 1650 tarn
1017 1587 1126 1664 longe,
1183 1587 1352 1666 proprium
1368 1601 1498 1664 semper
1512 1585 1661 1650 habitum
1676 1585 1861 1648 deferendo.
1964 1623 1965 1682 ι

335 1699 434 1760 quam
445 1699 546 1761 prope
561 1684 687 1762 positis,
701 1686 800 1762 prout
814 1685 908 1748 vobis
926 1684 1128 1762 possibilitas
1223 1688 1341 1746 Datum
1361 1683 1512 1758 viterbii,
1536 1685 1580 1745 iv
1603 1683 1679 1744 idus
1694 1685 1786 1757 maii,
1803 1684 1942 1761 pontifica-
1964 1683 1965 1698 ¹

335 1781 454 1852 aderit,
476 1781 647 1852 intimatis,
674 1797 735 1842 nos
755 1782 886 1843 firmum
908 1781 1032 1844 babere
1046 1797 1128 1858 pro·
1181 1783 1236 1844 tus
1250 1782 1356 1844 nostri
1371 1797 1459 1844 anno
1475 1781 1604 1860 quarto.

334 1877 489 1955 positum,
512 1880 579 1940 tam
607 1895 797 1952 conversos,
823 1894 922 1957 quam
945 1879 1046 1942 etiam
1072 1878 1128 1942 fa-

334 1977 432 2038 vente
447 1977 588 2038 Domino
600 1978 841 2040 convertendos
862 1978 898 2039 in
917 1978 1007 2038 omni
1025 1977 1129 2040 liber·
1481 1975 1678 2064 CXXVIII

334 2075 402 2135 tate
412 2072 536 2145 fovere,
552 2074 637 2136 atah
653 2075 788 2152 iniuriis
800 2075 947 2136 omnium
958 2075 1128 2137 molestias

334 2171 459 2232 eisdem
469 2170 692 2244 inserentium,
701 2173 752 2234 vel
765 2187 956 2248 gravamen,
970 2174 1128 2250 quantum

334 2269 443 2344 gratia
459 2269 572 2330 divina
589 2270 766 2347 permittet,
791 2271 1005 2346 protectionis
1018 2274 1128 2347 Apos-

334 2365 443 2431 tolicae
469 2367 651 2440 munimina
673 2367 859 2441 defensare,
884 2369 918 2429 et
950 2368 1036 2446 quod
1057 2384 1127 2438 eos,

335 2462 497 2541 quantum¹
517 2464 553 2526 in
577 2463 676 2524 nobis
694 2465 755 2536 est,
783 2479 963 2542 numquam
987 2465 1128 2542 alicujus
1265 2451 1396 2518 [viarum
1411 2450 1705 2512 ³¹⁰¹¹⁰m0²¹¹⁸¹²⁰¹⁰⁰³⁸b
1721 2451 1742 2512 ¹·
1758 2467 1787 2512 ¹¹»
1803 2467 1829 2504 ¹¹·
1840 2452 1885 2517 ἢ]

334 2560 469 2636 gravari
485 2560 631 2623 dominio
653 2561 705 2622 val
726 2563 808 2639 jugo
822 2563 988 2639 patiemur
1009 2561 1128 2639 subjici
1218 2558 1333 2618 llandat
1345 2560 1387 2617 eis
1398 2566 1430 2616 ut
1438 2564 1598 2618 convocent
1607 2557 1767 2630 capitulum
1775 2559 1921 2618 θιειιιιιιιι

336 2657 518 2720 servitutis,
728 2690 729 2693 ,
1377 2646 1414 2706 ed
1426 2647 1591 2721 eligendum
1603 2648 1784 2720 episcopum.

351 2767 353 2772 ·
374 2757 493 2818 Datum
508 2754 660 2827 viterbii,
684 2755 805 2817 octavo
814 2755 890 2818 idus
904 2757 996 2831 maii,
1012 2757 1127 2835 ponti-
1222 2754 1389 2817 Honorius
1405 2756 1711 2833 episcopusservus
1730 2769 1892 2817 servorum
1903 2753 1944 2814 lici

337 2851 456 2915 licetne
469 2854 576 2915 nostri
590 2868 678 2922 anno
693 2855 828 2932 quamn.
1103 2881 1105 2887 ⁸
1184 2852 1367 2916 venerabili
1390 2852 1522 2915 tratri...
1549 2853 1705 2930 episcopo
1727 2853 1763 2914 et
1787 2851 1894 2914 dilecto
1912 2849 1942 2910 fi·

1183 2949 1267 3011 lio...
1288 2949 1400 3012 abbati
1422 2950 1553 3012 Sanctae
1579 2950 1695 3011 Mariae
1717 2949 1944 3011 wratislavien-

642 3039 818 3128 CXXVII
1184 3047 1296 3120 sibus,
1324 3047 1465 3108 salutem
1498 3047 1531 3108 et
1562 3046 1782 3124 apostolicam
1815 3044 1943 3108 benedic-

336 3173 606 3250 Admoptstpum
614 3173 842 3234 Rocabertum
851 3173 969 3235 Sancti
984 3173 1131 3238 vectore
1161 3144 1319 3205 mmm·
1577 3240 1585 3256 ‚
1728 3241 1736 3256 ‚
1921 3236 1942 3248 ,,

553 3270 588 3330 et
612 3273 697 3332 agos
714 3275 908 3338 mmm·
1223 3241 1372 3304 Vacante
1400 3244 1588 3304 Gneznensr
1617 3241 1774 3314 ecclesia,
1796 3236 1944 3303 venerabili

724 3391 740 3406 ..
911 3335 916 3345 “
1185 3336 1282 3399 fratri
1301 3338 1452 3402 nostro...
1471 3338 1683 3402 cracoviensi
1709 3338 1862 3415 episcopo
1883 3337 1945 3396 nota

453 3507 458 3518 Ι
517 3505 523 3518 ,
626 3389 659 3448 ¹²
674 3391 837 3516 mamm*
1161 3434 1369 3512 probitatis,
1393 3435 1426 3496 et
1453 3435 1552 3498 clarae
1588 3434 1685 3498 lame
1710 3436 1798 3507 viro,
1824 3433 1945 3495 duximus

417 3505 641 3572 ffi¹⁹⁰¹¹¹’¹³¹¹¹¹²t·
654 3505 861 3567 emersurum,
877 3507 897 3567 ¹'
911 3507 950 3570 ¹⁰·
963 3521 987 3558 ¹¹·
1000 3507 1059 3574 ’Μ’
1184 3531 1446 3610 injungendum,
1481 3532 1518 3598 ut
1550 3533 1736 3596 assumeret
1769 3547 1850 3594 onus
1881 3526 1944 3602 regi·

341 3621 458 3692 llaudat
473 3621 515 3678 eis
529 3619 662 3680 omuibus
676 3627 707 3680 nt
728 3619 943 3694 proficiscantur
962 3637 1029 3680 cum
1044 3621 1130 3680 iratra
1185 3629 1284 3690 minis
1318 3629 1469 3691 ecclesian
1505 3631 1708 3695 memopatae,
1745 3631 1863 3690 verum
1891 3624 1944 3702 pria

372 3709 522 3770 dominico
536 3709 630 3782 priora
646 3708 755 3768 ordinis
770 3709 989 3768 praedicatorum
1005 3709 1041 3768 ad
1056 3726 1128 3785 pne·
1185 3726 1272 3788 idem
1294 3727 1469 3804 episcopus
1488 3725 1667 3803 postulavit
1684 3727 1856 3796 immutor,
1877 3738 1910 3782 ne
1920 3719 1941 3778 id

371 3798 524 3858 dicandum
540 3797 658 3856 verbum
673 3798 730 3866 irai,
740 3797 844 3872 quibus
863 3797 996 3870 expedire
1016 3798 1129 3858 viderit.
1185 3824 1298 3886 oneris
1312 3825 1558 3901 Imponemmus
1573 3823 1692 3897 eidem,
1715 3839 1779 3886 nos
1795 3815 1945 3900 provigjop

376 3924 544 3986 Honorius
559 3923 735 4001 episcopus
750 3939 868 3986 servus
884 3939 1056 3986 servorum
1071 3926 1131 3986 Dei
1185 3921 1333 3998 ejusdem
1359 3921 1510 3984 ecolesiae
1538 3921 1630 3984 lanto
1659 3921 1840 3982 studiosius
1863 3919 1945 3980 intan-

337 4022 466 4084 dilectis
496 4021 587 4093 filiis,
617 4022 777 4095 magistro
802 4020 986 4084 Rocaberto
1018 4022 1130 4084 Sancti
1185 4019 1311 4091 dentes,
1326 4019 1449 4096 quanto
1473 4033 1515 4080 ex
1538 4017 1667 4080 defectu
1681 4019 1827 4096 pastoris
1840 4011 1946 4091 majori-

337 4120 491 4190 Victoris,
507 4117 683 4180 Vincentio
707 4116 748 4178 de
768 4117 874 4192 sillia,
895 4119 1067 4196 Gastcrgio
1090 4119 1131 4181 de
1185 4115 1246 4180 bus
1261 4115 1442 4192 dispendiis
1458 4115 1579 4178 dicitur
1594 4105 1945 4192 subjacere,discraticni

337 4219 467 4290 Mansa,
485 4215 631 4292 tosepbo
655 4215 701 4277 de
728 4215 838 4287 Flore,
869 4216 993 4278 Jacobo
1025 4217 1132 4280 Vallis
1185 4215 1305 4275 vestrae
1325 4228 1385 4290 per
1404 4213 1594 4290 apostolica
1620 4213 1746 4289 scripta
1769 4210 1943 4274 mandamus.

338 4312 755 4390 Umbrosae,etDominlcc
771 4311 1132 4390 denquilari,monas-
1186 4312 1358 4389 quatenus,
1386 4309 1534 4388 ejusdem
1567 4310 1751 4387 capitulum
1782 4303 1947 4371 auctoritate

337 4413 497 4474 lariorum
510 4408 850 4486 monacbis,salutem
870 4412 903 4473 et
915 4411 1131 4488 apostolicam
1186 4411 1299 4471 nostra
1315 4408 1536 4470 convocantes
1557 4408 1597 4468 ad
1616 4407 1725 4469 locum
1742 4403 1946 4484 competentem

338 4509 612 4574 benedictionem.
1186 4507 1220 4568 et
1237 4507 1354 4575 tutum,
1369 4504 1553 4582 injungatis
1567 4504 1703 4574 eisdem,
1718 4505 1756 4567 ut
1770 4505 1811 4565 de
1825 4511 1944 4581 persona,

379 4607 462 4678 Quia
481 4607 536 4683 qui
562 4605 729 4668 seminant
754 4620 855 4682 snper
877 4619 993 4684 aquas,
1018 4605 1052 4669 et
1073 4607 1131 4683 qui
1186 4619 1260 4681 qnae
1278 4602 1468 4680 hujusmodi
1494 4603 1656 4678 congruat
1677 4603 1773 4664 oneri
1794 4603 1827 4663 et
1846 4593 1943 4660 honori

338 4701 539 4770 trumentum
569 4703 795 4775 abscondunt,
820 4704 856 4764 in
877 4704 999 4780 populo
1021 4704 1130 4764 male·
1187 4699 1250 4762 sibi
1265 4698 1437 4776 provideat
1451 4697 1538 4758 inira
1551 4697 1774 4775 quadraginta
1789 4691 1943 4770 dissposi-

339 4801 670 4877 dicuntur,consnlte
683 4801 793 4876 agitis,
820 4799 1024 4862 sitalentum
1037 4800 1131 4862 vobis
1186 4811 1317 4874 quamn
1331 4795 1427 4860 vobis
1446 4795 1637 4856 commoniti
1661 4793 1799 4867 brerint,
1822 4787 1945 4855 canodce

339 4915 359 4961 a
375 4901 442 4963 Deo
455 4898 616 4961 creditum
628 4898 662 4958 in
677 4898 819 4958 sudario
826 4897 1023 4972 conligatis,
1031 4913 1131 4975 quum
1187 4895 1221 4956 in
1236 4893 1412 4971 pastorem.
1430 4891 1521 4964 Quod
1536 4891 1565 4953 si
1581 4891 1667 4954 torta
1677 4907 1743 4953 non
1759 4887 1894 4955 fecerint,
1904 4895 1944 4942 vos

340 4997 503 5068 anemine
515 4996 715 5076 accendatur
729 4994 865 5056 lucerna
876 4996 910 5056 et
922 4995 1131 5072 ponatursub
1186 4993 1331 5063 extunc,
1348 5006 1391 5051 ne
1414 4989 1594 5067 saepedicta
1618 4990 1762 5051 ecclesia
1782 4987 1893 5050 diutius
1910 4977 1945 5038 vi·

339 5096 460 5166 modio,
478 5095 534 5155 sed
557 5091 919 5171 supercandelabrum
945 5095 982 5158 ut
1005 5093 1132 5155 cunctis
1187 5089 1323 5152 duitatis
1360 5086 1567 5152 incommoda
1602 5087 1769 5164 parianu,
1806 5088 1943 5164 personam

340 5195 402 5272 qui.
417 5194 450 5254 in
473 5194 571 5254 domo
592 5193 671 5252 sunt
695 5191 815 5262 luceat,
834 5191 1009 5252 statuatur.
1027 5191 1132 5262 Quum
1187 5189 1279 5249 tanto
1295 5184 1531 5261 congruentem
1556 5183 1665 5246 cilicio
1683 5183 1873 5246 auctoritate
1887 5187 1944 5236 nos·
1964 5213 1965 5218 κ

340 5307 420 5368 ergo
435 5291 575 5352 dilectus
587 5287 889 5349 traterncminicus
899 5288 991 5364 prior
1005 5288 1132 5350 ordinis
1186 5285 1249 5354 tra,
1266 5281 1395 5344 sublato
1414 5281 1647 5359 appellationis
1667 5281 1847 5352 obstaculo,
1860 5269 1944 5354 prati·

341 5389 600 5462 Praedicatorum
626 5401 781 5462 magnum
808 5385 921 5447 credat
946 5386 1132 5447 animarum
1188 5382 1283 5444 ciatis
1316 5381 1441 5453 eidem,
1476 5379 1737 5442 contradictores
1771 5393 1829 5456 per
1857 5383 1945 5434 censu·

341 5486 517 5564 provenire
539 5483 697 5556 fructum,
729 5483 759 5544 si
786 5499 884 5560 quam
912 5483 1085 5560 recepistis
1113 5501 1132 5545 a
1187 5496 1259 5540 ram
1270 5477 1542 5549 ecclesiasticam,
1554 5465 1942 5554 appellauonepostpositr.

342 5581 481 5646 Domino
497 5580 743 5658 praedicationis
761 5581 913 5658 gratiam,
929 5581 1132 5656 juxtasuam
1188 5577 1444 5653 compescentes.
1472 5573 1566 5648 Quod
1597 5574 1626 5634 si
1655 5589 1721 5635 non
1753 5571 1859 5640 ambo,
1884 5563 1945 5668 allel

342 5680 487 5758 erogatis
517 5679 756 5756 providentiam
788 5677 986 5740 utilitatibus
1018 5678 1134 5755 prexi-
1187 5677 1345 5744 vestrum,
1360 5671 1730 5743 etc...DatumViterbii,
1747 5667 1965 5736 lllidusmalt,

1196 2121 1248 2182 Ad
1261 2121 1457 2195 episcopum
1472 2117 1506 2180 ct
1522 2119 1676 2180 abbatem
1690 2119 1825 2180 Sanctae
1837 2119 1933 2180 Morio

1426 2216 1729 2279 Wrcltsmcteasis.

1466 2337 1500 2396 {3
1523 2337 1592 2396 maii
1615 2337 1694 2396 l220.

344 5795 482 5856 morum,
504 5778 697 5842 discretioni
718 5779 836 5841 vestrae
863 5791 922 5853 per
944 5775 1133 5852 Apostolioa
1188 5771 1398 5847 pontificatus
1412 5769 1516 5832 nostri
1533 5785 1623 5845 anno
1636 5770 1764 5846 quarto.

1964 6097 1965 6168 l
