4096 6312
106 271 157 336 8³3

104 429 192 508 leque
216 423 374 492 adriam
404 429 611 493 rectitudinis
634 447 803 506 revocare,
828 449 891 496 no-

105 527 262 588 bilitatem
282 529 374 589 tuam
393 545 563 590 monemus
578 530 611 590 et
625 531 840 592 exhortamur
854 532 889 592 in

104 626 248 695 Domino,
264 641 324 702 per
349 627 536 702 Apostolica
561 627 620 688 tibi
647 627 768 704 scripta
789 644 887 688 man-

103 722 888 800 dantesquatenusapudternetipsumrscogitaus

103 819 208 895 quanti
220 820 364 896 periculi
375 821 427 890 sit,
437 821 521 896 qnod
533 822 679 896 precisus
690 837 726 882 es
737 821 778 880 ah
789 823 888 883 eccle

102 915 230 976 siaslica
244 917 382 988 unitate,
399 917 437 976 ad
451 918 560 978 sinum
570 918 738 986 Ecclesiae,
751 935 823 994 quae
835 935 889 994 pa·

101 1015 165 1072 rata
178 1016 229 1073 est
244 1014 392 1089 recipere
404 1014 590 1084 redeuntes,
599 1014 770 1076 humiliter
780 1031 889 1075 rever·

102 1107 186 1174 laris,
197 1106 233 1166 in
252 1107 405 1168 manibus
420 1124 494 1168 ven.
508 1107 620 1170 fratris
633 1110 734 1170 nostri
751 1111 785 1168 C.
801 1113 887 1170 Por-

102 1204 183 1264 tnen.
196 1204 358 1280 episcopi,
373 1205 569 1280 apostolicae
583 1205 676 1266 Sedis
693 1206 791 1282 legati
803 1222 889 1282 prae-

102 1300 890 1377 ciseJuraudo,etpraestanlloaliasiiloneasoau·

101 1397 210 1468 tiones,
225 1398 311 1474 quod
324 1398 455 1474 parebis
471 1399 633 1460 mandatis
649 1399 800 1460 omnibus
816 1417 887 1476 quae

102 1508 153 1554 nos
164 1494 218 1554 vel
230 1495 305 1572 ipse
319 1494 379 1556 tihi
393 1495 586 1556 duxerimus
600 1495 767 1572 facienda3
779 1498 887 1558 sciens

101 1591 233 1667 quodsi
262 1607 342 1654 usus
369 1592 519 1664 consilio,
536 1592 624 1654 inira
646 1593 729 1654 duos
757 1610 887 1654 menses

100 1689 165 1763 post
181 1691 430 1766 susceptionem
442 1691 654 1766 praesentium
669 1690 787 1752 leceris
801 1692 886 1769 quod

101 1784 279 1858 hortamur,
296 1803 355 1848 uos
369 1775 668 1864 quantumcumque
678 1789 773 1848 Sedis
785 1792 888 1863 Apos-

100 1883 200 1944 tolicae
215 1885 362 1958 gratiam
384 1885 598 1954 demerueris,
612 1886 652 1946 ad
665 1886 887 1962 provisionem

100 1981 181 2040 tuam
201 1980 244 2040 de
268 1997 332 2058 qua
356 1973 456 2042 S‘edes
475 1983 675 2058 apostolica,
693 1985 728 2042 ut
750 1982 887 2058 praedio·

100 2079 160 2136 tum
173 2081 235 2149 est,
247 2079 303 2156 [rie
318 2077 357 2138 ab
374 2077 468 2140 initio
481 2079 639 2153 cogitavit
656 2079 763 2140 taliter
778 2081 888 2140 inteu-

100 2173 222 2246 demus,
240 2175 328 2252 quod
343 2179 524 2236 Romanam
549 2177 730 2236 Ecclesiam
753 2192 832 2251 erga
854 2179 886 2236 te

39 2340 43 2349 ¹
100 2273 207 2332 matris
227 2274 357 2332 viscera
375 2272 530 2338 fateberis
545 2271 714 2333 hahuisse.
730 2273 886 2350 Alioquin

100 2365 215 2429 habeas
231 2385 293 2446 pro
309 2369 483 2441 constanti,
502 2370 697 2446 quodetiam
713 2386 770 2448 spe
781 2379 896 2432 resen·

99 2465 175 2526 ratae
197 2466 402 2542 provisionis
422 2467 451 2528 te
467 2467 600 2528 ornniuo
614 2467 828 2544 privabimus,
854 2469 887 2529 et

100 2577 151 2636 per
177 2565 378 2626 sententiam
410 2579 568 2640 expresse
590 2564 651 2626 tibi
675 2565 884 2642 abjudicahi-

100 2673 164 2720 mus
178 2661 282 2722 etiam
298 2661 419 2723 dictam
433 2663 557 2722 terram
582 2663 664 2722 citra
689 2662 885 2730 Rhodanum

100 2755 300 2830 existentem,
329 2773 391 2820 nec
406 2758 553 2819 confidas
576 2759 611 2818 in
636 2774 675 2819 eo
697 2759 782 2834 quod
798 2775 886 2820 nunc

100 2851 153 2912 tibi
170 2855 374 2916 successisse
387 2855 527 2927 videtur,
543 2855 638 2932 quasi
654 2856 768 2916 contra
782 2857 886 2916 Deum

101 2949 204 3010 valcas
235 2948 432 3036 praevalerd,
454 2952 532 3029 quia
558 2952 588 3012 si
612 2951 672 3013 tibi
701 2951 886 3030 abjudicari

101 3048 271 3122 contigerit
304 3049 428 3109 terram
454 3047 571 3125 ipsam,
600 3064 768 3125 nunquam
794 3049 886 3109 illam

102 3145 470 3207 excommunicatusdiu
494 3145 618 3222 poteris
638 3146 794 3218 retinere,
811 3161 886 3206 cum

102 3237 136 3296 ab
149 3255 186 3300 ea
199 3242 411 3317 possessione
428 3242 472 3303 sit
486 3241 584 3304 facile
599 3241 709 3318 dejici,
726 3257 799 3318 quae
814 3242 886 3303 sine

98 3334 178 3406 justo
193 3337 292 3400 titulo
308 3337 457 3398 noscitur
478 3336 629 3400 detineri.
655 3339 772 3399 Datum
787 3340 887 3400 Late-

102 3433 177 3506 rani,
191 3436 238 3496 111
253 3450 359 3498 nonas
370 3435 459 3512 junii
475 3449 563 3500 anno
577 3434 702 3512 quinto.

381 3693 599 3782 ooooxlll

102 3823 145 3881 Ad
168 3828 464 3900 archiepiscopum
495 3829 825 3902 Ructaoumpeusem
851 3827 885 3888 el

133 3915 385 3990 szcffrcponeos‘
411 3917 486 3986 ejus
523 3916 806 3989 Rotltomapensls
850 3917 885 3976 ct

134 4001 310 4062 semermis
343 4005 621 4075 provinciarum,
660 4005 695 4063 et
727 4004 885 4076 pramis

134 4101 194 4158 per
209 4093 274 4152 bus
283 4093 486 4164 provincias
499 4091 712 4152 constitutos.

386 4211 402 4269 3
419 4195 591 4284 junilium.

133 4311 249 4378 [degest.,
261 4316 306 4367 lih.
316 4316 347 4376 V,
358 4317 430 4380 epist.
446 4316 500 4366 680.
512 4317 569 4367 hlss.
581 4317 701 4368 LaPorta
713 4316 748 4368 du
757 4317 849 4380 rhein]

102 4417 315 4497 Arcbiepisuopo
342 4409 497 4482 Ithemonsi
515 4423 611 4498 legato
636 4439 686 4497 per
700 4423 753 4482 has
766 4426 880 4498 provin·

131 4500 185 4556 cias
204 4503 341 4560 adversus
369 4503 518 4560 haereticos
536 4506 688 4561 constituto
710 4505 788 4576 ipsos
811 4504 880 4562 obe·

131 4577 239 4639 dientes
254 4597 318 4639 esse
330 4583 419 4655 jubet.

134 4687 317 4759 Honorius,
346 4691 422 4772 etc,
446 4687 694 4752 venerabilibus
724 4690 882 4752 fratribus

103 4783 343 4864 archiepiscopo
363 4787 602 4864 Rothomagen.
619 4803 658 4849 ac
680 4791 833 4849 Remens.
850 4789 883 4850 et

103 4877 329 4960 Rothomagen.
360 4884 575 4946 ecclesiarum
601 4885 823 4970 suffraganeis
850 4885 882 4948 et

103 4971 219 5042 dilectis
250 4981 329 5043 liliis
359 4981 543 5055 abbatibus,
567 4981 735 5059 prioribus
756 4983 788 5044 et
805 4981 881 5042 aliis

102 5075 306 5140 ecclesiarum
336 5080 494 5156 praelatis,
516 5095 556 5141 ac
577 5079 699 5141 Christi
728 5077 881 5140 fidelibus

103 5171 254 5238 universis
270 5193 328 5254 per
347 5181 482 5239 Romen.
500 5179 532 5238 et
553 5177 791 5253 Rothomagen.
808 5191 883 5254 pro-

103 5265 216 5334 vincias
229 5275 433 5346 constitutis;
443 5275 594 5347 salutem,
607 5277 668 5336 etc.

136 5367 266 5432 Divinas
288 5374 499 5434 recensentes
518 5371 678 5434 historias
694 5371 880 5432 invenimus

103 5455 142 5519 ibi
159 5480 284 5546 semper
303 5469 454 5530 infideles
472 5469 608 5545 gravius
629 5467 806 5539 corruisse,
824 5467 880 5529 ubi

106 5567 275 5628 surrexisse
298 5566 397 5627 altius
412 5566 620 5639 videbantur,
637 5566 748 5644 ibique
761 5567 881 5643 praeci-

231 5713 342 5757 rurant.
359 5711 432 5756 roua
445 5701 494 5780 lll.

724 273 960 355 ⁴nrrsroum.
983 275 1062 336 nus.
1085 275 1123 335 v.

1634 275 1738 407 iffi

943 449 1007 510 pue
1030 433 1211 512 proiecisse
1225 431 1341 494 ddeles
1365 431 1420 494 ubi
1448 431 1646 496 videbantur
1664 449 1738 496 arn-
1780 461 1781 464 ¹

943 531 1029 606 plius
1055 528 1227 591 deiecisse.
1252 531 1292 590 Et
1318 530 1354 591 ut
1377 529 1417 590 de
1441 529 1554 592 multis
1575 531 1737 607 exemplis

944 626 1053 704 aliqua
1076 625 1294 704 proteramus,
1312 626 1485 698 Philistaei,
1502 642 1581 688 arca
1605 628 1737 690 Domini

943 725 1050 800 capta,
1081 723 1250 784 israelitas
1277 723 1317 783 ad
1342 723 1408 783 ima
1430 723 1616 799 depressos,
1642 727 1675 786 et
1701 740 1737 784 se

944 820 1106 882 exaltatos
1121 820 1162 880 ad
1173 819 1328 880 sublimia
1343 819 1571 895 crediderunt;
1594 821 1651 881 sed
1661 837 1739 882 mox

943 919 1123 992 aggravata
1134 933 1250 978 manus
1260 915 1390 978 Domini
1404 932 1578 992 snpereos,
1589 917 1737 994 ipsorum

944 1013 1089 1074 fastuosa
1116 1014 1216 1074 elatio
1238 1013 1375 1083 corruit,
1393 1015 1425 1074 et
1439 1014 1659 1074 humilitatem
1682 1015 1735 1074 ls-

943 1109 1085 1172 raelitici
1116 1110 1231 1186 populi
1267 1109 1468 1196 miraculosa
1508 1111 1615 1188 ipsius
1648 1121 1759 1190 aroae'

943 1207 1059 1267 relatio
1074 1207 1244 1268 exaltavit.
1268 1207 1322 1268 Sio
1346 1207 1497 1268 Samaria
1517 1206 1651 1267 obsessa
1667 1209 1736 1268 tarn

943 1305 1043 1374 arcte,
1054 1307 1086 1364 et
1098 1304 1190 1365 tanta
1204 1303 1301 1364 samis
1323 1305 1502 1365 afflictione
1517 1319 1685 1380 oppressa,
1700 1304 1737 1365 ut

943 1401 1040 1476 caput
1074 1401 1161 1461 asini
1198 1401 1364 1477 octogiuta
1407 1400 1536 1476 argenti
1574 1401 1737 1462 vendere·

942 1497 1006 1568 tur,
1033 1513 1094 1558 nec
1107 1500 1178 1574 jam
1191 1498 1360 1558 videretur
1378 1498 1444 1558 nisi
1460 1497 1636 1558 deditionis
1652 1512 1736 1558 con·
1820 1555 1822 1562 .

943 1593 1053 1655 silium
1076 1610 1268 1670 superesse;
1285 1595 1398 1656 divina
1433 1594 1580 1670 potentia
1604 1595 1736 1656 saturos

944 1689 1133 1770 obsessores
1151 1692 1187 1751 in
1205 1692 1319 1768 lugam
1341 1691 1539 1752 miraculose
1561 1691 1735 1762 convertit,

942 1787 974 1848 et
984 1786 1136 1848 obsessos
1150 1787 1322 1848 famelicos
1334 1789 1512 1864 insperatae
1525 1786 1736 1849 abundantiae

942 1883 1093 1946 satietate
1113 1882 1239 1945 reiecit.
1257 1886 1312 1946 Sic
1327 1900 1405 1960 rege
1419 1884 1631 1960 Assyriorum
1645 1883 1738 1945 obsi·
1814 1885 1819 1904 ‘

941 1980 1038 2042 dente
1063 1982 1249 2042 ierusalem
1270 1983 1310 2043 et
1330 1981 1411 2041 adeo
1440 1981 1476 2041 in
1501 1996 1561 2041 sua
1588 1981 1736 2057 potentia

940 2077 1115 2151 gloriante,
1133 2078 1169 2138 ut
1188 2079 1255 2138 Deo
1270 2077 1395 2138 viventi
1411 2079 1509 2138 etiarn
1525 2077 1733 2153 exprobaret,
1806 2135 1808 2138 .

941 2174 1127 2245 multitudo,
1140 2175 1174 2234 in
1187 2191 1252 2251 qua
1263 2174 1457 2258 confidebat,
1471 2175 1589 2250 angelo
1604 2175 1735 2236 Domini

941 2272 1145 2346 percutiente
1173 2287 1240 2332 una
1268 2273 1364 2333 nocte
1390 2272 1526 2343 interiit,
1554 2275 1588 2332 et
1608 2271 1735 2348 eosqui

941 2382 1006 2428 uon
1020 2368 1060 2429 de
1082 2368 1237 2430 humanis
1260 2368 1398 2442 viribus,
1413 2369 1467 2430 sed
1483 2369 1523 2430 de
1537 2368 1609 2430 sola
1623 2359 1751 2432 divina'

941 2464 1170 2526 misericordia
1202 2464 1422 2536 confidebant,
1451 2466 1511 2526 Dei
1524 2465 1668 2542 potentia
1695 2465 1736 2526 de

941 2559 1122 2622 obsidionis
1145 2563 1299 2638 angustia
1327 2562 1492 2624 liberavit.
1518 2563 1610 2624 Licet
1633 2563 1737 2638 igitur

941 2659 1110 2733 negotium
1125 2659 1212 2730 fidei,
1225 2674 1284 2735 pro
1298 2675 1362 2735 quo
1375 2660 1409 2719 in
1428 2659 1576 2736 partibus
1591 2659 1736 2720 Provin-
1829 2743 1830 2746 Ἴ

941 2755 1002 2815 ctae
1022 2756 1115 2817 tanto
1141 2756 1262 2816 sudore
1289 2755 1473 2817 laboratum
1502 2757 1563 2828 est,
1591 2757 1624 2816 et
1641 2755 1734 2818 tanto

940 2851 1053 2912 labore
1063 2852 1387 2923 sudatum,videatur
1396 2853 1543 2928 graviter
1552 2852 1731 2924 corruisse,

941 2947 1043 3008 animi
1057 2949 1167 3009 tamen
1178 2948 1324 3009 fidelium
1335 2964 1402 3010 non
1417 2948 1559 3024 debeant
1570 2949 1605 3010 in
1620 2949 1734 3026 hujus·

941 3045 1029 3105 modi
1043 3045 1141 3105 ruina
1153 3045 1339 3116 concidere,
1356 3045 1424 3117 sed,
1435 3045 1521 3122 quod
1537 3048 1587 3108 est
1600 3047 1733 3109 virtuds

941 3141 1123 3218 proprium,
1153 3142 1307 3202 tortiores
1333 3159 1495 3218 exurgere
1517 3143 1551 3203 in
1570 3144 1744 3210 adversis..

941 3254 1037 3299 suum
1059 3240 1224 3316 jactantes
1250 3240 1285 3299 in
1307 3241 1446 3300 Domino
1465 3240 1654 3316 cogitatum,
1678 3241 1735 3318 qui

941 3337 1034 3398 novit
1057 3336 1157 3397 elisos
1185 3336 1315 3412 erigere
1332 3337 1366 3398 et
1386 3353 1464 3398 suos
1484 3337 1517 3398 in
1535 3337 1608 3413 ipsa
1622 3337 1734 3398 tribu-

940 3433 1074 3494 lationis
1093 3435 1246 3510 angustia
1266 3433 1417 3496 dilatare.
1431 3434 1523 3496 Unde
1539 3450 1599 3496 nos
1619 3435 1661 3496 ad
1676 3450 1734 3496 re·-

941 3530 1142 3594 levationem
1159 3531 1265 3608 ipsius
1283 3533 1418 3608 negotii,
1434 3533 1474 3592 de
1494 3531 1606 3593 divina
1618 3532 1736 3594 confisi

940 3628 1171 3688 misericordia
1195 3629 1339 3690 sollicite
1352 3629 1572 3700 intendentes,
1589 3645 1734 3690 venera-

939 3724 999 3785 bili
1012 3724 1106 3784 iratri
1120 3729 1233 3786 nostro
1256 3726 1411 3786 Remensi
1435 3726 1683 3802 archiepiscopo
1699 3726 1735 3786 in

939 3820 1102 3892 omnibus,
1120 3837 1193 3897 quaa
1209 3821 1249 3880 ad
1262 3822 1430 3896 negotium
1445 3822 1554 3898 ipsum
1570 3823 1730 3898 spectant,

939 3916 1115 3992 legationis
1128 3917 1271 3979 officium
1283 3918 1630 3994 inproviuciisvestris
1640 3919 1736 3979 duni·

938 4029 1012 4074 mus
1037 4014 1317 4083 committendum,
1340 4030 1499 4076 concessa
1522 4017 1554 4076 ei
1581 4017 1733 4092 plenaria
1811 3995 1816 4012 ⁸

940 4111 1099 4186 potestate
1112 4109 1255 4171 faciendi
1268 4112 1380 4172 tamin
1392 4112 1619 4188 indulgentiis,
1634 4129 1737 4190 quam

937 4207 973 4268 iu
988 4206 1064 4267 aliis
1083 4208 1205 4278 omnia,
1222 4223 1295 4284 quae
1314 4210 1356 4269 ad
1376 4210 1612 4271 relevationem
1628 4210 1733 4286 ipsius

937 4304 1063 4380 negotii
1084 4304 1208 4366 viderit
1233 4306 1403 4380 expedire,
1428 4307 1475 4367 ita
1503 4307 1625 4378 tamen,
1646 4307 1734 4384 quod

937 4403 1013 4463 vota
1026 4399 1151 4474 eorum,
1167 4402 1223 4478 qui
1239 4404 1462 4478 crucesignati
1477 4404 1607 4465 suntad
1623 4403 1734 4465 subsi-

937 4499 1028 4558 dium
1046 4501 1159 4559 Terrae
1185 4501 1315 4560 Sanctae
1342 4501 1498 4560 nolumus
1522 4501 1734 4577 aliquatenus

938 4595 1151 4656 commutare.
1175 4595 1268 4657 Licet
1289 4596 1392 4671 igitur
1413 4597 1455 4657 ad
1482 4597 1732 4660 subventionem

936 4693 1061 4768 negotii
1085 4693 1225 4754 animati
1250 4693 1334 4765 sitis,
1351 4695 1388 4756 ut
1408 4695 1585 4768 credimus,
1600 4711 1659 4772 per
1673 4711 1733 4758 vos

936 4791 1028 4866 ipsos
1043 4789 1154 4865 utpote
1169 4790 1226 4867 qni
1245 4793 1317 4866 ejus
1339 4805 1470 4868 semper
1490 4792 1595 4854 luisse
1614 4795 1732 4856 nosci·
1784 4817 1788 4825 ·

936 4887 1017 4947 mini
1034 4887 1206 4958 zelatores,
1224 4901 1267 4948 ex
1285 4887 1467 4952 abundanti
1486 4892 1597 4952 tamma
1614 4907 1673 4953 vos
1688 4891 1731 4954 ad

936 4984 1090 5060 idipsum
1105 4984 1263 5045 attentius
1281 4985 1508 5059 exhortantes,
1520 4989 1732 5050 universitati

936 5082 1054 5142 vestrae
1070 5096 1129 5158 per
1147 5082 1339 5158 Apostolica
1363 5084 1485 5162 scripta
1506 5085 1731 5162 praecipiendo

935 5178 1140 5250 mandamus
1162 5180 1324 5256 quatenus
1347 5179 1521 5258 praelatum
1541 5183 1730 5260 archiepis·
1796 5257 1807 5282 ι

935 5292 1053 5352 copnm
1068 5277 1360 5352 sicutApostolicae
1373 5277 1467 5338 Sedis
1481 5277 1625 5354 legatum
1641 5282 1730 5342 reci-

936 5373 1074 5449 pientes
1089 5372 1243 5434 hilariter
1269 5375 1301 5435 et
1325 5375 1463 5436 honeste
1479 5377 1660 5439 tractantes
1675 5379 1729 5439 in-

934 5470 1076 5531 tendatis
1102 5471 1135 5534 et
1160 5470 1322 5533 obediatis
1356 5472 1463 5533 eidem
1497 5474 1668 5538 humiliter
1695 5480 1729 5537 et

935 5567 1062 5628 devote.
1084 5567 1239 5644 Alioquin
1267 5569 1476 5644 sententiam,
1500 5587 1598 5649 quarn
1623 5574 1728 5636 ratio-

1525 5703 1559 5760 27
