4096 6312
64 303 65 306 Ὺ
113 351 156 410 vav
708 350 936 420 aetsronn.
960 353 1039 414 tta.
1063 355 1100 414 v.

110 506 393 585 diupercipieadam
403 506 523 584 abipso
534 507 639 570 donec
651 509 739 586 aequi
748 510 878 572 valoris

60 623 62 690 t
108 605 345 668 ecclesiasticum
370 605 567 667 beneficium
600 607 798 670 contulisses
828 609 879 670 ei-

59 725 61 758 t
108 705 174 774 den,
193 701 376 764 venerabili
395 702 498 764 fratre
522 704 636 765 nostro
659 703 875 767 aurelianen.

58 811 59 814 ’
107 802 238 879 episcopo
265 801 329 861 sibi
348 803 526 862 executore
547 817 718 875 concesso,
735 803 876 866 dilectus

57 899 58 902 ’
106 901 177 960 filius
200 901 230 959 S.
255 899 453 976 procurator
472 899 550 960 tuus
564 900 698 962 interim
716 916 878 979 superve-

105 999 182 1058 niens
203 996 388 1072 composuit
410 995 632 1059 amicabiliter
655 1014 729 1058 cum
749 999 875 1070 eodem,

104 1097 138 1154 ih
150 1095 228 1171 quod
241 1093 328 1155 idem
337 1095 530 1170 capellanus
542 1096 746 1156 renuntiavit
757 1095 877 1158 litteris

104 1193 284 1264 memoratis,
306 1193 340 1254 et
358 1192 440 1268 juri,
471 1193 557 1269 quod
586 1192 650 1252 sihi
672 1192 878 1270 competebat

102 1291 143 1350 vel
155 1292 337 1366 competere
350 1289 480 1366 poterat
490 1305 533 1350 ex
545 1291 680 1351 eisdem.
693 1292 762 1352 Nos
774 1291 878 1367 igitur

102 1389 341 1462 apraestatioue
365 1388 470 1463 ipsius
497 1389 667 1464 pensionis
693 1389 727 1449 te
745 1388 877 1464 penitus

101 1484 307 1557 absolventes,
333 1483 462 1546 litteras
486 1485 576 1562 ipsas
597 1485 804 1548 decrevimus
823 1485 875 1546 ir-

100 1583 167 1643 ritas
181 1585 213 1644 et
225 1584 356 1654 inanes,
366 1597 406 1643 ac
420 1584 652 1644 revocavimus
663 1583 692 1643 si
701 1582 778 1660 quid
792 1583 877 1644 forte

99 1681 279 1742 auctoritate
295 1680 418 1742 factum
437 1680 548 1744 extitit
565 1681 765 1742 earumdem.
788 1679 878 1742 Ideo·

100 1793 150 1854 que
182 1777 383 1840 fraternitati
420 1779 487 1840 tuae
531 1780 711 1855 praesentes
747 1777 876 1840 litteras

100 1875 235 1952 inhujus
257 1877 308 1937 rei
326 1876 554 1938 testimonium
578 1876 734 1938 duximus
757 1891 878 1937 couce-

100 1971 215 2033 deudas.
233 1975 353 2035 Datum
370 1973 539 2046 Laterani,
555 1975 586 2034 ΙΙ
606 1973 769 2036 kalendas
784 1973 874 2044 maii,

99 2071 292 2144 pontificatus
314 2071 419 2134 nostri
445 2087 533 2133 anno
555 2071 682 2148 quinto.

361 2267 597 2357 GCGLXXH

131 2405 177 2463 Ad
189 2405 346 2464 abbatem
361 2403 394 2464 ct
408 2404 615 2464 conventam
625 2403 830 2464 moracstertt

211 2503 246 2562 S.
264 2500 450 2577 captatae
469 2501 741 2562 cavatacrteasts.

366 2622 401 2680 30
415 2621 496 2695 april.
516 2622 594 2679 liat.

196 2728 333 2793 [dugdale.
346 2729 454 2779 honest.
467 2727 646 2791 anglicanum,
659 2727 678 2786 l,
691 2726 757 2792 leh]

96 2835 254 2894 honestato
277 2835 373 2892 Sancti
395 2833 549 2908 Augustini
571 2835 751 2894 cantuarien.
772 2833 875 2892 condr-

123 2933 175 2982 ust
201 2925 357 2982 ecclesiam
383 2923 418 2980 de
444 2924 600 2996 sellinges,
631 2922 813 2996 praebendam
841 2921 877 2980 de

122 3014 261 3072 oucestou
274 3020 304 3071 et
317 3012 455 3070 scelestas
467 3011 502 3068 de
515 3010 643 3069 Lcuharn
658 3019 686 3070 et
699 3013 822 3070 Cistelet.

125 3131 289 3193 Honorius
301 3129 874 3208 episcopus,servasservorumDei,

93 3225 207 3290 dilectis
231 3227 313 3288 filiis
335 3226 446 3288 abbati
473 3227 506 3290 et
531 3226 709 3288 couventui
737 3241 876 3288 monas-

92 3325 157 3385 terii
170 3325 392 3401 S.hugustiui
405 3324 631 3395 cantuarien,
643 3323 795 3395 salutem,
812 3325 874 3385 etc.

125 3423 209 3485 Solet
223 3437 376 3485 annuere
393 3421 494 3484 Sedes
510 3421 699 3498 apostolica
715 3421 778 3496 piis
790 3421 876 3482 votis

92 3521 118 3580 et
130 3521 279 3582 honestis
294 3520 477 3596 petentium
492 3519 646 3596 precibus
656 3518 804 3580 favorem
817 3517 878 3580 be-

92 3618 236 3680 nevolum
269 3617 444 3694 impertiri.
475 3616 671 3693 Eapropter,
697 3615 809 3677 dilecti
840 3616 876 3676 in

92 3715 218 3778 homino
243 3714 316 3786 filii,
340 3713 461 3776 vestris
479 3714 581 3790 justis
600 3711 876 3790 postulationibus

90 3815 174 3887 grato
200 3812 439 3876 concurrentes
453 3827 603 3883 assensu,
620 3823 779 3888 personas
801 3825 877 3873 ves-

90 3910 205 3975 trasei
228 3911 351 3981 locum,
380 3909 417 3970 in
440 3924 504 3986 quo
529 3909 645 3972 divino
669 3907 750 3968 estis
773 3905 875 3968 obse-

45 4067 49 4078 ,
92 4008 158 4082 quic
172 4006 365 4083 mancipati,
378 4021 452 4068 cum
469 4005 621 4068 omnibus
641 4003 737 4066 bouis
752 4019 826 4082 quae
841 4004 876 4068 in

91 4106 337 4179 praesentiarum
352 4103 597 4166 rationabiliter
616 4101 802 4179 possidetis,
819 4101 878 4162 aut

90 4200 281 4266 infuturum
300 4203 479 4279 praestante
499 4200 639 4262 Domino
650 4201 749 4278 justis
770 4198 877 4260 modis

90 4301 233 4373 poteritis
254 4299 406 4377 adipisci,
425 4296 486 4360 sub
500 4298 589 4360 beati
609 4298 699 4361 Petri
717 4299 750 4360 et
762 4298 877 4360 nostra

89 4399 290 4473 protectione
314 4395 524 4473 suscipimus.
549 4395 745 4472 Specialiter
767 4395 877 4458 autem

89 4495 260 4556 ecclesiam
281 4494 322 4555 de
346 4493 521 4569 sellinges,
539 4494 571 4554 et
591 4492 801 4570 praehendam
819 4507 877 4554 ec-

89 4591 192 4654 clesiae
208 4591 251 4654 de
271 4592 435 4652 Guceston
454 4591 496 4652 ad
515 4605 595 4650 usus
617 4605 769 4662 camerae,
786 4590 820 4652 et
837 4589 878 4651 de

89 4689 230 4751 Lenham
253 4691 287 4750 et
312 4688 353 4749 de
378 4686 515 4750 Cistelet
542 4686 700 4750 ecclesias
728 4687 769 4749 ad
798 4703 877 4748 usus

88 4786 254 4851 refectorii
272 4788 306 4848 et
324 4785 529 4857 infirmariae,
552 4800 573 4846 a
593 4777 688 4846 bonae
709 4784 878 4846 memoriae

89 4883 218 4946 Urbano
234 4884 268 4945 et
281 4882 470 4951 Goelestiuo,
482 4881 782 4959 praedecessoribus
796 4897 878 4942 nos-

89 4982 155 5053 tris,
166 4982 327 5044 Romanis
339 4979 551 5057 pontificibus
558 4979 651 5040 vohis
667 4979 878 5042 confirmatas

88 5079 198 5140 atalia
218 5078 306 5139 bona
318 5079 441 5149 vestra,
458 5077 546 5139 sicut
559 5092 599 5139 ea
614 5076 725 5138 omnia
735 5077 825 5153 juste
839 5091 879 5137 ac

88 5176 222 5250 pacifice
235 5174 423 5253 possidetis,
439 5173 534 5237 vobis
549 5178 583 5236 et
598 5189 657 5250 per
669 5189 730 5236 vos
749 5187 879 5234 monas·

88 5274 167 5334 terio
188 5274 313 5344 vestro,
330 5272 526 5334 auctoritate
551 5270 740 5348 apostolica
762 5269 880 5332 confir·

89 5385 214 5432 namus
227 5368 260 5431 et
271 5370 443 5447 praesentis
460 5369 574 5445 scripti
588 5368 772 5445 patrocinio
788 5383 879 5429 com-

88 5469 263 5530 muuimus.
288 5467 381 5528 Nulli
400 5482 490 5543 ergo,
519 5467 580 5528 etc.
604 5467 687 5528 Data
709 5466 877 5537 Laterani,

90 5565 115 5624 ll
136 5565 299 5626 kalendas
316 5564 407 5640 maii,
430 5564 642 5642 pontificatus
665 5565 771 5628 nostri
791 5578 878 5626 anno

90 5662 214 5736 quinto.

1667 362 1734 424 798·

1200 487 1457 613 ooouxuu
1546 567 1550 576 ·

932 657 984 716 Ad
1006 656 1184 718 cantorem
1212 658 1247 718 et
1272 662 1554 722 archidiaconum
1582 663 1728 734 majores

972 747 1121 805 ccclestae
1148 749 1383 808 occaecatum
1414 748 1533 810 Sancti
1561 751 1727 812 (lemnam

972 832 1291 906 Aactssstodoreasia
1309 837 1484 896 Portsten.

1229 945 1246 1003 h
1261 947 1329 1003 maii
1344 948 1423 1005 tart.

986 1039 1097 1106 [Noticas
1108 1047 1134 1092 et
1143 1043 1255 1094 Extraits
1264 1043 1307 1093 des
1318 1044 1478 1104 manuscrits,
1488 1045 1556 1104 xxt,
1568 1059 1596 1106 u,
1606 1045 1673 1111 lle]

932 1139 1047 1198 Mandat
1072 1148 1102 1199 ut
1129 1143 1313 1200 ecclesiastici
1342 1143 1468 1202 redditus
1495 1144 1604 1201 decano
1630 1145 1732 1202 Sancti

967 1229 1103 1298 Quintini,
1117 1231 1164 1302 qui
1179 1229 1261 1288 docet
1273 1229 1374 1290 fratres
1391 1232 1427 1289 de
1439 1231 1538 1290 ordine
1553 1232 1724 1291 Praedicatc-

966 1333 1030 1374 rum
1041 1318 1069 1374 in
1082 1317 1242 1393 theologica
1258 1317 1400 1390 facultate,
1410 1328 1438 1379 et
1448 1335 1500 1378 suo
1510 1321 1617 1380 vicario
1631 1323 1724 1394 quoti·

967 1406 1059 1464 diane
1074 1407 1290 1480 prebendarum
1302 1407 1514 1468 distributiones
1526 1407 1724 1468 exhibeantur.

971 1517 1140 1579 Honorius
1150 1518 1334 1596 episcopus,
1345 1535 1461 1580 servus
1470 1535 1641 1582 servorum
1650 1517 1723 1592 Dei,

932 1613 1060 1676 dilectis
1076 1615 1155 1676 filiis
1169 1616 1297 1678 cantori
1317 1615 1349 1678 et
1368 1615 1602 1678 archidiacono
1617 1618 1726 1694 majo-

931 1711 978 1772 ris
1007 1712 1174 1785 ecclesiae,
1205 1714 1238 1775 et
1269 1713 1395 1776 decano
1427 1713 1541 1776 Sancti
1568 1711 1731 1774 Germani·

931 1809 1232 1871 Autissiodorensis
1257 1811 1470 1884 Parisiensls,
1492 1810 1644 1882 salutem,
1662 1809 1724 1872 etc.

971 1905 1096 1968 Dilecto
1113 1907 1181 1968 illio
1197 1907 1323 1968 decano
1339 1909 1453 1970 Sancti
1468 1907 1615 1980 Quintini
1630 1904 1728 1968 nobis

931 2004 1076 2067 innotuit
1097 2003 1272 2078 referente,
1290 2003 1376 2082 quod
1397 2020 1483 2078 cum,
1508 2003 1725 2065 demandato

931 2103 1055 2174 nostro,
1078 2101 1229 2163 Parisius
1253 2101 1368 2164 doceat
1396 2101 1515 2164 fratres
1544 2101 1585 2162 de
1606 2100 1724 2162 ordine

931 2198 1190 2261 Praedicatorum
1205 2199 1240 2260 in
1255 2199 1442 2276 theologica
1461 2197 1628 2270 facultate,
1643 2211 1724 2258 nos-

931 2311 995 2373 que
1016 2311 1075 2373 pro
1097 2313 1137 2358 eo
1156 2297 1249 2359 vobis
1270 2296 1512 2375 scripserimus,
1538 2295 1574 2357 ut
1595 2293 1726 2374 integre

931 2391 1085 2456 faceretis
1095 2394 1202 2456 eidem
1213 2411 1291 2455 suos
1306 2393 1454 2456 redditus
1467 2391 1723 2465 ecclesiasticos,
1826 2465 1837 2486 l

928 2493 1025 2569 juxta
1040 2492 1308 2554 constitutionem
1323 2508 1343 2552 a
1363 2490 1460 2552 nobis
1475 2489 1609 2560 editam,
1624 2487 1725 2551 exhi-

931 2587 1015 2657 beri,
1031 2589 1138 2666 posito
1160 2590 1200 2650 de
1226 2589 1362 2651 licentia
1391 2591 1505 2650 nostra
1527 2588 1562 2647 in
1585 2585 1727 2648 ecclesia

933 2685 1046 2748 Sancti
1065 2685 1213 2758 Quintini
1228 2685 1340 2763 aliquo
1359 2685 1432 2746 loco
1455 2685 1518 2756 sui,
1536 2684 1592 2761 qui
1611 2681 1726 2744 distri-

931 2784 1084 2846 butiones
1097 2783 1308 2861 quotidianas
1320 2797 1455 2842 suarum
1468 2779 1630 2858 percipiat
1643 2795 1725 2856 prae-

931 2881 1129 2952 bendarum,
1165 2877 1424 2941 contradictores
1455 2893 1515 2956 per
1549 2893 1724 2939 censuram

932 2978 1192 3040 ecclesiasticam
1221 2975 1473 3054 compescendo,
1504 2975 1727 3036 nihilominus

932 3075 1112 3152 capitulum
1127 3075 1275 3152 ejusdem
1289 3075 1438 3135 ecclesia
1453 3073 1601 3134 redditus
1616 3071 1724 3133 eidem

932 3172 1056 3234 decano
1073 3173 1105 3235 et
1119 3172 1329 3250 quotidianas
1352 3171 1601 3232 distributiones
1620 3169 1725 3246 ipsius

930 3270 1057 3332 vicario
1068 3286 1110 3330 ex
1121 3285 1234 3331 eorum
1248 3269 1481 3346 provenientes
1495 3266 1649 3338 ecclesia,
1661 3265 1726 3326 sibi

931 3367 1147 3436 subtrahunt,
1168 3366 1409 3444 praetendentes
1429 3365 1463 3426 in
1488 3362 1601 3426 suaet
1626 3361 1728 3439 gallia

931 3457 1729 3541 canaecclesiajuramentoessefirmatumquod·
1825 3535 1830 3542 ι

930 3561 1154 3624 residentibus
1166 3562 1295 3623 tantum
1304 3557 1721 3636 beneflciapersolvantur;

931 3675 991 3720 nos
1021 3660 1142 3731 autem,
1168 3657 1318 3718 nolentes
1343 3657 1503 3718 decanum
1532 3654 1682 3716 eumdem
1704 3668 1725 3713 a

931 3757 997 3818 tam
1018 3756 1071 3832 pio
1097 3770 1230 3816 cessare
1251 3755 1305 3814 vel
1328 3755 1440 3831 tepere
1461 3752 1643 3830 preposite,
1666 3747 1728 3810 sed·

931 3851 1109 3930 specialem
1121 3852 1153 3912 ei
1168 3851 1277 3928 potius
1297 3849 1406 3911 facere
1428 3849 1569 3925 gratiam
1588 3845 1726 3923 cupien-

931 3952 991 4020 tes
1003 3949 1197 4020 discretioni
1207 3947 1327 4009 vestrae
1335 3943 1590 4024 perApostolica
1601 3941 1724 4019 scripta

931 4047 1137 4118 mandamus
1157 4045 1331 4123 quatenus,
1345 4059 1413 4104 non
1435 4041 1586 4104 obstante
1603 4041 1724 4116 hujus·
1790 4091 1791 4094 ,

931 4145 1020 4206 modi
1038 4143 1238 4222 Juramento,
1266 4141 1417 4204 exhiberi
1441 4155 1461 4200 a
1485 4137 1726 4216 praenominato

932 4241 1076 4320 capitulo
1091 4241 1156 4317 ipsi
1169 4239 1293 4302 decano
1307 4237 1455 4300 redditus
1471 4237 1503 4297 et
1521 4234 1649 4296 vicario
1664 4249 1726 4295 suo

932 4337 1181 4400 distributiones
1216 4333 1404 4413 hujusmodi
1434 4331 1575 4394 faciatis.
1606 4323 1725 4392 Datu'm

932 4435 1099 4506 Laterani,
1114 4437 1159 4497 IV
1170 4449 1276 4495 nonas
1289 4431 1380 4504 maii,
1395 4429 1606 4508 pontificatus
1619 4424 1725 4489 nostri

932 4549 1020 4596 anno
1035 4533 1159 4610 quinto.

1207 4653 1457 4742 oootxhtv

954 4795 1006 4854 Ad
1024 4792 1275 4854 monasterium
1294 4787 1551 4849 ascenaentem
1570 4787 1708 4848 Hitdcs-

1070 4894 1179 4950 wisan.
1193 4887 1411 4948 Hatherstad.
1424 4887 1590 4946 dioecesfs.

1232 4999 1331 5057 timaii
1348 4999 1426 5056 frit.

1007 5097 1117 5163 [hauet
1131 5096 1331 5162 diplomattsche
1341 5095 1462 5158 mitrata,
1476 5095 1496 5153 1,
1509 5093 1548 5153 aa,
1561 5107 1588 5144 n.
1604 5093 1654 5157 to]

933 5198 1138 5258 llouasterium
1162 5195 1356 5254 llildeslenen.
1384 5192 1445 5250 ord.
1476 5193 1504 5250 S.
1532 5191 1638 5250 Bened.
1662 5205 1729 5248 cum

968 5284 1101 5343 omnibus
1115 5284 1198 5341 bouis
1212 5282 1348 5340 tuendum
1363 5280 1490 5351 suscipit,
1506 5279 1668 5351 specialiter
1682 5293 1730 5335 au·

969 5381 1026 5432 tem
1039 5373 1074 5430 ab
1085 5373 1228 5445 episcopis
1243 5366 1538 5435 halberstadenslbus,
1552 5374 1581 5424 et
1596 5367 1730 5424 acomite

969 5460 1178 5520 llildeslcneusi
1201 5459 1399 5532 possessiones
1425 5469 1590 5526 concessus,
1615 5469 1649 5512 ac
1673 5454 1727 5512 alia

969 5552 1044 5609 bone
1059 5551 1218 5609 coufirmat.

975 5659 1141 5722 Honorius
1151 5660 1338 5736 episcopus,
1351 5671 1469 5717 servus
1479 5667 1649 5715 servorum
1657 5650 1726 5722 Dei,
