4066 6290
89 377 147 440 829
714 371 942 438 EPISTOLAE.
964 373 1044 436 ute.
1067 371 1107 435 V.
1669 377 1731 440 830

91 532 257 597 innostra
279 533 452 612 proposuit
472 531 652 610 praesentia
671 533 881 608 constitutus,
938 533 1043 613 parte,
1060 529 1147 616 quod
1160 531 1228 612 ipsi
1238 529 1343 597 nobili
1354 545 1416 612 per
1426 545 1489 596 uos
1498 547 1566 601 nou
1577 532 1734 608 videatur

91 629 175 714 quod
191 629 329 708 ipsese
344 629 444 692 clarae
458 631 627 694 memoriae
640 630 831 692 Willolmus
843 631 884 692 de
939 647 1069 706 aurum,
1093 628 1277 712 [tributum]
1300 631 1379 710 quia
1395 629 1430 693 id
1452 631 1539 696 sicut
1561 631 1732 708 indecens,

91 727 226 799 Banoio,
236 727 392 806 princeps
401 727 571 790 aurasicae
588 725 692 792 irater
706 727 791 808 ejus,
808 725 886 790 tldei
939 730 973 792 ei
990 729 1175 808 indignum,
1199 729 1248 792 ita
1270 728 1367 792 nohis
1389 744 1493 806 grave
1514 729 1684 806 existeret,
1701 733 1735 797 et

90 825 172 894 zelo,
198 824 232 886 et
255 821 363 886 teliets
388 824 557 887 memoriae
581 825 767 888 innocentii
785 827 885 902 Papae
940 827 1126 892 molestum.
1143 826 1262 890 Datum
1276 827 1445 900 Laterani,
1459 829 1504 890 lv
1516 829 1732 907 nonasiunii,

90 920 349 1000 predecessoris
363 920 472 985 nostri
491 920 645 998 precihus
665 922 700 985 et
713 921 886 1000 promissis
940 925 1151 1002 pontificatus
1165 924 1271 988 nostri
1284 940 1373 988 anno
1386 925 1513 1004 quinto.

90 1019 230 1092 inducti,
251 1019 376 1082 bollum
396 1020 511 1083 contra
525 1019 758 1096 Raymundum
780 1033 888 1097 quon-

83 1117 164 1179 ·dam
182 1116 336 1179 comitem
351 1116 552 1178 Tolosanum
570 1118 691 1194 atejus
707 1116 886 1195 complices
1251 1154 1431 1246 GCGCIX

83 1216 319 1292 susceperunt,
342 1214 429 1276 unde
450 1213 571 1292 praeter
590 1213 788 1277 amissiones
803 1228 888 1292 quo-

36 1325 42 1338 ·
87 1311 242 1376 rumdam
268 1311 465 1384 castrorum,
495 1314 530 1375 et
560 1311 737 1374 innumera
766 1311 887 1374 damna
1014 1309 1278 1386 Ainesippeia
1296 1324 1415 1388 repom
1432 1315 1662 1374 Francorum.

91 1424 311 1491 personarum
330 1410 364 1471 et
377 1424 500 1482 rerum,
521 1425 595 1487 qum
614 1408 748 1472 suerunt
766 1408 830 1470 hac
846 1407 887 1469 de
958 1438 1095 1505 [powg
1109 1441 1168 1494 aaa.
1179 1440 1224 1491 d„
1236 1440 1312 1500 pm,
1324 1447 1346 1492 ι,
1359 1441 1427 1500 m,
1440 1441 1537 1507 μω
1550 1443 1741 1503 02„„1,„,‚,‚

87 1521 194 1568 causa
210 1507 370 1584 perpessi,
387 1505 544 1584 praelatus
564 1506 720 1586 princeps
740 1506 781 1570 ah
796 1510 888 1570 Ave·
1174 1521 1268 1574 Rerum
1279 1522 1380 1580 rane,
1393 1523 1425 1581 v,
1437 1522 1505 1588 eta]

85 1602 311 1665 nionensibus
332 1603 484 1665 inaudita
505 1603 567 1666 luit
585 1603 781 1667 crudelitate
807 1619 888 1683 per·
942 1627 1037 1688 mm„
1062 1625 1181 1688 sepeige,
1204 1627 1374 1702 pmoedenoe
1399 1627 1551 1700 Ludwig,
1576 1629 1655 1703 „gp
1677 1627 1740 1700 fflp⁹

91 1702 235 1780 emptus·
255 1703 362 1773 Quare
385 1700 474 1762 idem
493 1702 588 1778 nugo
611 1717 671 1779 pro
695 1717 731 1762 se
751 1701 835 1779 ipso,
855 1703 889 1763 et
979 1715 1117 1776 atvertus
1137 1718 1295 1776 rotomum
1318 1717 1510 1791 expetitione,
1534 1727 1619 1792 rogat
1637 1733 1745 1792 regem

89 1815 151 1876 pro
175 1798 364 1860 haeredibus
379 1798 460 1860 dicti
475 1799 648 1878 principis,
663 1799 759 1862 nohis
778 1798 890 1860 humi·
979 1806 1132 1878 Honorius,
1145 1812 1177 1864 ut
1188 1805 1294 1866 bellum
1307 1813 1406 1866 contra
1420 1807 1537 1866 eoadem
1549 1807 1699 1878 instauret,
1711 1810 1745 1866 et

84 1895 173 1958 'liter
196 1896 406 1974 supplicavit,
422 1895 458 1958 ut
480 1911 539 1974 pro
563 1897 704 1958 consilio
727 1896 887 1974 ipsorum,
980 1893 1154 1968 obsequatur
1175 1895 1349 1968 episcopias
1364 1910 1397 1952 se
1413 1894 1555 1972 delegatis
1570 1894 1742 1972 adpopulos

82 1993 205 2055 adhuc
233 1992 348 2056 contra
373 1993 529 2055 inimicos
552 1993 630 2056 lldei
654 1993 766 2056 animo
790 1993 890 2056 inde·
980 1984 1063 2044 novis
1077 1982 1264 2056 indulgentiis
1278 1982 1454 2046 excitandos.

85 2089 183 2154 tesso
197 2091 405 2163 certantium,
416 2091 595 2168 specialem
605 2091 751 2168 legatum
762 2089 803 2152 ad
814 2091 891 2152 illas
985 2109 1065 2173 post
1074 2109 1294 2187 Bouqueppum
1308 2108 1397 2171 hanc
1410 2108 1585 2188 epistolam
1604 2107 1743 2172 pecudi.

86 2190 208 2266 partes
222 2187 400 2264 locationis
415 2189 493 2261 tua,
509 2205 583 2266 uuae
598 2190 676 2252 sunt
696 2189 785 2251 eitra
799 2188 893 2252 Rho·
945 2223 1019 2269 mus
1034 2207 1069 2273 in
1084 2206 1171 2269 ituro
1185 2208 1239 2280 tv,
1256 2207 1345 2270 otae
1362 2207 1451 2285 junii
1466 2209 1564 2284 taso,
1582 2205 1639 2269 set
1652 2207 1744 2285 patet

82 2285 230 2358 danum,
245 2301 321 2348 oum
340 2286 377 2349 tu
396 2285 444 2348 ihi
458 2287 683 2364 personaliter
697 2287 805 2348 eidem
824 2302 890 2348 no·
946 2305 1057 2368 datam
1092 2305 1196 2367 fuisse
1225 2307 1247 2366 2
1267 2304 1358 2382 junii
1385 2306 1483 2378 1221,
1511 2320 1554 2366 01
1584 2304 1744 2368 contextu

85 2381 891 2462 biliadessenonvaleasmitteremus,quifideles
946 2403 1062 2480 prpmae
1093 2401 1242 2479 epistolae
1269 2402 1311 2464 ad
1342 2402 1529 2465 conradum
1562 2401 1649 2465 <121ae
1686 2402 1747 2466 dio,

86 2481 214 2543 contra
234 2479 410 2544 haeretioos
433 2481 467 2547 et
484 2481 718 2544 haereticorum
744 2481 892 2543 lautores
945 2500 966 2562 3
986 2497 1133 2576 ejusdem
1161 2498 1303 2571 mensis,
1329 2498 1364 2560 111
1390 2513 1454 2576 qua
1477 2498 1602 2575 legitur
1625 2515 1668 2560 ις
1691 2496 1742 2561 Ad

83 2578 125 2641 in
155 2577 283 2640 eisdem
309 2579 458 2657 Partibus
487 2579 706 2648 consistentes
731 2578 894 2642 excitaret
947 2596 1073 2672 negotii
1093 2595 1244 2672 jamdicti
1258 2595 1453 2669 subsidium,
1474 2595 1685 2658 carissimum
1705 2594 1743 2658 in

90 2691 156 2754 per
170 2675 406 2752 indulgentias,
419 2677 452 2738 Ol
460 2691 522 2754 1³0r
533 2676 691 2741 ⁰⁰lli³⁰t³³
704 2676 804 2740 tilam
818 2693 894 2738 ⁸11⁵·
948 2693 1079 2758 Christo
1092 2693 1196 2757 illium
1213 2692 1364 2756 nostrum
1383 2694 1444 2756 Ph.
1460 2709 1574 2769 regem
1595 2695 1746 2755 Franco-

85 2773 250 2846 tentaret,
272 2789 340 2836 811ae
360 2773 513 2851 Ρθῦῒὶθῦἱ
535 2773 707 2852 adjiciens,
733 2774 770 2837 ui
793 2791 893 2852 quum
947 2805 1022 2854 rum
1047 2791 1211 2855 illustrem
1235 2791 1269 2854 et
1293 2807 1433 2866 regnum
1459 2793 1533 2868 ejus
1559 2790 1746 2867 satagimus

89 2872 188 2946 terra
209 2874 281 2949 ejus
311 2886 371 2950 per
390 2886 546 2948 guerram
579 2871 791 2935 inimicorum
816 2871 893 2933 fidei
949 2888 1106 2954 exciere.
1122 2887 1243 2969 ,(v1d‚
1260 2885 1587 2968 11ujugt„001‚444‚)

82 2967 289 3030 christianae
311 2966 490 3045 plurimum
514 2968 557 3031 sit
581 2969 758 3038 exhausta.
783 2969 825 3032 de
842 2968 895 3048 pi-

91 3064 258 3144 gnoribus
282 3065 466 3128 Massilien.
489 3065 624 3130 nornine
645 3067 702 3129 tuo
722 3065 814 3130 ah...
835 3082 895 3129 ar-

87 3163 310 3240 chiepiscopo
331 3163 519 3226 Arelatensi
538 3165 694 3241 receptis,
708 3180 793 3242 quae,
810 3164 896 3226 siout
1266 3119 1425 3210 CCCCX

84 3261 232 3342 dicitur,
266 3276 429 3322 summam
456 3261 596 3324 duorum
630 3262 772 3324 millium
805 3276 898 3325 mar·
983 3273 1204 3339 ,paconium
1217 3271 1251 3336 et
1262 3277 1428 3348 poputum
1443 3273 1710 3338 ramesienses.
1746 3319 1751 3332 ,

92 3359 238 3422 charum
248 3358 426 3438 attingunt,
439 3359 492 3422 vel
505 3359 545 3422 ds
556 3359 706 3422 collectis
720 3359 826 3434 tactis,
837 3375 897 3437 pe·
1246 3401 1263 3462 3
1275 3402 1348 3476 junii
1364 3403 1443 3462 ml·

84 3455 287 3518 -ouniarium
313 3456 378 3519 sibi
411 3457 559 3520 conferri
588 3457 775 3520 subsidium
805 3457 897 3520 iace-
1111 3519 1117 3530 ,
1237 3517 1242 3532 ,
1682 3515 1688 3528 .

91 3568 221 3616 remus.
238 3553 332 3620 Licet
351 3553 455 3630 igitur
468 3554 613 3632 legatum
632 3555 674 3616 ad
696 3555 807 3632 partos
819 3554 897 3617 illas
967 3517 1145 3584 [³⁰⁸⁰“'’¹¹¹¹’
1157 3519 1190 3578 γ’
1203 3523 1278 3584 ‘pm'
1291 3517 1346 3569 ⁶⁸⁰·
1364 3517 1423 3569 ⁸¹⁸⁸·
1435 3519 1473 3570 ¹⁴⁸
1484 3517 1561 3569 Μ
1578 3517 1613 3568 ‘¹¹¹
1627 3515 1723 3582 fflss']

87 3667 166 3714 2101,
194 3651 387 3715 duxerimus
408 3652 651 3726 destinandum,
674 3653 824 3716 polentes
844 3652 899 3716 ω.
951 3635 1034 3696 iubet
1043 3643 1075 3694 ut
1086 3635 1181 3709 legato
1192 3642 1321 3708 pareant,
1334 3634 1462 3708 alioquin
1471 3635 1596 3692 minatur
1606 3649 1637 3692 e
1647 3647 1747 3692 eorum

88 3765 176 3812 men
194 3749 354 3828 quantum
375 3748 470 3814 decep
492 3765 641 3812 annuere
660 3749 815 3830 precibu„
835 3764 899 3812 no,
1015 3724 1161 3782 civitatem
1175 3724 1331 3820 episcopali
1345 3723 1487 3798 dignitate
1501 3725 1689 3797 privaturum.
1746 3736 1751 3744 ·

89 3847 178 3910 hilis
198 3848 374 3912 memorati
393 3863 493 3926 quum
513 3847 546 3910 et
566 3847 698 3913 devotio
722 3849 795 3924 ejus
817 3861 897 3927 erga
991 3847 1169 3922 Honorius,
1186 3849 1262 3922 etc,
1282 3847 1476 3910 consulibus
1491 3849 1524 3910 et
1537 3845 1659 3925 populo
1673 3847 1747 3910 Ne-

95 3949 286 4011 Romanam
305 3945 498 4016 Ecclesiam,
524 3945 558 4009 et
577 3944 709 4018 damna,
733 3961 806 4024 quae
826 3946 898 4007 tum
952 3963 1101 4010 mausen.
1115 3945 1269 4024 spiritum
1283 3946 1416 4008 consilii
1432 3943 1587 4008 sanioris.

93 4045 133 4106 in
149 4043 240 4116 aliis,
256 4042 327 4106 tum
341 4041 487 4106 maxime
500 4042 537 4104 in
552 4042 732 4104 amissione
746 4042 898 4125 praedicti
992 4045 1230 4122 Exspectantes
1253 4043 1535 4121 exspectavimus,
1561 4041 1599 4106 ut
1622 4057 1749 4104 censu-

60 4221 62 4226 ·
94 4139 218 4204 fratris
241 4139 294 4202 sui
317 4155 378 4217 pro
403 4137 481 4202 tidei
504 4139 700 4204 defensione
728 4139 896 4218 sustinuit,
953 4158 1025 4206 rarn
1054 4142 1312 4205 canonicando
1338 4142 1450 4204 vestra
1478 4140 1586 4204 salute
1606 4140 1750 4203 sollicite

92 4237 199 4302 nohis
218 4236 297 4309 sint,
311 4238 345 4300 et
365 4235 533 4301 evidentia
551 4237 642 4312 iacti,
663 4239 697 4302 et
719 4237 899 4300 multorum
953 4240 1180 4313 formidantes,
1189 4239 1323 4302 andem
1339 4238 1519 4317 aliquando
1533 4237 1575 4302 ad
1588 4238 1750 4300 unitatem

93 4333 293 4402 testimonio
317 4333 507 4408 manifesta,
529 4335 732 4400 fraternitati
750 4338 816 4398 tuae
840 4351 901 4414 por
954 4337 1215 4401 ecclesiasticam
1231 4337 1398 4408 rediretis,
1415 4334 1542 4398 acideo
1557 4335 1637 4398 licet
1654 4333 1749 4396 vobis

96 4433 295 4512 Apostolioa
309 4433 444 4510 scripta,
460 4434 669 4507 mandamus,
682 4436 846 4512 quatenus
859 4433 899 4496 de
954 4435 1115 4498 fuerimus
1137 4435 1340 4507 comminati,
1367 4434 1453 4512 quod
1481 4432 1649 4495 civitatem
1670 4446 1751 4495 ves·

98 4530 250 4612 pecunia
274 4545 299 4592 a
319 4529 469 4606 praetatis
492 4531 758 4594 Massiliensibus
782 4532 900 4594 ansol-
954 4533 1041 4596 tram
1058 4533 1266 4611 privaremus
1281 4530 1480 4609 episcopalis
1501 4529 1671 4607 dignitatis
1687 4529 1751 4591 ho-

97 4627 225 4700 venda,
249 4627 446 4706 quingentas
472 4629 627 4693 marchas
660 4629 767 4692 eidem
796 4628 901 4691 nobili
956 4646 1048 4705 nore,
1064 4630 1235 4692 dioecesim
1251 4630 1397 4692 vestram
1417 4643 1478 4706 per
1497 4627 1750 4690 circumstantes

99 4725 221 4788 nostro
234 4724 369 4788 nomine
382 4725 487 4790 iacias
499 4725 682 4803 assignari3
700 4727 741 4789 de
753 4726 901 4790 collectis
956 4729 1129 4807 episcopos
1144 4727 1297 4800 divisuri,
1312 4726 1474 4789 hactenus
1488 4727 1601 4788 minen
1615 4739 1754 4803 suspen.

101 4839 188 4888 vero
213 4823 299 4886 citra
324 4823 522 4888 Rhodanum
551 4823 592 4886 de
614 4825 672 4888 tuo
700 4825 843 4888 oonsilio
866 4827 902 4886 in
956 4827 1064 4888 dimus
1085 4825 1208 4888 nostrae
1231 4824 1500 4888 comminationis
1519 4824 1687 4895 effectum,
1707 4837 1751 4884 ne

99 4919 903 5003 posterumiaciendisimpendassexcentasmar·
956 4925 1097 5003 possetis
1121 4923 1281 5002 conqueri
1306 4921 1394 5001 qnod
1416 4922 1458 4986 ad
1481 4937 1613 5000 poenam
1633 4920 1755 4997 hujus<

98 5021 188 5087 chae
198 5017 361 5090 eidemut
372 5018 479 5082 iactus
490 5020 530 5082 de
543 5020 661 5084 devoto
673 5021 835 5092 devotior,
846 5037 904 5101 pu·
958 5023 1046 5086 modi
1076 5021 1298 5101 promptiores
1329 5018 1439 5083 debito
1467 5019 1666 5094 tuissemns3
1694 5013 1755 5082 sed

98 5131 210 5196 gnare
235 5115 317 5180 velit
348 5116 381 5179 et
412 5117 524 5180 valeat
561 5120 676 5184 contra
711 5119 903 5182 christianae
957 5137 1017 5186 vos
1042 5119 1214 5184 abutentes
1247 5118 1372 5181 nostrae
1400 5114 1666 5194 longanimitatis
1691 5128 1754 5191 pa-

103 5214 185 5278 iidei
202 5229 429 5292 perversores,
446 5216 480 5280 ct
499 5216 558 5278 alii
579 5217 734 5296 exemplo
755 5217 903 5298 ejusdem
956 5219 1086 5292 tientia,
1102 5219 1136 5280 si
1148 5216 1413 5280 thesaurizantes
1437 5212 1532 5277 vohis
1548 5211 1755 5289 indignatio·

103 5311 230 5376 nobilis
265 5312 437 5389 provocati
471 5314 697 5378 accendantur
726 5315 769 5378 ad
799 5315 903 5377 devo·
957 5333 1034 5380 nem
1045 5317 1078 5379 et
1087 5316 1184 5390 iram,
1197 5331 1305 5394 neque
1316 5313 1440 5376 molliri
1450 5310 1634 5385 blanditiis,
1647 5324 1755 5388 neque

103 5411 232 5474 tionem
245 5409 402 5472 Ecclesia
415 5411 448 5474 et
460 5410 686 5477 defensionem
699 5413 775 5474 fidei
788 5412 905 5475 ortho-
959 5415 1058 5477 minis
1071 5415 1130 5478 aut
1143 5413 1286 5492 flagellis
1303 5411 1427 5488 corrigi
1442 5410 1604 5472 hactenus
1625 5407 1756 5485 potuis-

105 5510 216 5576 doxae.
233 5507 318 5580 Quia
332 5523 425 5581 vero,
441 5511 556 5574 nostra
570 5510 725 5574 voluntas
739 5511 791 5573 est
803 5514 841 5575 ut
854 5511 905 5574 ei·
958 5513 1016 5576 tis.
1042 5513 1135 5576 Licet
1157 5513 1261 5590 igitur
1281 5509 1473 5588 Apostolica
1497 5505 1755 5570 commonitione

105 5607 184 5670 dam
195 5603 302 5668 nobili
314 5621 374 5684 per
383 5607 416 5668 te
426 5607 560 5672 omnino
572 5607 630 5672 liat
644 5608 819 5672 subventio
833 5625 905 5672 me-
959 5609 1172 5673 reddideritis
1197 5625 1258 5672 vos
1276 5608 1445 5684 indignos,
1472 5620 1533 5669 nos
1558 5605 1756 5666 tamennon

106 5705 254 5780 moraia3
263 5703 430 5776 volumus,
442 5706 478 5766 ut
493 5705 606 5770 taliter
617 5707 648 5768 te
659 5706 783 5770 habeas
796 5707 831 5770 in
842 5707 905 5770 hac
960 5705 1037 5788 quid
1048 5708 1160 5772 vestra
1171 5709 1339 5772 mereatur
1349 5704 1485 5777 duritia,
1499 5701 1557 5766 setl
1569 5699 1647 5780 quid
1662 5714 1757 5780 apos·
