3952 6350
6 403 7 406 ‘
68 437 114 496 ru

68 595 195 656 dextera¹
212 589 411 653 venerabilis
429 588 532 652 irater
544 591 696 652 nosten..
710 588 841 668 episco-

68 685 840 770 pusostiensis,quidexteradivinatanquamoe·

67 791 133 850 drus
146 786 254 848 Libani
267 785 434 864 plantatus
449 787 484 845 in
496 785 653 846 Ecclesiae
667 785 837 861 paradis03

68 885 222 948 altitudine
238 883 525 961 contemplationis
543 883 664 956 rectus,
680 883 840 943 virtutum

67 983 153 1045 odore
171 983 291 1053 suavia,
308 981 405 1042 lamae
420 981 615 1042 sinceritate
625 979 759 1057 penitus
777 979 841 1040 im-

67 1080 226 1158 putribilis,
251 1095 318 1140 non
347 1079 453 1140 solum
489 1094 550 1139 sua
576 1077 771 1139 tortitudine
798 1075 840 1137 ad

68 1175 322 1238 sustentationem
333 1173 449 1235 domus
460 1173 591 1235 Demini
605 1174 774 1250 operatur,
789 1185 842 1234 ve·

68 1289 128 1334 rum
140 1273 234 1332 etiam
249 1271 435 1332 honestatis
452 1271 595 1333 candore
610 1269 715 1347 ipsius
730 1283 841 1346 super-

70 1370 160 1432 dciem
182 1369 410 1430 convenustet.
438 1368 501 1430 Sed
525 1367 603 1430 licet
623 1369 728 1444 ipsius
754 1381 842 1443 prae-

66 1467 158 1530 sentia
170 1482 247 1527 cara
261 1481 328 1528 non
341 1466 439 1529 valde
453 1480 604 1527 caremus
619 1465 727 1536 inviti,
741 1463 778 1524 nt
788 1479 843 1524 ou-

65 1567 110 1640 jus
125 1563 245 1625 auxilio
257 1564 289 1625 et
298 1563 438 1624 consilio
450 1561 629 1640 plurimum
641 1561 839 1637 indigemus,

68 1677 102 1722 ne
114 1661 215 1722 tamen
231 1661 354 1722 Christi
377 1659 546 1734 negotium
563 1657 686 1720 nostris
703 1659 840 1735 postpo-

67 1773 134 1818 nere
169 1759 347 1819 commodis
379 1759 579 1828 videremur,
608 1771 682 1816 eum
709 1756 750 1816 ad
779 1755 842 1816 hoo

67 1855 254 1930 providimus
280 1854 516 1932 deputandum,
536 1855 572 1914 ut
585 1852 726 1928 fungens
745 1850 843 1928 plene

67 1952 225 2028 legationis
253 1952 363 2014 officio
395 1967 456 2028 pro
480 1951 611 2012 Christo
637 1947 843 2024 evangelizet

67 2050 179 2126 populis
189 2049 326 2112 verbum
335 2049 457 2120 crucis,
468 2049 502 2110 et
513 2044 598 2110 alios
609 2050 700 2110 recte
714 2061 841 2122 regere,

67 2161 99 2206 ac
109 2147 264 2209 indirecta
280 2146 425 2222 dirigere
439 2149 608 2220 satagere,
624 2159 742 2222 aspera
762 2159 844 2206 con-

67 2243 160 2305 vertat
181 2245 216 2304 in
234 2245 348 2321 plana,
365 2242 562 2320 extirpando
583 2242 666 2304 vitia
689 2242 722 2304 et
742 2240 842 2319 plan-

68 2341 153 2402 tando
179 2342 330 2413 virtutae,
352 2339 481 2401 firmam
510 2355 602 2416 spem
624 2338 843 2416 fiduciamque

67 2439 211 2510 tenentes,
240 2437 328 2515 quod
356 2439 527 2509 Dominus,
556 2438 613 2514 qui
636 2435 668 2497 ei
695 2435 844 2511 linguam

68 2534 375 2604 contuliteruditam,
389 2535 474 2595 dans
484 2534 558 2597 voci
569 2537 640 2610 ejus
655 2547 770 2595 vocem
780 2531 845 2593 vir·

67 2633 134 2692 tutis
156 2649 222 2694 suae
242 2634 279 2694 in
305 2631 514 2710 beneplacito
539 2647 600 2693 suo
624 2629 746 2706 diriget
772 2629 845 2691 vias

67 2730 137 2804 ejus,
160 2730 265 2807 ipsius
293 2729 461 2792 ioecnudia
485 2731 614 2792 mentes
639 2728 844 2789 audientium

69 2824 284 2889 fecundando.
309 2829 472 2888 Caeterum
495 2827 558 2888 etsi
583 2828 655 2903 ejus
680 2821 843 2901 exemplo,

67 2926 148 2999 cujus
161 2925 320 2986 immeriti
334 2925 441 2986 vicem
458 2924 605 3000 gerimus
618 2923 704 2999 quod
725 2921 783 2982 uni
804 2935 847 2982 ex

68 3020 198 3082 minimis
217 3022 344 3084 nostris
362 3023 408 3093 dt,
428 3021 523 3082 nohis
547 3020 621 3081 lieri
641 3021 844 3096 reputemus,

67 3118 255 3192 quietamen
278 3120 366 3181 sicut
389 3119 486 3180 stella
515 3117 626 3180 differt
649 3115 787 3179 astella
811 3115 846 3177 in

67 3215 212 3288 claritate,
229 3219 278 3278 ita
292 3217 380 3278 inter
392 3233 449 3278 eos
462 3220 513 3279 est
533 3217 689 3278 discretio
710 3215 848 3276 merito·

68 3326 130 3372 rum
146 3335 152 3372 :
167 3331 227 3375 nos
242 3315 414 3390 cupientes
436 3313 630 3390 praedictum
654 3311 847 3388 episcopum

67 3423 99 3469 eo
111 3413 302 3487 propensius
315 3411 485 3482 honorari,
501 3427 566 3488 quo
581 3427 641 3487 per
654 3425 729 3472 eum
746 3409 847 3470 Sedes

67 3509 240 3582 apostolica
265 3509 439 3569 sublimius
461 3509 656 3581 honoratur,
677 3506 849 3569 universi·

66 3603 155 3665 tatem
169 3609 314 3668 vestram
329 3621 498 3682 rogamus
515 3621 688 3667 monemus
709 3606 743 3668 et
762 3605 846 3666 hor-

67 3702 164 3764 tamur
188 3706 338 3776 attente„
356 3720 396 3766 ac
422 3717 481 3780 per
506 3704 696 3780 apostolica
724 3704 848 3779 scripta

67 3799 149 3860 vobis
160 3802 299 3864 tirmiter
311 3802 534 3879 praecipiendo
549 3801 850 3878 mandemusque-

67 3895 152 3956 tenus
172 3898 323 3958 eumdem
346 3896 501 3972 legatum,
518 3897 572 3958 vel
594 3897 704 3973 potius
728 3912 789 3957 nos
812 3896 849 3956 in

68 3990 140 4066 ipso,
149 3995 346 4070 recipientes
355 3993 509 4055 hilariter
519 3995 677 4056 etdevote
686 4009 725 4054 ac
738 3993 849 4054 dehita

68 4085 231 4152 devotione
254 4091 452 4163 tractantes,
477 4090 584 4152 eidem
599 4089 635 4151 in
650 4090 803 4151 omnibus
817 4089 851 4150 et

68 4199 120 4259 per
133 4190 242 4250 omnia
258 4188 418 4250 studentis
437 4188 619 4250 efficaciter
642 4187 786 4259 obedire,
803 4185 849 4249 ita

67 4285 238 4356 quodsum
262 4287 442 4362 propitium
466 4286 499 4346 et
523 4301 584 4346 nos
606 4285 701 4346 vobis
728 4285 849 4346 exinde

68 4378 203 4443 reddatis
223 4381 427 4450 favorabiles
450 4383 484 4443 et
501 4380 661 4456 benignos
678 4403 686 4441 ε
701 4381 850 4459 alioquin

69 4478 265 4551 sententiam,
284 4489 382 4554 quam
396 4479 484 4540 idem
503 4479 619 4540 tulerit
637 4479 674 4538 in
695 4478 847 4550 rebelles

70 4574 165 4636 ratam
188 4577 372 4638 ethrinam
396 4575 602 4646 habebimus,
624 4577 657 4637 et
677 4575 848 4649 iaciemus,

69 4674 193 4735 auctore
220 4674 371 4745 Domino,
401 4672 641 4734 hiviolahiliter
666 4671 847 4734 observari.

69 4765 175 4830 batum
187 4770 356 4841 Laterani,
370 4772 401 4830 il
412 4769 489 4830 idus
502 4769 625 4841 martii,
640 4769 850 4845 pontificatus

68 4865 162 4928 nostri
178 4883 266 4929 anno
282 4867 407 4944 qllinto.

359 5053 547 5141 ccxciii

134 5197 184 5254 Ad
204 5197 499 5271 archiepiscopum
522 5199 774 5260 Datattocnscm.

344 5318 378 5376 lt
390 5325 473 5376 mart.
492 5319 570 5378 lati.

108 5427 234 5492 [Theiner,
249 5433 341 5484 Vetera
349 5434 463 5484 bionum.
474 5433 579 5484 Hibera.
592 5441 619 5485 et
630 5435 706 5494 Scot,
720 5450 746 5500 p.
760 5436 812 5516 l8.]

670 429 897 490 EPISTOLAE.
921 429 998 487 LlB.
1022 429 1060 488 V.
1158 470 1178 524 Ι,
1303 516 1309 527 ·

1626 434 1687 493 ἰ’-12

893 585 1683 665 venerabilitratri...archiepiscoponublmen„

893 685 1078 747 salutemet
1089 683 1306 764 apostolicam
1318 685 1593 749 benedictionem.

933 785 1012 856 Quae
1041 797 1101 861 pro
1125 781 1342 844 ecclesiarum
1366 783 1487 846 decore
1515 799 1554 846 ac
1582 784 1687 848 divini

894 878 1037 940 nominis
1053 878 1144 942 cultu
1161 880 1298 956 provide
1315 881 1524 954 ordinantur,
1545 885 1688 959 Aposto-

893 977 959 1038 lico
974 977 1068 1039 decet
1083 977 1266 1038 munimine
1280 977 1444 1050 roborari,
1459 979 1495 1041 ut
1505 981 1685 1041 inconcus-

894 1090 965 1136 sam
993 1075 1166 1137 obtineant
1190 1074 1390 1136 firmitatem.
1418 1077 1499 1136 Cum
1525 1077 1629 1152 igitur
1652 1077 1686 1138 in

895 1173 1036 1233 ecclesia
1051 1173 1109 1234 tua
1122 1173 1330 1244 decanatum,
1340 1173 1604 1249 praecentoriam,
1619 1175 1688 1236 the-

895 1268 1093 1339 saurariam,
1109 1268 1343 1332 cancellariam
1354 1269 1387 1332 et
1397 1269 1480 1330 alios
1491 1274 1688 1346 personatus

895 1366 1031 1444 proviae
1047 1365 1224 1438 ordinaris,
1241 1365 1340 1426 cents
1355 1366 1537 1428 redditibus
1553 1353 1617 1440 un,
1632 1369 1689 1444 qur

895 1462 1104 1525 sustinebunt
1116 1477 1200 1524 onus
1215 1461 1400 1523 ciliciorum
1415 1464 1614 1542 hujusmodi,
1630 1465 1690 1525 de-

895 1559 1018 1638 putatis
1032 1581 1040 1620 ε
1057 1575 1118 1621 nos
1132 1551 1198 1621 tuis
1211 1559 1364 1636 precibus
1375 1559 1539 1633 inclinati,
1553 1561 1691 1622 ordina-

895 1657 1019 1720 tionem
1034 1658 1153 1733 ipsam,
1165 1657 1251 1718 sicut
1264 1657 1318 1733 pie
1329 1658 1513 1733 acprovide
1527 1659 1614 1719 iacta
1626 1661 1688 1731 est,

896 1754 1092 1816 auctoritate
1106 1753 1296 1832 apostolica
1311 1753 1556 1827 confirmamus,
1567 1759 1599 1816 et
1609 1772 1690 1832 prae-

894 1851 1000 1914 sentis
1012 1852 1127 1930 scripti
1140 1851 1326 1927 patrocinio
1334 1852 1586 1914 communimus.
1598 1853 1692 1914 Nulli

896 1965 987 2025 ergo,
1012 1950 1087 2021 eta,
1116 1948 1239 2010 nostrae
1275 1948 1538 2010 confirmationis
1563 1950 1689 2026 inirin-

895 2061 987 2124 gere,
1000 2047 1063 2108 etc.
1088 2045 1124 2106 Si
1141 2044 1215 2124 quis
1229 2045 1351 2116 autem,
1372 2046 1434 2106 etc.
1459 2046 1577 2107 Datum
1592 2048 1692 2108 Late-

896 2144 981 2214 rani,
993 2145 1023 2206 ii
1032 2142 1111 2220 idus
1122 2141 1247 2215 martii,
1256 2142 1469 2220 pontificatus
1482 2133 1588 2206 nostri
1603 2159 1691 2207 anno

897 2239 1024 2318 quina,
1072 2307 1074 2312 ,

1205 2419 1389 2508 dcxciv

900 2587 904 2594 ·
949 2563 1002 2622 nd
1017 2563 1313 2636 archieptroopum
1327 2563 1646 2640 itotbomapensem.

1184 2683 1218 2741 lt
1231 2691 1315 2740 mart.
1332 2683 1410 2742 ital.

931 2797 1052 2862 [Regest.,
1065 2797 1113 2848 iih.
1124 2797 1157 2857 V,
1168 2797 1241 2862 epist.
1255 2797 1310 2848 430.
1321 2798 1378 2850 llss.
1391 2799 1427 2848 La
1438 2799 1512 2850 Porta
1522 2799 1556 2850 du
1567 2799 1663 2866 Theti]

942 2911 1350 2986 praeposuissemus
1365 2913 1500 2972 clericum
1514 2889 1657 2974 beneficio
1691 2977 1693 2984 ,
1732 2915 1733 2919 ’

1125 3000 1298 3075 prebendati
1313 3001 1472 3076 provideat.

941 3119 1698 3200 Honorius,eto.,venerabiliiratriarchiepis·
1809 3167 1812 3176 .

901 3233 984 3295 copo
998 3217 1238 3293 Rothomagen.

940 3316 980 3378 nt
999 3315 1028 3378 si
1047 3329 1090 3376 ex
1108 3315 1271 3391 susceptae
1292 3315 1463 3378 servitutis
1489 3315 1600 3378 officio
1617 3317 1697 3380 lacti

902 3413 1006 3474 simus
1028 3412 1180 3478 omnibus
1202 3411 1378 3484 debitores
1395 3413 1563 3476 universis
1584 3415 1698 3478 tamen

903 3511 1030 3576 amlitiae
1041 3510 1190 3574 clericali
1205 3509 1382 3585 adscriptis
1394 3525 1454 3574 nos
1471 3510 1613 3574 latemur
1627 3529 1699 3590 spe·

903 3609 1034 3670 cialiter
1055 3607 1228 3683 obligatos,
1260 3608 1293 3669 et
1317 3608 1385 3668 illis
1412 3611 1608 3684 praesertim,
1640 3610 1698 3687 qui

902 3707 1075 3768 honestate
1099 3721 1138 3766 ao
1160 3705 1301 3765 scientia
1324 3705 1467 3781 praediti,
1498 3707 1649 3768 ecclesiis
1677 3723 1698 3769 a

903 3801 1699 3881 quihusbeneficiaobtinuerint,possuntutiliter
1755 3827 1757 3832 ’

903 3901 1082 3962 deservire.
1101 3903 1206 3970 Quina
1224 3899 1330 3974 igitur
1341 3899 1482 3960 dilectus
1498 3900 1588 3962 iilius
1603 3903 1642 3964 R.
1656 3902 1698 3963 de

903 4001 1019 4059 Launa
1048 3995 1203 4068 clericus,
1229 3996 1316 4058 sicut
1343 3997 1474 4069 asserit,
1503 3998 1626 4060 dudum
1655 3999 1696 4060 ad

904 4093 1696 4157 servitiumtuumatevooatusaccedenscum...

904 4187 1041 4251 officiali
1066 4187 1135 4258 tuo,
1156 4188 1252 4264 cujus
1278 4185 1368 4248 vices
1395 4188 1589 4265 pierumque
1613 4205 1696 4266 sup-

904 4286 1015 4364 plebat
1028 4285 1064 4345 in
1079 4284 1189 4346 obicio
1204 4284 1396 4357 assessoris,
1411 4287 1444 4346 et
1456 4285 1541 4346 alias
1556 4285 1617 4347 tibi
1630 4301 1699 4348 ser·

904 4383 1003 4446 vierit
1027 4381 1200 4443 humiliter
1229 4383 1262 4442 et
1287 4381 1430 4454 devote;
1459 4383 1560 4458 tuque
1588 4383 1697 4459 ipsum

904 4480 1112 4559 postmodum
1126 4480 1162 4540 in
1174 4478 1416 4540 subdiaconum
1437 4479 1596 4540 ordinans
1611 4481 1697 4557 quod

902 4577 1097 4656 provideres
1118 4577 1226 4638 eidem
1246 4575 1312 4636 sibi
1334 4591 1426 4653 spem
1448 4575 1579 4638 dederis
1603 4579 1699 4654 quasi

902 4677 1041 4746 certam,
1057 4675 1158 4750 idque
1173 4673 1252 4736 licet
1272 4674 1421 4750 potueris
1437 4674 1582 4734 nondum
1598 4675 1701 4738 effen·

903 4774 953 4835 tui
968 4769 1164 4847 mancipari,
1184 4785 1383 4848 quamquam
1397 4771 1444 4832 ad
1466 4769 1530 4832 boc
1551 4771 1619 4833 iam
1638 4788 1699 4834 ra-

842 4925 845 4932 .
904 4873 995 4932 tione
1010 4868 1242 4940 ordinationis,
1260 4883 1359 4944 uriam
1379 4868 1530 4945 obsequii
1547 4884 1567 4929 a
1589 4885 1625 4930 se
1640 4869 1701 4932 tibi

904 4967 1046 5030 exhibiti
1085 4965 1251 5041 obligatus
1291 4967 1429 5038 existas,
1459 4967 1701 5028 fraternitatem

881 5077 882 5081 ’
903 5069 997 5128 tuam
1020 5065 1205 5140 rogandam
1224 5065 1382 5126 *duximus
1401 5065 1560 5127 attentius
1577 5067 1610 5126 et
1624 5079 1700 5125 mo-

907 5165 1051 5226 nendam
1072 5177 1133 5240 per
1157 5163 1347 5240 Apostollca
1374 5161 1436 5224 tibi
1459 5163 1583 5238 scripta
1607 5177 1703 5222 man·

905 5262 1034 5334 daniae,
1047 5261 1212 5338 quatenus
1227 5261 1268 5320 ad
1284 5259 1456 5322 servitium
1468 5261 1540 5336 eJus
1556 5257 1703 5321 debitum

908 5357 1035 5422 habens
1050 5361 1237 5436 respectum
1251 5357 1317 5434 ipsi
1334 5356 1480 5418 nondum
1500 5355 1633 5433 aliquod
1643 5369 1704 5418 eo·

906 5457 1133 5518 clesiastieum
1158 5455 1356 5517 heneficium
1385 5455 1558 5526 assecuto,
1589 5455 1643 5516 cui
1672 5455 1705 5515 et

71 5532 206 5594 ⁰‘fflss8fi0
220 5538 408 5611 issifflffldiffl
429 5539 601 5613 &enititum
618 5542 647 5598 1ss
662 5557 714 5600 ⁸¹¹³
733 5540 854 5599 ssoeleflifl
908 5555 986 5616 vitae
1003 5554 1169 5626 meritum,
1186 5555 1220 5614 et
1232 5552 1393 5614 talentum
1418 5552 1567 5612 scientiae
1583 5551 1707 5612 suffra-

316 5627 390 5686 iacta
403 5629 598 5687 conllrmatur.

107 5741 461 5824 Honoriusepiscopus,
471 5762 588 5810 servus
601 5763 773 5812 servorum
782 5747 853 5820 Dei,

909 5651 982 5726 gari
1007 5651 1174 5722 dicuntur,
1195 5648 1236 5712 ob
1262 5647 1486 5712 reverentiam
1507 5647 1706 5726 apostolicae

912 5748 1007 5810 Sedis
1022 5750 1056 5814 et
1071 5753 1220 5818 nostram
1237 5747 1272 5808 in
1292 5745 1453 5808 beneflcio
1471 5745 1621 5806 ecclesiae
1640 5747 1707 5806 tuae
