3978 6292
60 378 122 438 353
687 373 913 436 EPISTOLAE.
938 375 1016 434 LlB.
1042 376 1095 436 lv.
1653 376 1712 435 354

61 535 199 607 vulnus,
209 535 358 606 livorem,
371 533 737 612 eiplagam'tumentum
751 535 864 595 nonli-
918 531 1116 595 9991999111
1140 533 1174 594 in
1195 532 1341 595 futurum
1361 535 1432 608 jam
1446 531 1571 594 1191199
1590 547 1714 610 expec-

61 635 227 710 gant,nec
241 630 370 704 curant,
386 631 614 710 nequeiorent
629 633 713 704 oleo,
728 631 864 693 relam—
917 633 1033 692 tatum.
1070 631 1232 702 Quocirca
1266 629 1478 692 universitati
1513 633 1632 693 vestrae
1653 647 1713 710 per

60 729 863 808 plastro,propterquodquiacicatrixpopuliuon
917 726 1107 805 Apostolica
1133 728 1256 804 scripta
1285 727 1481 790 mandamus
1504 729 1537 789 91
1565 729 1715 792 districte

61 828 252 900 obducitur,
274 826 445 890 19191991
459 843 524 888 non
539 829 694 888 censetur
709 839 865 888 999999-
918 825 1141 902 91999191999,
1170 827 1334 901 quatenus
1371 825 1575 903 praeteritam
1600 827 1712 902 negli-

62 925 160 986 dicus
175 927 229 988 vel
241 927 365 987 resina.
380 925 524 988 Proinde
542 925 578 986 in
593 925 771 987 consilium
785 923 865 984 sub-
919 923 1064 998 gentiam
1080 938 1166 984 novo
1180 923 1290 985 studio
1310 922 1520 995 redimentes,
1542 940 1601 1001 per
1615 925 1714 987 solli-

62 1021 212 1083 ditorum
226 1022 342 1084 venire
361 1022 474 1083 anima
493 1021 707 1097 praelatorum
726 1021 865 1082 convin·
919 1019 1100 1083 citudinem
1128 1021 1329 1098 geminatam
1356 1022 1405 1082 sic
1433 1021 1563 1099 praelati
1591 1024 1715 1086 statuta

63 1120 166 1190 citur,
189 1118 268 1180 dum
294 1118 394 1180 iidem
427 1119 656 1196 proximorum
678 1117 771 1180 vitiis
799 1134 865 1180 non
920 1117 1060 1180 concilii
1075 1120 1109 1180 et
1122 1119 1378 1195 illapraesertim
1393 1136 1471 1196 qua
1487 1119 1628 1183 salutem
1643 1136 1717 1182 res·

63 1217 243 1288 resistuni;
268 1217 383 1294 sicque
406 1231 524 1277 manus
544 1216 720 1277 mulierum
733 1215 865 1276 miseri-
919 1215 1048 1293 piciuni
1061 1217 1259 1288 animarum,
1278 1215 1433 1293 deinceps
1454 1219 1659 1280 conservetis
1676 1234 1716 1280 ac

63 1313 219 1374 cordium
240 1313 397 1389 parvulos
412 1329 491 1374 suos
514 1314 660 1390 coquunt
680 1335 688 1373 :
710 1313 866 1374 1191199
920 1311 1220 1375 1991911991991119
1236 1313 1377 1376 subditis
1401 1312 1639 1376 inviolabiliter
1656 1313 1716 1376 911-

64 1411 154 1472 1999
190 1410 255 1472 sibi
286 1412 461 1474 commissa
495 1411 668 1488 dissipant,
690 1411 723 1472 et
743 1425 867 1471 99999-
921 1411 1059 1482 servari,
1070 1411 1155 1487 quod
1171 1411 1305 1487 possitis
1317 1411 1438 1473 exinde
1450 1411 1581 1474 laudem
1593 1428 1715 1474 conse-

65 1510 162 1569 munt
175 1529 184 1582 3
200 1508 396 1584 dispergunt
416 1509 600 1570 sanctuarii
615 1507 742 1584 lapides
753 1507 790 1568 in
806 1523 866 1569 oa·
922 1507 1717 1587 9919191999919919919991911;99999991-

62 1606 306 1682 9119999199
333 1605 528 1682 platearum,
555 1604 710 1682 indignos
733 1619 868 1682 promo-
922 1621 1020 1682 quam
1038 1607 1186 1668 vestrum
1205 1621 1336 1682 poenam
1361 1607 1512 1683 oporteat
1526 1606 1715 1681 formidare,

64 1704 156 1774 vent,
203 1703 402 1781 perniciosis
434 1702 600 1780 stipendia
640 1701 867 1764 ecclesiastica
922 1702 963 1764 ad
979 1719 1078 1781 quam
1092 1717 1136 1765 91
1149 1719 1238 1766 9999
1252 1705 1404 1781 99199191
1417 1705 1623 1781 accingimur
1637 1721 1719 1768 con·

64 1801 272 1876 largiuntur,
288 1799 567 1863 insuisecclesiis
582 1799 811 1862 conventicula
827 1798 868 1860 de
920 1800 975 1864 tra
993 1800 1124 1862 1991199
1147 1803 1181 1863 91
1201 1801 1371 1862 19919999.
1398 1801 1582 1877 invigiletis
1608 1804 1719 1866 autem

65 1897 289 1974 sanguinibus
317 1899 567 1974 congregantes.
595 1898 692 1958 Tales
716 1895 867 1974 equidem
922 1897 1120 1974 propensius
1133 1897 1176 1958 ad
1190 1897 1383 1960 haereticam
1397 1901 1594 1975 pravitatem
1609 1916 1718 1964 eves·

65 2011 133 2058 non
156 1995 349 2068 911991991,
368 1996 455 2072 quod
480 1995 555 2057 Heli
581 1995 668 2056 illios
692 2011 771 2057 suos
790 1994 867 2071 pal·
921 1994 1127 2065 1119191199,
1144 1993 1296 2058 91191999
1310 1996 1494 2072 irrepserit,
1510 1998 1639 2073 penitus
1653 2014 1717 2060 ex·

65 2109 162 2170 pans,
174 2093 216 2154 19
224 2092 307 2154 99119
317 2093 498 2154 retrorsum
508 2092 645 2167 cecidit3
656 2093 690 2154 91
699 2093 867 2170 911991999
922 2091 1129 2169 tirpandam:
1146 2091 1224 2169 quia
1240 2093 1343 2168 serpit
1358 2093 1394 2154 91
1408 2109 1539 2166 999991,
1557 2096 1667 2171 999119
1683 2098 1718 2160 91

66 2191 279 2268 999919199,
295 2191 373 2267 quia
396 2205 464 2251 non
492 2189 691 2252 9911191991
709 2189 867 2252 Hebraeos
922 2189 1719 2266 19119991111911991,91911199919999199191199

67 2288 242 2349 initiantes
256 2286 472 2364 Beelphegor,
489 2289 612 2350 91999
624 2287 817 2350 Madianitis
832 2288 867 2348 in
922 2285 1077 2358 detrahit,
1093 2289 1126 2350 91
1139 2287 1271 2350 mulieri
1281 2287 1388 2350 tendit
1402 2288 1554 2362 insidias,
1579 2291 1718 2367 cupiens

66 2401 187 2446 eorum
197 2385 302 2446 oculis
311 2386 478 2456 coeuntes,
486 2387 650 2462 praecepto
659 2385 869 2448 Dominisus·
923 2384 1028 2448 lilium
1041 2400 1138 2462 quem
1154 2385 1298 2462 concipit
1310 2383 1482 2448 devorare.
1501 2388 1607 2450 Ponat
1618 2389 1718 2450 etiam

66 2484 162 2560 pensi
180 2482 306 2543 suntin
330 2481 476 2560 patibulo
493 2483 608 2544 contra
624 2483 732 2544 Salem
759 2504 767 2543 :
790 2482 868 2560 quia
923 2483 1150 2560 unusquisque
1162 2482 1309 2561 gladium
1329 2499 1429 2562 99991
1449 2483 1630 2562 19991991
1650 2503 1720 2548 me·

67 2595 141 2640 cum
159 2579 202 2640 de
224 2579 377 2640 manibus
393 2579 607 2655 praelatorum
629 2579 868 2655 negligentium
923 2579 1014 2644 dium
1032 2581 1218 2643 castrorum
1235 2581 1403 2644 transiens
1418 2582 1459 2644 de
1474 2585 1569 2660 porta
1589 2583 1623 2644 in
1639 2600 1719 2661 por·-

67 2677 208 2752 sanguis
221 2677 412 2754 requiratur
424 2677 633 2753 pereuntium
648 2676 865 2748 subditorum,
922 2679 1001 2750 tam,
1025 2693 1086 2740 nec
1099 2679 1213 2754 991991
1231 2679 1337 2752 fratri,
1356 2681 1508 2756 proximo
1525 2682 1579 2742 vel
1597 2684 1717 2754 amico,

67 2774 145 2834 dum
160 2771 356 2835 fortioribus
371 2775 476 2836 instat
494 2774 612 2836 sortior
626 2774 804 2846 cruciatus,
826 2775 869 2836 911
923 2776 990 2852 991,
1014 2777 1147 2838 statutis
1162 2776 1302 2838 concilii
1322 2777 1504 2854 vilipensis,
1523 2795 1651 2842 morum
1666 2781 1721 2844 vel

70 2871 191 2932 durum
216 2871 380 2948 judicium
401 2872 457 2937 bis
480 2871 535 2950 qui
564 2875 722 2949 praesunt.
747 2873 867 2933 (11999-
923 2873 1000 2935 vitae
1014 2873 1128 2951 aincit
1154 2873 1360 2936 honestatem
1377 2897 1385 2936 :
1402 2874 1454 2937 191
1478 2892 1544 2938 999
1566 2877 1720 2942 91991191

69 2969 174 3030 119199
196 2969 307 3030 autem
323 2969 458 3046 plurimi
478 2970 533 3048 qui
548 2969 720 3046 fregerunt
733 2971 866 3046 Jugum,
923 2971 959 3032 in
972 2972 1122 3043 tonsura,
1138 2970 1286 3034 vestibus
1301 2973 1334 3034 et
1345 2972 1423 3034 aliis
1440 2974 1635 3036 modestiam
1648 2975 1719 3038 cle·-

70 3068 233 3142 ruperunt
254 3066 404 3141 vincula;
430 3065 487 3144 qni
511 3067 612 3129 etiam
634 3067 720 3129 sicut
741 3069 869 3128 stercus
923 3069 1075 3145 ricalem;
1099 3072 1325 3148 praecaventes
1339 3072 1481 3135 sollicite
1496 3089 1538 3137 ne
1556 3071 1719 3137 beneficia

71 3163 170 3224 terrae
181 3165 249 3240 jam
260 3161 522 3242 contemptibiles
536 3166 613 3227 sunt
623 3165 743 3236 effecti,
757 3181 792 3226 99
803 3181 869 3228 9911
924 3166 1103 3230 conteratis
1123 3167 1282 3245 indignis,
1299 3185 1360 3231 nec
1372 3187 1570 3248 quemquam
1582 3173 1719 3250 permit-

71 3261 262 3336 corrigunt3
279 3260 427 3323 subditos
437 3277 503 3324 non
519 3263 693 3339 castigant.
706 3261 866 3339 capitula,
923 3264 1002 3326 tatis
1017 3265 1140 3327 habere
1150 3266 1263 3343 plures
1277 3269 1472 3344 personatus
1482 3269 1536 3330 vel
1548 3269 1720 3346 parochia·

66 3360 167 3434 Juxta
180 3359 319 3420 concilii
334 3361 502 3436 generalis
514 3362 685 3430 statutum,
696 3376 763 3423 non
778 3361 869 3423 cele·
923 3361 972 3424 les
990 3363 1160 3436 ecclesias,
1180 3359 1311 3426 habitas
1328 3366 1404 3442 9991
1420 3367 1603 3428 Concilium
1617 3383 1721 3445 gene-

71 3455 181 3528 brant,
193 3471 236 3517 ne
248 3457 283 3516 in
299 3457 406 3518 lucem
417 3457 580 3534 prodeant
593 3473 694 3535 opera
709 3457 867 3521 tenebra·
924 3460 1006 3532 1919,
1019 3461 1140 3538 quihus
1152 3477 1233 3523 cura
1246 3463 1290 3526 911
1302 3462 1488 3526 99199199
1499 3481 1642 3538 annexa,
1655 3467 1720 3530 nisi

72 3569 145 3613 199
171 3552 205 3614 91
228 3553 393 3616 alumine
417 3557 616 3632 arguantur;
644 3557 778 3636 propter
807 3555 870 3618 199
924 3557 1037 3620 forsan
1051 3575 1152 3636 super
1166 3559 1612 3639 hochabeatindulgentiam
1626 3565 1720 3626 Sedis

71 3650 238 3728 siquidem
266 3651 413 3714 haereses
436 3653 661 3729 invalescuut3
686 3655 765 3732 quia
793 3671 869 3716 cum
923 3657 1121 3732 1999191999
1149 3658 1338 3734 999919199.
1363 3658 1507 3724 abbates
1530 3677 1610 3724 vero
1631 3661 1720 3740 nigri

71 3747 231 3825 perpauci
245 3747 344 3809 hodie
370 3765 485 3811 murus
513 3765 627 3836 aenens
644 3751 698 3813 vel
713 3751 868 3814 columna
924 3753 1052 3814 ordinis
1081 3753 1253 3816 celebrare
1289 3755 1351 3818 hoc
1384 3773 1473 3818 anno
1501 3759 1720 3836 provincialia

71 3845 183 3906 191199
203 3846 270 3908 9191
292 3847 433 3923 praelati,
450 3847 508 3909 111
526 3849 577 3910 991
598 3849 705 3925 quise
725 3853 870 3926 9999991
923 3849 1142 3913 9999119999
1158 3851 1321 3925 99111991,
1342 3856 1441 3930 91991
1455 3855 1608 3917 9111111119
1620 3873 1720 3934 praes-

71 3953 206 4000 murum
239 3954 300 4016 919
330 3941 427 4002 1999
456 3942 587 4003 Domini
614 3943 869 4006 ascendentibus
923 3949 1028 4025 cripte
1049 3947 1191 4010 concilio
1214 3947 1414 4024 stabilitum
1441 3955 1532 4014 9191
1556 3950 1719 4016 bonorum

71 4053 113 4098 ex
142 4035 300 4113 advers03
330 4053 370 4102 eo
394 4039 481 4116 quod
508 4039 712 4102 conscientia
741 4055 870 4102 remor-
923 4045 1070 4108 studium
1094 4046 1326 4110 commendare
1347 4050 1523 4126 possimus,
1547 4052 1580 4112 et
1601 4053 1719 4130 punire

72 4133 190 4206 dente,
230 4135 308 4196 dum
341 4150 442 4197 canes
488 4137 571 4198 muti
605 4137 787 4214 projectum
833 4137 868 4200 in
924 4142 1161 4220 negligentiam
1171 4159 1401 4220 perversorum
1415 4163 1515 4225 super
1525 4147 1588 4210 hoc
1597 4149 1639 4211 ab
1651 4149 1719 4212 illis

71 4233 164 4292 terra
180 4233 400 4295 ranunculum
409 4234 444 4294 in
453 4249 490 4294 os
501 4233 633 4306 habent,
647 4235 680 4296 et
694 4236 761 4298 9191
772 4237 868 4313 quasi
924 4241 1097 4303 certiorari
1112 4241 1267 4304 volumus
1282 4244 1531 4306 etmendamus.
1544 4247 1632 4308 Sane
1645 4263 1719 4309 cum

71 4327 213 4389 baculus
239 4329 442 4392 arundineus
463 4334 533 4408 jam
557 4331 746 4395 contractus
772 4355 780 4394 :
807 4347 870 4398 neo
923 4337 1003 4400 olim
1030 4353 1091 4400 vas
1116 4355 1255 4404 aureum
1281 4357 1403 4402 manna
1425 4343 1570 4419 plenum,
1596 4343 1719 4408 Christi

72 4425 198 4488 latratu
212 4425 868 4506 999119991991999119991111999199199
924 4451 1044 4513 corpus
1059 4436 1217 4500 19119199
1235 4437 1408 4500 continens
1428 4440 1658 4517 praefigurans,
1683 4443 1717 4504 19

73 4522 255 4586 Ecclesiam
270 4527 304 4586 ei
315 4519 352 4585 in
362 4525 468 4602 ipsam
482 4526 870 4593 ululatusvalidosemit·
924 4549 1002 4595 arca
1024 4532 1157 4596 foederis
1170 4549 1252 4596 auro
1266 4535 1365 4608 19919,
1382 4535 1469 4599 inira
1489 4541 1603 4602 sancta
1620 4555 1721 4604 sanc-

72 4621 869 4702 ientes.Cumigiturdissimularenonpossimus
922 4635 1031 4693 torum
1045 4631 1146 4694 luerit
1165 4633 1372 4706 collocatum,
1390 4637 1426 4696 ut
1449 4635 1571 4698 munde
1593 4638 1628 4700 in
1645 4639 1718 4701 loco

73 4718 112 4779 da
144 4720 264 4780 oaetero
293 4720 346 4781 vel
375 4721 630 4782 conniventibus
658 4723 764 4783 oculis
792 4739 870 4800 991-
923 4729 1107 4790 venerabili
1140 4733 1341 4801 servaretur,
1366 4731 1515 4794 dolemus
1539 4735 1718 4812 plurimum

73 4815 220 4877 transire
235 4817 361 4879 199199
383 4817 463 4878 91911
487 4818 675 4905 contagium
704 4821 737 4881 et
757 4820 869 4898 populi
923 4826 957 4887 et
976 4825 1159 4899 tristamur,
1176 4825 1262 4903 qnod
1281 4827 1317 4888 in
1345 4828 1512 4908 plerisque
1536 4833 1718 4909 provinciis

73 4912 250 4975 christiani
271 4915 450 4977 discrimen
465 4915 551 4993 quod
574 4917 721 4994 procedit
735 4919 767 4980 et
786 4933 868 4996 pro·
925 4923 1113 4985 sacerdotes
1127 4925 1316 4986 sanctiones
1329 4929 1519 5004 canonicas,
1528 4931 1719 4994 immodivi·

73 5009 195 5070 liciter
204 5009 626 5088 negligentiapraelatorum
637 5013 867 5077 evacuantium
924 5036 1002 5084 num
1020 5021 1184 5097 judicium
1210 5023 1470 5099 contemnentes,
1498 5031 1720 5090 999199119-

74 5121 137 5183 991
150 5106 313 5169 19991199
327 5110 541 5185 9119199199
554 5113 742 5173 sanctiones
762 5127 867 5174 cano·
923 5119 1277 5182 charisticaminoaute
1289 5122 1489 5196 custodiunt,
1504 5127 1536 5186 ei
1551 5125 1718 5187 immunde

75 5205 353 5268 91999919191919
371 5207 520 5268 99191119
533 5209 673 5270 concilii
687 5211 866 5286 generalis,
923 5216 1120 5278 acinderote
1131 5219 1346 5290 contrectant,
1357 5221 1716 5296 quiasineccreatorem

75 5301 314 5378 increpationis
334 5304 477 5365 securim
502 5305 756 5369 comminantem
775 5309 871 5369 exci-
924 5315 1061 5380 timeant
1079 5314 1131 5377 vel
1151 5317 1372 5378 recreatorem
1394 5317 1534 5394 diligant
1547 5321 1606 5382 aut
1624 5320 1716 5398 judi-

76 5399 166 5460 1199
193 5417 283 5462 9999
312 5401 481 5466 radicibus
502 5403 716 5466 infructuosae
739 5405 868 5468 arboris
923 5427 994 5474 cem
1009 5413 1156 5474 omnium
1167 5415 1399 5491 expavescant,
1409 5431 1607 5493 quamquam
1617 5425 1718 5498 1999·

77 5497 293 5574 9991199999,
327 5498 489 5562 confossas
515 5501 666 5564 19919999
689 5503 868 5581 99911999
922 5509 1713 5578 tolusterribilitercommineturdelerioraillum

77 5596 234 5658 stercoris
262 5599 476 5674 apponentes,
504 5599 681 5676 antequam
710 5600 870 5664 maledic-
924 5605 1419 5684 mererisupplicia‚quiFilium
1428 5609 1709 5675 Deiconculcave·
1745 5661 1747 5666 .
1857 5656 1863 5669 .

78 5691 176 5752 tionis
192 5693 302 5769 gladic
324 5693 472 5769 feriatur,
494 5697 527 5756 et
541 5699 644 5767 areat,
670 5697 698 5758 si
723 5697 867 5760 trucium
924 5704 977 5775 rit,
994 5701 1712 5784 191999991999199199991199119191919·

220 5845 287 5890 rsru
305 5847 331 5889 1.
347 5847 420 5890 rous
436 5836 485 5891 lll.
1117 5853 1123 5864 ·
1515 5851 1548 5904 ll
