3952 6294
309 299 368 361 511
921 283 1101 355 'HONOR11
1123 293 1167 352 III
1190 283 1336 355 OPERA.

1876 307 1927 368 ela

311 459 396 521 cien.
410 457 518 520 ordini
530 457 711 535 spontanea
722 454 1103 534 professionetenentur,
1160 453 1211 513 vir
1235 452 1592 548 A(malricus)4comes
1617 432 1847 522 Tolosanus'et
1866 466 1925 536 sui,

310 557 347 618 in
362 557 541 619 monachos
564 555 667 616 vestri
692 551 886 616 monasterii
909 551 1102 624 admittatis,
1160 550 1344 613 munitione
1357 552 1397 612 de
1412 551 1587 623 casiliaco,
1604 568 1699 629 quam
1714 557 1835 630 magnis
1853 561 1927 620 adi-

313 651 379 714 nisi
405 653 518 714 forsan
538 653 647 728 ipsum
671 649 908 712 monasterium
934 649 970 711 in
995 649 1106 726 poste-
1160 649 1317 710 ficaverat
1332 648 1527 725 sumptibus,
1542 665 1672 726 prosua
1687 649 1846 714 voluntate
1860 655 1928 715 des-

310 766 385 812 rum
407 749 554 827 ejusdem
590 747 716 809 ordinis
740 747 903 824 receperit
931 747 1103 819 instituta;
1160 745 1279 816 tracta,
1309 747 1468 822 quasdam
1497 745 1610 807 domos
1634 749 1704 824 eJus
1725 748 1802 809 sitas
1823 749 1927 812 ibidem

311 847 397 924 quod
427 847 455 907 si
477 847 588 928 ,aliqui
601 845 687 906 tales
708 844 755 905 ibi
779 844 952 906 suntiorte
966 844 1102 920 recepti,
1159 843 1313 904 incendio
1337 843 1562 914 devastarunt,
1589 843 1783 906 abducentes
1798 846 1867 907 inde
1880 865 1927 908 sna

310 961 367 1007 eos
394 945 435 1006 ad
463 959 524 1006 sua
552 943 754 1004 monasteria
782 943 970 1004 remittatis.
1013 942 1105 1002 Nulli
1160 941 1194 1001 et
1207 955 1341 1001 suorum
1353 941 1524 1002 hominum
1546 941 1714 1013 animalia,
1740 942 1771 1002 et
1794 957 1844 1002 res
1857 943 1923 1004 alias

311 1057 401 1117 ergo,
428 1043 502 1113 etc,
526 1044 649 1102 nostrae
672 1039 881 1101 inhibitionis
910 1039 1102 1114 infringere.
1160 1039 1377 1115 asportantes.
1406 1041 1511 1110 Quum
1537 1039 1646 1100 autem
1673 1039 1831 1116 quondam
1850 1042 1927 1102 viee·

312 1139 347 1200 Si
360 1138 433 1214 quis
443 1139 564 1209 autem,
581 1139 643 1199 etc.
658 1140 776 1198 Datum
796 1137 882 1213 apud
901 1137 1020 1198 Urbem
1035 1139 1104 1196 Ve-
1160 1146 1270 1192 comes
1297 1133 1496 1193 Biterrensis
1521 1133 1575 1208 pla
1608 1131 1840 1195 deliberatione
1864 1151 1929 1194 eon-

309 1236 426 1308 terem,
449 1235 694 1298 decimotertio
713 1235 873 1296 kalendas
895 1233 1105 1311 septembrIs,
1161 1230 1308 1300 cesserit,
1337 1231 1383 1301 ut,
1412 1231 1553 1291 ecclesia
1585 1229 1624 1291 de
1655 1229 1767 1290 leudis
1787 1231 1825 1290 ad
1850 1247 1929 1290 sunm

310 1347 398 1394 anno
413 1333 539 1409 quinto.
1160 1325 1425 1390 vicecomitatum
1463 1328 1712 1404 spectantibus,
1748 1343 1930 1404 quocumque

1157 1425 1247 1502 justo
1276 1425 1372 1487 titulo
1406 1426 1480 1501 ipso
1506 1425 1715 1503 irrequisito:
1744 1425 1848 1500 posset
1879 1441 1930 1484 ao-

624 1475 792 1573 XXVIII

315 1619 363 1678 Ad
375 1618 533 1692 petorem
562 1619 595 1679 et
609 1617 813 1678 concentum
833 1617 1103 1678 olomucensem.

576 1739 608 1796 tl
625 1744 739 1810 august.
758 1737 837 1795 lttd.

363 1853 483 1918 [liegest.,
495 1853 540 1904 lib·
550 1853 580 1910 V,
591 1854 664 1916 epist.
679 1851 717 1901 Ia.
727 1853 783 1902 llss.
795 1852 914 1902 LePorte
926 1852 962 1902 du
970 1851 1062 1914 Thali]

310 1959 443 2033 Indulget
459 1960 502 2016 eis
526 1967 557 2016 nt
571 1960 635 2032 ipsi,
653 1973 706 2016 nec
725 1959 851 2030 ipsorum
866 1957 976 2027 tratres,
994 1960 1022 2015 in
1035 1972 1104 2015 esu·

345 2061 409 2104 sam
424 2061 475 2119 per
497 2047 606 2104 litteras
626 2045 804 2118 Apostolicas
819 2044 892 2103 trabi
909 2045 1029 2117 possint,
1052 2045 1106 2102 nisi

345 2137 375 2193 in
401 2135 501 2194 litteris
530 2134 720 2204 istiusmodi,
749 2149 847 2192 eorum
869 2134 977 2191 ordinis
1000 2135 1107 2191 mentio

346 2239 481 2298 expresse
496 2223 570 2281 lacta
586 2221 677 2304 luerit.

351 2333 531 2404 Honorius,
559 2335 635 2404 etc,
669 2331 798 2393 dilectis
832 2329 910 2393 tiliis
942 2331 1047 2409 priori
1075 2333 1108 2394 et

230 2437 235 2444 '
314 2430 491 2517 conventui
506 2429 696 2490 Cluuiacen.
750 2443 755 2454 ·

350 2527 468 2589 Vestra
484 2525 579 2587 nobis
592 2525 748 2587 discretio
757 2525 969 2601 supplicavit,
981 2527 1017 2587 ut
1032 2542 1106 2587 cum

312 2623 465 2685 nonnulli
490 2637 561 2694 vos,
586 2625 620 2685 at
638 2621 757 2685 iratres
783 2622 912 2684 vestros
931 2623 966 2683 in
984 2623 1106 2684 vestris

312 2720 464 2782 ecclesiis
482 2719 699 2781 consistentes
730 2718 921 2796 frequenter
942 2719 1107 2781 malitiose

313 2817 453 2892 fatigent
468 2833 527 2894 per
548 2817 678 2878 litteras
704 2816 894 2892 generales,
924 2831 1024 2894 super
1044 2817 1107 2877 hoc

312 2914 536 2990 apostolieum
561 2912 720 2975 adhibere
745 2913 928 2974 remedium
950 2913 1108 2990 dignare-

312 3027 415 3072 mur:
436 3027 497 3073 uos
521 3012 625 3087 igitur
651 3011 800 3073 volentes
828 3025 943 3072 eorum
971 3010 1107 3072 obviare

311 3109 459 3182 malitiae,
476 3125 516 3170 ac
530 3110 649 3171 vestrae
669 3107 844 3184 providere
866 3107 981 3185 quieti,
998 3109 1108 3170 aucto·

312 3207 411 3268 ritate
423 3206 517 3267 vobis
531 3206 744 3282 praesentium
759 3205 980 3280 indulgemus,
990 3207 1026 3267 ut
1035 3221 1105 3278 vos,

312 3303 367 3366 vel
382 3303 440 3364 alii
462 3303 583 3365 iratres
605 3303 719 3374 vestri,
733 3303 822 3363 trahi
836 3317 902 3363 non
921 3303 1056 3378 possitis
1072 3304 1107 3364 in

312 3415 448 3462 cansam
466 3415 525 3476 per
539 3400 668 3461 litteras
680 3399 888 3476 Apostolicas
897 3399 1022 3460 ordinis
1037 3415 1108 3461 ves·

311 3497 355 3560 tri
375 3497 542 3559 mentione
563 3513 628 3558 non
656 3496 768 3558 habita
798 3495 838 3557 de
860 3497 981 3558 caetero
1001 3497 1109 3575 impe-

311 3593 656 3670 trandas.Nulliergo‚
666 3594 870 3665 etc.,nostrae
881 3594 1107 3655 concessionis

311 3689 505 3766 infringere.
523 3691 644 3767 Siquis
662 3689 784 3763 autem,
799 3691 862 3752 etc.
884 3691 1001 3752 Datum
1021 3691 1106 3768 apud

313 3786 434 3848 Urbem
449 3787 613 3858 Veterem,
631 3787 693 3847 XII
715 3785 875 3849 kalendas
898 3787 1104 3864 septembris,

311 3885 536 3961 annoquint0.

645 4017 772 4104 XXIX

337 4153 389 4212 Ad
403 4151 610 4223 conradum,
625 4152 856 4214 Pentelensem
871 4153 1077 4225 episcopum,

569 4251 609 4308 A.
624 4251 658 4309 S.
681 4249 843 4324 leporum.
896 4263 900 4276 ’

575 4361 607 4418 tl
626 4368 738 4435 august.
760 4361 839 4419 1220.

341 4469 475 4534 mosquet,
484 4469 586 4522 Recueil
596 4470 639 4521 des
648 4471 713 4522 llist.
723 4469 790 4528 XIX,
801 4470 861 4530 70&
870 4469 979 4534 Regem..
990 4469 1034 4520 lib.
1042 4469 1074 4532 V,

643 4550 719 4614 epist.
734 4549 787 4614 bb]

310 4635 426 4694 Mandat
449 4644 480 4694 ut
494 4653 580 4711 super
599 4638 758 4697 malefactis
771 4639 884 4696 comitis
903 4638 1037 4695 tolosani
1052 4638 1103 4696 ad·

344 4737 445 4781 versus
456 4727 621 4798 episcopum
632 4728 818 4785 bitterensem
827 4736 856 4784 et
871 4725 1023 4784 ecelesiam
1038 4727 1102 4801 ejus

345 4811 558 4885 inquisitionem
571 4813 657 4872 iaciat
673 4822 702 4873 et
712 4817 883 4874 sententiam
898 4815 1008 4875 reddat.

349 4919 517 4982 Honorius
526 4920 712 4998 eptscopus
720 4937 837 4984 servus
849 4938 1021 4986 servorum
1031 4924 1103 4997 Dei,

309 5013 495 5080 venerabili
522 5015 618 5078 tratri
633 5019 788 5096 epIscopo
803 5021 991 5093 Portuensi,
1012 5024 1051 5083 A.
1069 5024 1103 5084 S.

310 5115 430 5192 legato,
447 5113 588 5176 salutem
604 5115 637 5177 et
653 5116 870 5193 apostolicam
899 5117 1106 5182 benedictio-

356 5229 399 5274 m.

310 5229 366 5372 nlen
382 5311 496 5372 nostra
517 5310 715 5373 constitutus
730 5311 909 5386 praesentia
923 5313 1104 5376 venerabi·

308 5407 350 5468 lis
365 5408 469 5470 irater
483 5411 606 5480 noster,
622 5409 823 5470 Biterrensis
845 5410 1020 5486 episeopus
1043 5409 1102 5488 (1),

309 5502 405 5566 nobis
435 5506 588 5581 exposuit
608 5505 853 5582 conquerendo,
871 5505 957 5584 quod
983 5507 1104 5568 nobilis

344 5607 386 5682 (l)
406 5609 567 5669 Bernardus
579 5607 614 5666 de
628 5609 779 5668 Concinco.

1160 1513 1304 1600 quirem,
1331 1523 1364 1583 id
1388 1522 1476 1583 idem
1505 1538 1614 1584 comes
1640 1521 1933 1597 competitorum

1161 1620 1338 1697 quidquam
1353 1619 1459 1681 eidem
1481 1619 1600 1681 donari
1614 1619 1774 1698 permittit
1788 1618 1930 1685 ecclesia,

1160 1718 1218 1779 aut
1241 1718 1349 1789 vendi,
1366 1717 1420 1779 vel
1447 1717 1482 1779 in
1508 1717 1706 1779 testamento
1729 1716 1882 1792 relinqui3
1903 1717 1930 1775 et

1161 1815 1931 1892 cumcustodiaclaviumquarumdamportarum

1161 1913 1307 1975 civitatis
1325 1913 1489 1990 pertineat
1510 1912 1550 1974 ad
1566 1913 1728 1984 eumdem,
1755 1925 1858 1973 eomes
1875 1910 1935 1986 ipse

1162 2025 1262 2088 super
1275 2011 1337 2072 hoc
1352 2009 1464 2087 gravis
1478 2011 1528 2071 est
1545 2011 1576 2070 ei
1592 2009 1769 2087 plurimum
1784 2009 1815 2069 et
1826 2007 1934 2068 moles-

1161 2109 1225 2177 tus,
1247 2107 1465 2186 approprians
1485 2106 1548 2168 sibi
1568 2105 1714 2178 feudum,
1735 2104 1817 2183 quod
1832 2103 1936 2164 nobilis

1161 2205 1214 2266 vir
1228 2203 1408 2284 ntogerus)
1424 2204 1464 2265 de
1478 2204 1594 2266 bitteri
1610 2203 1745 2266 tenebat
1758 2203 1799 2265 ab
1811 2201 1936 2288 ecdesia

1163 2302 1364 2379 supradicta.
1796 2363 1800 2368 ,

1202 2402 1368 2462 Praeterea
1383 2417 1482 2478 super
1497 2400 1639 2478 quodam
1654 2415 1788 2462 nemore
1803 2398 1855 2459 aut
1867 2397 1934 2474 qui-

1161 2497 1300 2559 busdam
1314 2497 1479 2574 lapidibus
1497 2513 1598 2574 grave
1622 2497 1777 2559 damnum
1800 2493 1936 2557 ecclesiae

1161 2595 1323 2671 irrogavit
1336 2595 1455 2668 eidem,
1472 2597 1505 2658 et
1533 2610 1633 2672 super
1647 2598 1726 2674 jure
1740 2593 1823 2671 quod
1838 2591 1938 2653 eadem

1161 2693 1260 2755 habet
1270 2692 1412 2755 ecclesia
1429 2693 1464 2754 in
1480 2693 1631 2770 pedagio,
1648 2692 1734 2764 soro,
1749 2691 1842 2752 leuda
1856 2690 1886 2750 et
1891 2691 1940 2764 jn-

1162 2791 1268 2862 daica,
1298 2790 1331 2852 et
1359 2805 1458 2866 super
1481 2788 1716 2867 iurisdictione
1751 2789 1938 2853 iudeorum,

1161 2887 1250 2948 villis
1274 2887 1314 2948 de
1340 2887 1513 2948 Vircleriis
1537 2886 1570 2948 et
1594 2884 1749 2958 Badonis,
1775 2884 1887 2946 castris
1907 2881 1941 2940 ds

1162 2984 1334 3057 Cerviano,
1351 2985 1480 3044 casulis
1494 2986 1526 3045 at
1538 2986 1731 3061 Ramejano,
1749 2981 1863 3053 leudis,
1879 2993 1941 3056 pos-

1162 3081 1365 3143 sessionibus
1381 3082 1421 3142 de
1436 3081 1605 3152 Divisano,
1617 3083 1650 3142 at
1661 3081 1766 3143 Podio
1781 3079 1939 3146 Franceto,

1162 3179 1195 3240 et
1213 3178 1344 3249 debitis,
1362 3177 1542 3256 injuriatur
1561 3177 1679 3250 eidem,
1703 3176 1847 3239 indebite
1860 3189 1942 3235 com-

1162 3275 1313 3352 pellendo
1328 3290 1439 3336 coram
1455 3289 1490 3336 se
1505 3275 1656 3336 homines
1682 3273 1876 3336 Biterrensis
1892 3285 1960 3332 θον

1162 3371 1272 3433 clasiae
1298 3372 1446 3448 litigare,
1470 3387 1510 3434 ac
1536 3372 1699 3448 exigendo
1741 3375 1807 3434 tam
1834 3369 1873 3431 ab
1899 3367 1944 3427 bis

1162 3485 1260 3547 quam
1281 3485 1300 3530 a
1322 3469 1454 3530 clericis
1483 3469 1552 3530 suis
1574 3468 1707 3542 tallias,
1741 3467 1892 3530 collectas
1918 3465 1946 3523 et

1162 3567 1352 3629 exactiones
1363 3565 1538 3638 indebitas,
1556 3568 1593 3628 ut
1620 3581 1677 3628 eos
1702 3581 1804 3643 super
1818 3575 1944 3642 posses-

1163 3662 1311 3726 sionibus
1324 3663 1357 3725 et
1370 3662 1469 3724 rebus
1488 3664 1565 3724 aliis
1585 3663 1805 3725 molestando.
1820 3661 1865 3722 Ad
1880 3659 1944 3718 baec

1161 3760 1318 3838 prelatus
1331 3776 1441 3822 eomes
1458 3760 1493 3821 in
1517 3761 1698 3822 Biterrensi
1725 3759 1858 3822 civitate
1870 3771 1948 3833 prae-

1162 3873 1260 3919 cones
1270 3859 1423 3930 instituit,
1435 3857 1581 3918 bannum
1594 3858 1728 3934 penitet
1737 3857 1873 3926 relaxat,
1883 3853 1947 3928 ipso

1162 3957 1292 4032 penitus
1318 3955 1522 4028 inconsulto,
1551 3969 1624 4016 cum
1652 3955 1715 4017 hoc
1742 3951 1948 4018 communiter

1161 4053 1326 4130 pertineat
1341 4053 1381 4113 ad
1403 4054 1599 4128 utrumque;
1616 4053 1649 4114 et
1661 4067 1703 4114 ne
1715 4051 1850 4114 bladum
1865 4052 1949 4126 ejus-

1162 4150 1235 4211 dem
1251 4150 1396 4225 episcopi
1419 4151 1452 4209 et
1477 4149 1674 4210 clericorum
1703 4165 1841 4210 suorum
1861 4147 1948 4206 extra

1161 4261 1255 4307 suam
1279 4245 1447 4308 deleratur
1478 4246 1667 4318 dioecesim,
1699 4261 1766 4307 non
1795 4243 1947 4306 rationem

1161 4359 1313 4421 sequena,
1324 4343 1381 4404 aed
1393 4341 1534 4414 libitum,
1547 4342 1726 4416 interdicit,
1740 4343 1773 4405 et
1783 4339 1948 4420 quemdam

1160 4443 1232 4517 ejus
1246 4439 1420 4511 vicariurn,
1443 4438 1577 4516 injuriis
1593 4439 1699 4515 primo
1712 4441 1745 4500 et
1760 4433 1948 4500 verberibus

1161 4536 1368 4609 lacessitum,
1401 4536 1529 4597 carceri
1566 4536 1781 4613 mancipavit.
1820 4538 1950 4608 Insuper

1160 4633 1267 4696 dictus
1280 4633 1390 4695 co'mes
1401 4635 1435 4695 et
1449 4633 1512 4704 sni,
1529 4647 1568 4694 ac
1583 4632 1716 4710 quidam
1729 4633 1790 4694 alii
1807 4631 1875 4693 suis
1890 4643 1948 4688 no-

1160 4730 1304 4792 minibus
1316 4730 1534 4808 exprimendi,
1549 4746 1649 4807 super
1663 4730 1762 4792 biset
1781 4729 1858 4792 aliis
1869 4727 1951 4803 apis-

1160 4843 1277 4906 copum
1293 4829 1401 4904 ipsum
1411 4829 1444 4889 et
1458 4827 1632 4888 ecclesiam
1645 4843 1739 4888 suam
1755 4821 1949 4902 multiplici-

1159 4924 1220 4987 bus
1237 4925 1421 4985 moliuntur
1444 4925 1606 4987 molestiis
1622 4923 1775 5000 fatigare.
1793 4921 1948 4995 Quocirca

1160 5021 1362 5084 fraternitati
1372 5021 1438 5082 tuae
1451 5035 1511 5098 per
1524 5019 1712 5098 ApostoIIea
1727 5021 1852 5098 scripta
1867 5031 1951 5078 man·

1160 5119 1286 5190 damus,
1305 5119 1478 5194 quatenus,
1495 5117 1645 5194 partibus
1655 5118 1858 5187 convocatis,
1869 5109 1949 5190 quod

1155 5217 1281 5292 justum
1289 5213 1948 5291 luerit,appellationeremota,decernas,

1159 5311 1285 5374 faciens
1300 5311 1385 5389 quod
1408 5311 1606 5384 decreveris,
1622 5312 1710 5372 etc...
1731 5313 1851 5372 Datum
1868 5303 1947 5382 apud

1161 5409 1280 5470 Urbem
1296 5411 1459 5480 Veterem,
1484 5411 1545 5470 XII
1569 5408 1729 5470 kalendas
1744 5404 1949 5485 septembris.

1159 5505 1483 5589 pontificatusnostri
1494 5521 1582 5567 anno
1597 5507 1722 5582 quinto.
