4088 6306
128 328 196 388 229
754 323 983 386 EPISTOLAE.
1005 325 1085 386 LIB.
1109 325 1165 386 111.

132 483 329 563 conspectui
347 484 596 562 repraesentent,
609 485 645 546 ut
659 499 759 562 super
771 482 928 561 praedicto
982 483 1019 546 in
1045 498 1110 562 qua
1138 483 1251 546 divino
1277 485 1358 546 estis
1394 484 1552 564 obsequio
1584 487 1776 564 mancipati,

127 583 489 651 temeritatisexcessn
498 583 528 644 si
536 583 701 660 poterunt,
712 597 749 643 se
757 583 925 654 excusent,
983 596 1058 642 cum
1075 579 1227 642 omnibus
1250 580 1357 650 honis,
1371 597 1446 658 quae
1464 583 1500 642 in
1525 584 1779 660 praesentiarum

129 683 195 743 aut
225 680 377 740 meritam
412 679 558 742 sentiant
586 679 761 751 ultionem,
791 679 929 757 ipseque
982 677 1226 741 rationabiliter
1233 679 1389 756 possidet,
1402 682 1460 741 aut
1472 680 1507 740 in
1519 680 1667 742 futurum
1676 681 1778 758 justis

129 776 356 842 cancellarius
382 775 503 838 ramam
527 793 633 849 suam,
659 792 732 854 quae
758 776 844 854 apud
867 791 928 837 nos
983 775 1100 846 modis,
1115 776 1292 854 praestante
1316 777 1467 850 Domino,
1490 777 1612 854 poterit
1624 778 1776 856 adipisci,

129 874 583 951 multiplicitsrestgravata,
596 875 740 945 tueatur,
756 874 786 934 si
796 873 926 951 poterii,
983 870 1044 932 sub
1064 871 1154 934 beati
1169 871 1260 934 Petri
1276 875 1310 933 et
1322 873 1437 934 nostra
1453 874 1657 950 protectione
1672 875 1780 936 susci·

129 973 196 1034 aui
215 971 402 1048 iniquitatis
420 987 491 1032 suae
505 972 650 1033 vinculis
669 971 925 1048 constringatur.
983 969 1108 1048 pimus;
1121 968 1311 1046 specialiter
1321 971 1432 1032 autern
1441 970 1603 1032 decimam
1619 975 1779 1050 majorem

128 1069 183 1130 Ad
210 1069 281 1130 baec
304 1069 485 1146 injungatis
511 1069 722 1132 universitati
745 1069 927 1138 doctorum,
983 1083 1023 1128 ac
1037 1067 1210 1140 minutam,
1225 1083 1286 1129 nec
1308 1083 1375 1128 non
1388 1083 1507 1130 census
1523 1067 1564 1129 ab
1586 1068 1780 1131 innabitan-
1803 1119 1806 1126 .

130 1168 170 1228 ut
186 1166 221 1228 et
238 1166 304 1244 ipsi
318 1168 550 1244 procuratores
571 1181 649 1230 suos
661 1167 796 1244 propter
809 1167 872 1228 bec
886 1166 928 1228 ad
982 1164 1071 1226 tibus
1081 1165 1170 1227 villae
1181 1165 1252 1226 sive
1267 1165 1435 1242 parochiae
1449 1165 1688 1240 Thoraltensis,
1702 1168 1780 1228 red-

128 1279 199 1326 nos
220 1263 355 1326 mittant
369 1264 512 1325 termino
531 1264 769 1341 suprascripto.
788 1263 880 1336 Quod
899 1264 929 1325 si
983 1262 1072 1324 ditus
1088 1262 1324 1334 nundinarum,
1334 1265 1433 1339 atque
1444 1263 1528 1324 alios
1539 1265 1596 1342 qui
1608 1265 1779 1326 Kermisse

130 1377 205 1422 non
216 1363 496 1422 omnes...1)atum
508 1362 632 1433 Romae,
642 1362 729 1438 apud
741 1364 773 1423 S.
781 1361 927 1433 Petrum,
983 1359 1155 1431 vocantur,
1172 1359 1267 1422 vobis
1290 1361 1524 1440 competentes,
1541 1377 1581 1423 ao
1602 1362 1669 1423 alia
1692 1361 1778 1424 bona

129 1460 161 1519 V
175 1457 253 1522 idus
267 1458 358 1532 maii,
370 1457 581 1534 pontificatus
593 1459 701 1520 nostri
714 1473 802 1520 anno
817 1458 926 1520 tertio.
982 1459 1105 1529 vestra,
1117 1458 1251 1520 sicutea
1263 1459 1352 1534 juste
1371 1472 1411 1520 ao
1437 1458 1575 1535 pacilioe
1589 1459 1777 1536 possidetis,

983 1552 1076 1616 vobis
1089 1558 1122 1616 et
1137 1554 1303 1632 praedictae
1318 1555 1469 1617 ecclesiae
1484 1559 1604 1618 vestrae
1627 1557 1777 1619 auctori-

437 1624 629 1714 CCXVIII
982 1650 1051 1714 tate
1077 1652 1267 1729 apostolica
1292 1652 1526 1714 confirmamus
1551 1653 1585 1715 et
1603 1655 1779 1730 praesentis

150 1761 207 1820 Aa
226 1760 418 1820 Benacum
434 1762 636 1834 aropteptsg
660 1762 907 1822 fflwzeaensem:
984 1749 1098 1826 scripti
1114 1750 1300 1825 patrocinio
1313 1750 1565 1812 communimus.
1645 1779 1657 1819 2,

430 1873 462 1928 pp
477 1871 637 1930 mflpfflp,
1024 1846 1117 1908 Nulli
1130 1861 1210 1924 ergo
1225 1848 1359 1909 omnino
1375 1847 1546 1908 bominum
1570 1847 1669 1910 liceat
1693 1848 1779 1910 hano

984 1945 1142 2022 paginam
1156 1946 1278 2007 nostrae
1301 1945 1515 2023 protectionis
1538 1961 1577 2006 ao
1598 1946 1779 2008 conflrma-

984 2041 1085 2104 tionis
1098 2040 1292 2118 infringere,
1308 2041 1362 2103 vel
1377 2042 1408 2103 ei
1418 2058 1503 2103 ausu
1516 2043 1694 2105 temerario
1705 2057 1781 2104 con·

984 2138 1099 2200 traire.
1117 2138 1152 2198 Si
1180 2137 1255 2214 quis
1278 2139 1391 2199 autem
1417 2137 1480 2199 boc
1503 2138 1667 2202 attentare
1688 2153 1779 2214 prae-

986 2236 1164 2312 sumpserit
1184 2235 1447 2312 indignationem
1472 2235 1705 2312 omnipotentis
1721 2235 1780 2296 Dei

984 2335 1020 2394 et
1028 2332 1201 2394 beatorum
1216 2333 1346 2395 Petriet
1360 2332 1457 2393 Pauli
1471 2332 1663 2409 apostoloru
1676 2347 1698 2394 n
1707 2335 1780 2410 ejus

986 2447 1022 2493 se
1035 2430 1167 2492 noverit
1173 2431 1399 2492 incursurum.

1026 2530 1265 2591 DatumRomae
1274 2527 1360 2605 apud
1371 2526 1527 2588 Sanctum
1538 2527 1672 2588 Petrum
1680 2519 1784 2588 tertio*

229 1975 357 2041 [Theinen
375 1975 540 2028 Monuments
553 1977 677 2039 Poloniae,
690 1978 743 2038 ts,
764 1993 790 2032 n.
801 1979 851 2045 ts]

128 2081 391 2157 Archiepiscoputn
411 2085 608 2143 Gneznensem
625 2101 641 2143 a
660 2087 813 2161 legationis
836 2085 930 2145 oidcio

305 2173 334 2229 in
352 2173 478 2246 partibus
497 2175 619 2232 Prussiae
635 2174 765 2234 absolvit.

173 2281 347 2342 Honorius
361 2281 665 2359 episcopusservus
687 2299 859 2346 servorum
871 2285 930 2346 Dei

132 2377 928 2458 venerabililratri...archiepiscopoGneznensi,

130 2475 279 2538 salutem
298 2476 330 2537 ct
344 2476 560 2552 apostolicam
574 2476 848 2541 benedictionem.

1719 329 1780 390 230
1888 375 1893 382 .

174 2574 258 2633 Cum
280 2572 339 2634 tibi
353 2573 432 2634 olim
454 2590 513 2650 pro
529 2574 660 2637 novella
675 2576 880 2653 plantatione
896 2577 930 2638 in

131 2671 286 2732 Prussiae
297 2670 446 2747 partibus
461 2671 538 2733 fidei
547 2672 738 2735 christianae
753 2673 931 2750 legationis

130 2766 238 2830 fuerit
250 2767 394 2830 ollioium
409 2768 450 2830 ab
464 2771 654 2846 apostolica
677 2771 761 2833 Sede
776 2773 932 2835 commis-

133 2882 224 2938 sum,
253 2880 296 2926 ne
314 2867 347 2927 te
375 2867 470 2942 gravi
498 2868 594 2940 forte,
624 2868 710 2930 sicut
731 2869 929 2942 audivimus,

132 2961 300 3038 languore
313 2965 467 3040 correpto
473 2964 582 3025 minus
598 2980 697 3042 quam
709 2965 866 3042 expediat
879 2967 932 3027 in-

128 3060 283 3138 junctam
294 3059 356 3121 tihi
368 3077 468 3138 super
479 3061 663 3124 hoovaleus
675 3062 932 3126 sollicitudinem

133 3172 308 3229 exercere,
333 3156 571 3220 absolvendum
596 3161 629 3222 te
644 3161 800 3222 duximus
819 3160 859 3222 ab
875 3175 934 3222 ea-

133 3255 226 3328 dem,
242 3253 392 3316 volentes
418 3257 455 3317 ut
475 3256 516 3316 ab
538 3247 729 3335 hujusmodi
756 3258 933 3336 legationis

133 3367 242 3412 onere
258 3351 297 3412 de
312 3354 432 3414 caetero
447 3355 673 3430 conquiescas.

177 3449 299 3510 Datum
333 3453 445 3526 Romae
480 3450 567 3528 apud
597 3453 755 3514 Sanctum
786 3454 932 3526 Petrum,

985 2626 1061 2687 idus
1076 2626 1168 2700 maii,
1186 2625 1398 2704 pontificatus
1411 2624 1517 2686 nostri
1529 2639 1617 2686 anno
1632 2623 1742 2686 tertio.

1320 2784 1451 2873 CCXX

1053 2917 1105 2981 Ad
1118 2921 1315 2994 Philippum
1333 2923 1553 2980 warnorum
1573 2931 1702 2995 regem.

1281 3031 1315 3089 li
1330 3029 1397 3088 maii
1411 3031 1489 3088 1119.

1135 3137 1271 3202 [Beuqnet
1282 3137 1339 3189 Rec.
1350 3135 1394 3186 des
1412 3135 1476 3186 llist.
1490 3135 1558 3194 Xlx,
1569 3133 1639 3200 oso]

987 3237 1085 3296 Monet
1097 3235 1249 3303 Honorius,
1261 3239 1293 3290 nt
1301 3239 1403 3292 caveat
1413 3247 1474 3302 rex,
1485 3247 1532 3300 ne,
1543 3245 1560 3288 a
1572 3231 1720 3290 Tolosanis
1732 3230 1783 3290 ds·

1023 3325 1130 3393 linitus,
1142 3323 1171 3380 in
1182 3322 1269 3380 alium
1283 3321 1462 3391 transcribat,
1469 3335 1556 3393 quam
1565 3320 1738 3378 amalricum
1750 3319 1786 3377 de

1024 3411 1196 3480 denteleni,
1217 3411 1375 3468 comitatus
1398 3409 1532 3467 Tolosuni
1558 3410 1783 3482 possessionem,

1024 3515 1111 3574 quam
1127 3501 1195 3558 olim
1210 3514 1259 3557 ren
1279 3500 1341 3572 lpse
1361 3497 1473 3556 Simoni
1491 3495 1526 3554 de
1541 3495 1703 3556 Montelorti
1714 3511 1785 3554 con·

1026 3597 1163 3649 cesserat.

132 3549 164 3608 V
178 3544 254 3606 idus
269 3547 361 3620 maii,
378 3547 590 3623 pontificatus
602 3550 709 3612 nostri
721 3565 808 3613 anno
823 3550 932 3614 tertio.

1029 3697 1196 3760 Honorius
1233 3696 1421 3774 episcopus,
1450 3693 1527 3766 etc,
1551 3693 1726 3755 carissimo
1751 3693 1786 3754 in

990 3795 1121 3857 Christo
1147 3794 1216 3856 illio
1233 3793 1400 3871 Philippo,
1423 3791 1495 3868 regi
1511 3791 1715 3852 Francorum
1738 3790 1785 3851 il·

990 3892 1098 3962 lustri,
1115 3891 1267 3963 salutem,
1285 3889 1347 3951 etc.

1031 3993 1111 4052 Cum
1124 4005 1183 4067 pro
1197 3987 1331 4064 negotio
1345 3985 1437 4064 pacis
1452 3984 1486 4046 ei
1497 3983 1680 4062 fidei,quod
1695 3983 1786 4061 geri-

992 4088 1107 4151 turin
1132 4085 1282 4166 partibus
1307 4082 1491 4154 Tolosanis,
1526 4097 1647 4156 magna
1674 4079 1784 4142 iacere

992 4185 1172 4249 secundum
1189 4181 1470 4261 magnificentiam
1490 4181 1582 4242 tuam
1594 4179 1784 4256 incoeperis

990 4284 1086 4361 vigili
1098 4299 1178 4346 cura
1190 4281 1250 4354 tibi
1265 4282 1316 4344 est
1327 4277 1578 4358 providendum,
1596 4293 1638 4338 ne
1650 4274 1784 4349 bonnm,

991 4383 1078 4460 quod
1099 4379 1265 4458 incaepisti
1291 4392 1350 4454 spe
1380 4373 1609 4438 retributionis
1632 4373 1783 4446 aeternae,

463 3725 613 3814 CCXIX

185 3859 238 3918 Ad
256 3859 482 3932 praepositum
495 3860 528 3921 ei
539 3860 728 3935 conticium
737 3864 888 3924 ecclesiia

134 3965 174 4026 S.
188 3964 289 4025 Patri
299 3965 541 4038 Tborcttensis,
552 3969 589 4028 in
602 3968 740 4028 dioecesi
749 3969 932 4044 Brngcnsi

434 4078 467 4135 13
477 4079 546 4135 maii
557 4079 635 4137 lats.

328 4182 441 4248 [llirens
453 4182 518 4248 Opp.
532 4183 638 4248 diplom.
649 4185 693 4245 lll,
701 4185 754 4248 st]

182 4280 319 4338 Ecclesia
332 4281 492 4355 collegiata
504 4282 601 4342 Sancti
615 4284 692 4342 Petri
704 4283 898 4344 Tboraltensis

354 4372 553 4443 possessiones
571 4371 730 4430 confirmat.

181 4479 349 4543 Honorius
358 4479 542 4557 episcopus,
556 4495 853 4544 servusservorum
862 4483 934 4556 Del,
990 4481 1160 4559 respectus
1170 4475 1321 4552 denigret
1334 4476 1367 4536 et
1381 4472 1511 4533 minuat
1525 4470 1688 4532 commodi
1706 4471 1787 4532 tem·

137 4575 272 4638 dilectis
281 4575 371 4648 filiis,
381 4577 559 4653 praeposito
568 4581 600 4639 et
610 4579 754 4654 capitulo
765 4577 937 4643 eccclesiae
991 4577 1126 4657 poralis.
1149 4573 1346 4660 Accepimus
1374 4569 1548 4648 siquidem,
1568 4568 1657 4647 quod
1682 4568 1785 4630 Tolo-

139 4677 178 4736 8.
194 4673 286 4736 Petri
306 4673 544 4743 Thoraltensis,
565 4673 705 4737 salutem
727 4677 759 4738 et
778 4678 938 4754 apostoli·
991 4675 1066 4737 sani
1080 4674 1238 4736 eteorum
1266 4667 1444 4746 complices
1457 4666 1499 4728 ad
1514 4665 1700 4727 taciendam
1724 4680 1787 4726 no-

137 4785 217 4832 cam
230 4769 506 4834 benedictionem.
991 4788 1067 4834 vam
1080 4767 1327 4832 concessionem
1343 4764 1383 4828 de
1398 4762 1557 4826 comitatu
1575 4763 1741 4824 Tolosano
1756 4761 1790 4823 et

183 4868 299 4928 Cuma
322 4866 417 4930 nobis
439 4868 562 4944 petitur
576 4870 662 4946 qnod
680 4872 809 4948 justum
829 4871 863 4933 ei
876 4871 939 4932 ho·
992 4869 1118 4930 circum
1141 4863 1369 4944 adjacentibus
1397 4861 1496 4924 terris
1526 4861 1558 4921 te
1583 4857 1785 4922 multimodis

139 4965 273 5026 nestum
288 4964 348 5036 est,
361 4963 498 5041 dignum
507 4969 629 5028 estnus
644 4967 776 5030 facilem
788 4967 938 5046 praebere
992 4964 1150 5028 inducere
1162 4961 1366 5025 moliuntur:
1383 4957 1469 5037 quod
1484 4957 1573 5019 esset
1587 4957 1703 5017 contra
1718 4955 1788 5016 sta-

141 5076 354 5133 consensum,
385 5064 419 5124 et
436 5077 478 5124 ea
504 5079 617 5140 quasa
640 5065 782 5126 rationis
805 5065 937 5127 tramite
992 5065 1063 5126 tuta
1088 5061 1239 5124 ecclesiae
1264 5073 1366 5137 super
1391 5057 1455 5118 boc
1478 5053 1603 5116 dudum
1627 5052 1727 5123 lacta,
1755 5053 1789 5113 et

142 5173 212 5220 non
235 5157 436 5230 discordant,
460 5159 580 5222 effectu
602 5167 821 5238 prosequente
845 5177 938 5224 com·
994 5162 1093 5224 etiam
1116 5159 1230 5223 contra
1257 5155 1466 5217 honestatem
1480 5152 1586 5220 tuam,
1612 5163 1687 5209 cum
1702 5163 1791 5224 prae-

141 5256 247 5333 plere.
264 5255 447 5332 Eapropter
459 5255 571 5318 dilecti
585 5257 769 5320 innomine
785 5258 939 5332 liliives·
993 5258 1081 5320 dicta
1100 5252 1307 5318 concesseris
1333 5251 1433 5312 clarae
1451 5245 1621 5307 memoriae
1647 5243 1786 5315 Simoni,

142 5353 207 5414 ‘1³'ss
226 5351 327 5430 justis
352 5351 629 5428 postulationibus
661 5357 756 5432 graio
793 5371 938 5418 conour-
994 5353 1212 5418 Montisiortis
1224 5348 1338 5412 comiti
1349 5350 1382 5410 et
1396 5344 1516 5406 dilecto
1527 5340 1596 5402 illio
1605 5341 1708 5404 nobili
1716 5341 1789 5403 viro

142 5449 939 5528 rentesalieciu,personasvestras,eteoclesiam
993 5452 1172 5522 Amalrico,
1199 5447 1312 5511 comiti
1336 5443 1501 5507 tolosano
1528 5436 1587 5519 (1).
1609 5438 1789 5500 Excellen-

181 5579 222 5651 (l)
236 5578 320 5662 Vide,
337 5587 356 5638 t.
372 5583 410 5651 ll,
426 5579 476 5638 lib.
497 5584 538 5660 ll,
548 5583 632 5665 epist.
649 5583 746 5652 XCVI,
762 5584 816 5642 ool.
834 5584 897 5653 titt,
913 5590 942 5641 et
996 5583 1168 5710 Philippum,
1191 5579 1247 5650 ‚ubi
1271 5579 1446 5634 memoratur
1474 5570 1599 5628 Simonis
1622 5569 1790 5642 homagium

145 5660 164 5708 t.
179 5653 229 5720 lli,
241 5659 324 5723 epist.
337 5652 450 5722 lll,ool.
466 5653 508 5725 li,
524 5656 645 5712 Litteras
661 5655 778 5714 llonorii
792 5654 829 5712 ud
841 5670 940 5729 regern
996 5654 1057 5728 regi
1084 5660 1178 5710 ectum
1194 5657 1221 5708 et
1242 5647 1277 5704 ab
1290 5659 1324 5702 oe
1338 5649 1497 5716 acceptum.
