3952 6294
665 386 668 394 ¹
728 367 955 429 EPISTOLAE.
979 369 1056 428 LIB.
1080 369 1118 428 V.

447 558 546 646 vm
614 533 617 540 '

178 700 230 760 Ad
240 698 282 758 R.
297 696 434 758 Samae
447 697 573 756 Martae
582 695 619 754 iu
634 693 813 754 domnedio

282 797 466 856 discam
479 795 702 854 carassalem.

379 904 606 978 angustiato.

119 1013 248 1078 mutuor,
261 1013 324 1066 cod.
334 1011 397 1078 tipl.
413 1010 522 1062 domimi
532 1009 688 1074 temporalis,
701 1009 720 1068 l,
733 1009 773 1067 ss,
783 1009 866 1070 aab]

96 1123 130 1180 lt.
153 1121 264 1178 Sanctae
278 1119 375 1178 Marte
399 1119 427 1180 io
449 1115 600 1177 Cosmedin
613 1116 736 1173 marono
754 1115 889 1172 cardinali

129 1211 157 1266 in
170 1208 376 1282 temporalibus
387 1210 415 1264 et
430 1204 626 1279 spiritualibus
635 1205 754 1262 rectoria
771 1202 894 1261 ducatus

1 1351 2 1354 ,
129 1295 274 1371 Spoletani
289 1296 484 1355 committitur.
603 1355 606 1362 ,

133 1413 301 1474 Honorius
312 1391 498 1488 episcopus,
508 1417 624 1471 servus
634 1421 805 1471 servorum
818 1407 886 1479 Dei,

91 1511 213 1572 dilecto
233 1509 303 1570 lilio
325 1511 367 1570 R..
389 1509 517 1570 Sauctae
533 1507 648 1568 Mariae
663 1507 698 1567 in
713 1505 887 1566 cosmedin

90 1609 232 1669 diacono
251 1606 426 1679 cardinali,
449 1604 590 1666 salutem
614 1605 647 1666 et
670 1601 887 1682 apostolicam

89 1703 366 1766 benedictionem.

129 1789 201 1862 lits'i
225 1804 324 1880 juxta
349 1800 486 1862 verbum
520 1799 687 1876 prophetae
716 1797 886 1859 constituti

88 1915 193 1976 super
205 1901 321 1975 gentes
342 1899 375 1961 et
391 1913 494 1974 regna
517 1897 749 1958 universorum
764 1895 886 1955 Christi

88 1997 249 2068 fidelium,
272 2011 315 2057 er
340 1996 488 2074 injuncto
503 1992 597 2055 nobis
616 1985 736 2064 dldcio,
760 1992 887 2054 sollici-

86 2094 241 2156 tudinem
258 2093 431 2154 teneamus
453 2103 570 2167 gerere
588 2087 790 2166 generalem,
807 2103 886 2165 ergo

86 2191 148 2252 hos
176 2190 285 2252 tamen
312 2177 370 2268 qni
392 2189 484 2251 uelut
509 2188 655 2266 speciale
678 2187 781 2249 beati·
796 2187 887 2249 Petri

85 2287 329 2365 patrimonium
340 2287 460 2349 nostrae
472 2277 611 2348 subsunt
621 2285 840 2363 spiritualiter
854 2285 887 2346 et

83 2384 317 2463 temporaliter
339 2385 469 2456 ditioni,
493 2383 681 2446 accuratius
706 2397 766 2443 nos
793 2383 886 2456 decet

85 2483 248 2544 custodiae
256 2481 409 2544 studium
424 2481 593 2550 adhibere,
611 2483 648 2542 ut
665 2493 704 2541 eo
721 2481 754 2540 et
766 2479 810 2542 iu¹
821 2479 884 2540 tide

84 2581 228 2643 stabiles
252 2581 283 2642 et
303 2581 337 2641 in
363 2579 527 2656 operibus·
544 2576 732 2640 devotionis
757 2577 884 2653 seipsos

84 2677 250 2740 exhibere
277 2677 431 2751 satagant
454 2673 619 2746 efficaces,
650 2682 714 2750 quo
738 2675 883 2750 paternae

85 2773 278 2834 dilectionis
293 2773 478 2849 promptum
491 2769 647 2832 affectum
672 2767 736 2829 sibi
757 2783 883 2844 cogno-

83 2871 201 2932 verint
224 2885 288 2930 non
303 2865 429 2930 deesse.
447 2870 532 2929 ilinc
552 2868 613 2939 est,
636 2866 722 2944 quod
746 2866 883 2928 dilectos

84 2969 178 3029 lilios
194 2965 305 3028 lideles
319 2969 449 3031 nostros
464 2965 505 3027 de
519 2963 641 3026 ducatu
657 2963 781 3040 Spoleti
794 2963 885 3024 velut

84 3065 115 3126 in
133 3057 336 3141 Apostolicae
350 3063 445 3124 Sedis
459 3063 585 3139 gremio
596 3059 884 3122 sinceritatishra-

84 3163 174 3224 chiis
199 3162 377 3239 tenerrime
392 3160 630 3237 amplexantes,
657 3159 689 3221 et
713 3159 882 3234 cupientes

1 3325 2 3330 ,
84 3259 221 3322 eosdem
236 3259 302 3320 tam
313 3258 354 3318 ab
367 3259 555 3319 exterorum
565 3255 709 3317 bostium
720 3256 882 3316 molestiis

84 3371 223 3420 serrare
247 3371 392 3426 securos,
418 3365 517 3432 quam
543 3354 584 3414 ab
609 3367 717 3416 exosa.
737 3353 826 3416 inter
847 3367 893 3414 se

84 3455 294 3538 dissensione
316 3451 644 3530 custodirequletos,
666 3452 713 3522 te,
728 3451 768 3511 de
788 3452 882 3527 cuius

82 3552 251 3613 industria
265 3563 356 3628 spem
376 3562 442 3612 non
461 3539 746 3624 tamargumentis
761 3548 883 3624 proba-

83 3649 209 3710 hilibus
241 3647 468 3726 praesagimus,
498 3660 596 3724 quam
624 3644 723 3706 fidem
748 3645 884 3722 experi-

83 3747 206 3808 mentis
221 3745 431 3807 eridentibus
449 3745 648 3815 obtinemus,
665 3743 727 3815 eis,
743 3741 881 3819 provida

83 3839 881 3919 deliberationepraehanita,deconsiliofratrum

84 3936 886 4018 nostrorum,praeficiendumprovidimusinrece

83 4041 199 4110 torem,
213 4053 271 4114 spe
287 4035 382 4098 nobis
397 4035 581 4110 indubitata
595 4034 776 4112 proposita,
794 4034 879 4111 quod

84 4137 137 4212 qui
154 4135 261 4196 amari
274 4134 326 4196 sis
339 4131 482 4211 amplius
502 4147 601 4210 quam
616 4132 736 4203 timeri,
751 4132 798 4192 sic
813 4133 882 4193 eis-

84 4233 155 4294 dem
171 4247 238 4294 non
260 4233 328 4294 tam
350 4231 512 4308 potestate
525 4245 623 4307 quam
639 4229 779 4291 caritate
794 4245 882 4305 prae-

84 4325 879 4405 eminerestudebis,quodetipsinontampoenae

84 4427 273 4498 tormidine,
289 4441 388 4502 quam
408 4423 540 4486 virtutis
561 4427 673 4485 amore
688 4421 754 4484 tuis
776 4423 881 4484 bene-

83 4525 212 4600 placitis
239 4521 470 4600 obsequentes,
496 4537 514 4582 a
538 4521 648 4581 noxiis
668 4519 881 4581 retrahentur

84 4620 276 4682 excessibus
291 4619 324 4682 et
339 4619 379 4681 ad
394 4618 554 4680 salutaria
571 4617 766 4694 dirigentur.
782 4613 879 4677 Ideo-

84 4735 144 4795 que
159 4718 394 4780 discretionem
408 4717 501 4778 tuam
514 4729 682 4792 rogamus,
706 4709 879 4775 monemus

84 4817 114 4877 et
139 4816 316 4878 hortamur
345 4815 470 4875 attente
503 4829 562 4890 per
595 4811 784 4890 Apostolica
818 4811 879 4874 tihi

84 4913 204 4990 scripta
229 4911 437 4980 mandantes,
461 4914 625 4988 quatenus
648 4903 792 4971 oblatam
819 4907 878 4970 tibi

84 5009 134 5071 tel
145 5011 272 5071 illatam
284 5009 394 5086 potius
405 5008 544 5070 ducatus
557 5007 705 5084 praedicti
714 5006 879 5083 recipiens

84 5089 270 5177 rectoriam,
294 5107 386 5168 recta
413 5105 448 5165 in
473 5121 512 5166 eo
534 5119 651 5180 regere
670 5119 709 5164 ac
734 5103 879 5180 diri-gere

86 5201 214 5265 studeas
231 5203 408 5274 indirecta,
423 5201 608 5278 corripiens
623 5199 799 5278 inquietos,
817 5215 880 5276 pu-

85 5299 267 5361 sillanimos
288 5299 481 5371 consoleris,
507 5302 696 5360 mansuetos
714 5298 877 5368 exaltans,

86 5396 248 5474 deprimas
259 5397 458 5474 pertinaces,
472 5397 613 5457 diversis
622 5395 754 5456 diversa
765 5409 879 5472 repen·

86 5495 186 5555 dendo
203 5490 369 5571 stipendia
383 5494 586 5564 meritorum,
601 5493 678 5554 utte
692 5493 831 5564 rectore,
846 5493 878 5552 le

86 5592 175 5660 duce,
186 5593 275 5653 terra
287 5589 346 5652 illa
354 5591 535 5671 tranquilla
549 5589 723 5652 devotione
734 5589 875 5659 laetetur,

1682 365 1742 436 lat

947 527 980 589 et
994 528 1053 589 tibi
1068 528 1153 605 apud
1179 529 1280 589 Deum
1308 525 1428 589 exinde
1447 528 1574 588 crescat
1589 525 1740 588 cumulus

923 689 924 704 ,
947 625 1151 698 mentorum,
1167 629 1201 687 et
1221 625 1310 702 apud
1334 626 1485 689 hominos
1501 625 1609 686 laudis
1625 624 1740 686 titulus

923 727 924 736 ’
947 725 1118 801 augeatur,
1136 727 1169 785 et
1183 738 1244 784 nos
1259 724 1324 784 tuae
1338 722 1572 792 sollicitudinis
1593 721 1737 786 sardium

923 828 926 841 “
946 821 1056 898 dignis
1078 821 1232 900 prosequi
1255 821 1433 882 debeamus
1458 819 1645 882 actionibus
1659 836 1739 896 gra-

944 920 1078 980 tiarum.
1093 921 1265 989 Caeterum,
1278 934 1321 980 ne
1332 918 1409 996 quid
1419 919 1485 980 tuae
1497 917 1650 980 videatur
1664 934 1741 978 auc·

923 1015 1071 1078 ‘toritati
1099 1017 1214 1077 deesse
1241 1016 1446 1092 spiritualem
1468 1019 1502 1077 et
1524 1015 1739 1092 temporalem

943 1113 1004 1175 tibi
1015 1113 1226 1174 concedimus
1237 1113 1441 1189 potestatem,
1454 1113 1490 1174 ut
1499 1128 1739 1191 quamcumque

945 1207 1141 1272 sententiam
1163 1211 1227 1272 rite
1246 1209 1362 1271 tuleris
1388 1210 1424 1270 in
1449 1210 1601 1282 rebelles,
1629 1208 1737 1271 ratam

944 1306 1105 1369 habentes
1116 1306 1277 1368 reclamas
1289 1307 1438 1368 eamdem
1452 1319 1557 1384 usque
1573 1306 1614 1369 ad
1632 1307 1736 1369 satis-

944 1398 1120 1466 factionem
1140 1405 1348 1481 condlgnam,
1363 1407 1498 1466 anctore
1512 1404 1662 1477 Domino,
1678 1405 1736 1465 in-

943 1501 1145 1564 violabiliter
1159 1501 1341 1563 observari.
1688 1517 1690 1524 ·

983 1601 1101 1660 Datum
1117 1600 1202 1684 apud
1225 1598 1344 1661 Urbem
1370 1599 1535 1667 Veterem,
1560 1595 1606 1660 Ill
1632 1612 1736 1660 nonas

942 1696 1085 1772 augusti,
1102 1695 1313 1772 pontificatus
1328 1697 1434 1759 nostri
1453 1713 1541 1759 anno
1556 1697 1682 1775 quinto.

999 1994 1094 2059 ΑΜ.
1108 1997 1245 2060 Soanta
1258 1999 1435 2060 procedis
1450 1994 1673 2071 cordtrmtem,
1791 1995 1792 2000 ’
1874 1965 1877 1972 ’

1092 2097 1405 2168 apostolicaesedis
1418 2097 1579 2172 epotum.
1726 2105 1728 2110 ’

1224 2207 1451 2283 daugustilitd.

1001 2315 1121 2379 [liegest.,
1131 2314 1177 2366 lib.
1190 2315 1220 2373 v,
1232 2314 1276 2364 iol.
1287 2315 1311 2365 8.
1322 2315 1380 2366 llss.
1394 2317 1430 2366 La
1444 2315 1520 2366 Porto
1530 2316 1565 2366 du
1576 2315 1670 2378 Theti]

940 2422 1055 2482 Mandat
1065 2421 1090 2480 ei
1101 2430 1132 2480 ut
1141 2421 1176 2479 de
1186 2423 1495 2496 ecclesiisperGraecos
1504 2431 1632 2496 tempore
1641 2423 1732 2482 schis-

974 2511 1059 2568 matis
1073 2512 1213 2583 exemptis
1227 2519 1341 2580 statuat,
1349 2519 1431 2591 prout
1441 2512 1580 2571 videbitur
1588 2511 1732 2585 expedire,

974 2606 1003 2656 et
1017 2599 1174 2656 monachos
1190 2601 1302 2657 Graecos
1318 2600 1444 2658 manuali
1457 2601 1646 2674 promissione
1660 2602 1731 2658 reci·

974 2687 1033 2760 piat
1056 2687 1091 2743 de
1113 2686 1258 2745 redeundo
1285 2687 1320 2745 ad
1349 2687 1515 2745 mandatum
1534 2686 1679 2757 Ecclesia,
1705 2696 1734 2746 et

974 2775 1113 2843 absolvat,
1127 2789 1213 2846 quum
1227 2774 1353 2833 locorum
1365 2783 1395 2834 et
1407 2784 1566 2849 temporum
1588 2777 1730 2849 qualitati·

973 2863 1026 2920 bus
1040 2864 1236 2932 consideratis,
1251 2864 1356 2938 aliquid
1366 2865 1510 2922 seueritati
1524 2863 1731 2924 detrahendum

973 2954 1023 3010 sit.-

977 3061 1156 3135 Honorius,
1174 3063 1248 3132 etc,
1265 3061 1294 3124 J.
1309 3059 1398 3124 tituli
1420 3059 1550 3123 Sanctae
1569 3062 1730 3123 Praxedis

938 3159 1130 3237 presbytero
1146 3157 1319 3230 cardinali,
1344 3157 1658 3236 apostolicaesedis
1682 3155 1731 3220 le-

937 3258 1024 3334 gato.

978 3353 1061 3427 Quid
1077 3353 1179 3416 statui
1193 3351 1310 3415 debeat
1325 3367 1424 3430 super
1438 3353 1501 3416 hoc
1514 3347 1601 3431 quod
1624 3355 1729 3431 patri-

936 3451 1238 3513 archaetcanonici
1253 3448 1607 3527 constantinopolitani
1618 3464 1730 3530 quam-

937 3549 1050 3625 plures
1072 3548 1242 3621 ecclesias,
1271 3563 1353 3625 quas
1379 3548 1580 3625 patriarchae
1608 3549 1727 3621 Graeci,

936 3648 1084 3723 tempore
1093 3642 1335 3718 schismatis,in
1349 3645 1685 3724 archiepiscoporum,
1698 3649 1731 3709 et

936 3743 1165 3819 episcoporum
1202 3740 1464 3804 dioecesanorum
1499 3744 1728 3821 praejudicium

936 3831 1165 3900 indifferenter
1181 3841 1303 3900 statuto
1321 3838 1384 3899 sibl
1400 3853 1503 3900 censu
1515 3841 1550 3900 in
1565 3841 1646 3918 ipsis
1662 3857 1727 3902 an-

936 3951 1012 4008 nuo,
1028 3937 1227 4006 eximerunt,
1243 3936 1394 4000 nituntur
1406 3936 1469 3998 sibl
1484 3938 1640 4016 tanquam
1657 3954 1736 4016 pro--

935 4035 1026 4111 prias
1054 4031 1242 4107 vindicare3
1278 4021 1335 4095 tua
1359 4049 1421 4096 nos
1449 4034 1545 4097 duxit
1571 4035 1727 4098 discretio

935 4125 1166 4193 orinsuiendos.
1185 4131 1240 4202 Ad
1252 4131 1338 4208 quod
1353 4131 1546 4195 discretioni
1564 4135 1630 4195 tuae
1645 4133 1725 4195 bre-

934 4229 1021 4292 viter
1030 4229 1268 4306 respondemus
1280 4231 1315 4290 ut
1326 4245 1426 4305 super
1435 4228 1498 4291 hoc
1509 4229 1635 4292 statuas
1648 4232 1726 4308 quid

934 4325 1234 4388 secundumbemn
1249 4329 1282 4387 et
1296 4326 1502 4389 honestatem
1520 4329 1736 4391 ecclesiasti--

935 4437 1007 4483 cam
1022 4421 1149 4485 videris
1167 4423 1335 4501 expedire.
1362 4427 1467 4502 Super
1479 4439 1519 4487 eo
1535 4439 1615 4488 aero
1641 4427 1728 4504 quod

934 4521 1089 4582 monachi
1105 4521 1211 4582 Graeci
1230 4521 1263 4583 et
1277 4521 1434 4593 eremitae,
1456 4525 1591 4600 propter
1605 4523 1728 4586 inobe-

934 4618 1092 4680 dientiam
1111 4619 1257 4682 tenentia
1286 4619 1514 4695 suspensionis
1537 4623 1570 4684 et
1592 4635 1727 4684 mcum-

935 4715 1170 4778 municationis
1188 4715 1295 4792 ligati,
1325 4715 1441 4779 nolunt
1468 4718 1511 4778 ad
1536 4719 1728 4782 mandatum

937 4811 1091 4873 Ecclesiae
1107 4811 1172 4871 nisi
1187 4826 1248 4889 par
1271 4812 1461 4874 manualem
1474 4814 1726 4890 promissionem

934 4909 1061 4982 redire;
1087 4908 1151 4970 hoc
1174 4908 1239 4970 tibi
1264 4908 1420 4972 duximus
1448 4911 1724 4988 respondendum,

934 5005 1019 5083 quod
1036 5007 1069 5066 si·
1079 5004 1270 5070 nullatenus
1285 5008 1425 5084 possunt
1435 5007 1549 5070 induci
1563 5007 1604 5068 ad
1617 5021 1726 5084 praes-

933 5102 1069 5165 tandum
1074 5103 1172 5180 juxta
1181 5102 1320 5165 lormam
1331 5103 1481 5166 ecclesiae
1487 5105 1724 5180 juramentum,

934 5201 1023 5275 ipsos
1039 5200 1102 5260 hac
1115 5200 1188 5260 vice
1210 5216 1284 5261 cum
1300 5201 1520 5276 promissione
1533 5200 1657 5276 poteris
1672 5215 1727 5261 re-

934 5297 1042 5373 cipere
1056 5297 1214 5369 manuali,
1229 5313 1303 5359 cum
1317 5297 1494 5364 interdum,
1507 5295 1725 5359 consideratis

933 5393 1081 5454 locorum
1095 5391 1728 5470 attemporumqualitatibus‚severitati
1830 5436 1833 5453 .

933 5489 976 5552 slt
987 5489 1596 5567 aliquiddetralrendum.Datumapud
1606 5492 1726 5554 Urbem

933 5591 1097 5660 Veterem,
1113 5590 1142 5649 Il
1155 5587 1228 5648 idus
1244 5588 1387 5664 augusti,
1401 5603 1487 5649 anno
1499 5589 1624 5666 quinto.
