4088 6306
102 365 157 422 aar
711 354 941 416 arrsrouaa.
965 337 1042 416 nin.
1067 357 1122 414 nr.

1655 351 1741 428 ,aaa

105 533 200 581 sonas
211 515 290 577 inibi
301 513 499 578 constitutas
512 514 750 592 suspensionis,
763 530 893 576 excom·
947 515 1091 577 existere
1106 516 1146 576 de
1162 516 1350 593 perpetrata
1366 513 1540 592 iniquitate
1551 510 1739 586 cognoscat,

104 615 344 686 manicationiS,
356 615 409 674 vel
423 613 592 675 interdicti
608 614 805 674 sententiam
820 629 893 690 pro·
947 617 979 676 et
994 631 1012 675 a
1029 613 1254 675 sacratissimo
1270 629 1408 691 corpore
1422 616 1454 674 et
1465 610 1627 686 sanguine
1637 607 1695 669 Dei
1709 607 1743 669 et

104 713 341 790 mulgaverint,
367 711 438 774 sive
471 712 572 773 etiam
601 712 637 772 in
666 711 891 772 mercenarios
948 711 1078 773 Domini
1113 711 1342 789 Redemptoris
1372 711 1477 772 nostri
1511 712 1589 771 Jesu
1619 704 1741 766 Christi

104 817 226 873 vestros
238 826 298 888 pro
317 825 367 882 ec,
385 809 471 888 quod
496 809 652 881 decimas,
670 809 755 870 sicut
769 809 892 870 dictum
948 809 1058 871 aliena
1070 809 1245 887 fiatatque
1256 811 1289 870 in
1301 812 1449 870 extremo
1461 807 1615 868 examine
1628 802 1743 864 distri-

105 911 163 980 est,
180 923 243 968 non
262 907 480 984 persolvistis,
498 906 570 966 sine
591 905 702 983 aliqua
719 905 893 966 occasione
948 909 1009 970 ctae
1024 908 1194 984 subjaceat
1208 907 1337 968 ultioni.
1350 907 1483 967 Cunctis
1505 906 1614 966 autem
1635 901 1742 963 eidem

104 1023 225 1077 eorum,
242 1021 316 1082 quae
331 1004 372 1065 ab
385 1003 568 1081 apostolica
582 1003 786 1080 benignitate
800 1003 894 1064 vobis
948 1006 1021 1066 loco
1043 1021 1103 1066 sua
1123 1007 1200 1082 jnre
1223 1003 1431 1066 servantibus
1455 1003 1498 1064 sit
1523 1017 1589 1078 pax
1611 999 1742 1061 Domini

104 1102 225 1164 indulta
252 1102 340 1172 sunt,
360 1117 418 1162 seu
440 1099 667 1162 benefactores
688 1100 816 1161 vestros
835 1114 894 1176 pro
949 1102 1054 1163 nostri
1066 1104 1145 1164 Jesu
1160 1101 1293 1169 Christi,
1306 1101 1469 1177 quatenus
1489 1098 1587 1160 ethic
1601 1097 1743 1158 fructum

104 1217 142 1262 eo
157 1199 239 1277 quod
256 1199 368 1276 aliqua
383 1197 477 1260 vobis
492 1197 654 1259 beneficia
669 1197 720 1258 vel
737 1197 895 1274 obsequia
948 1199 1044 1261 bonae
1057 1199 1197 1260 actionis
1212 1199 1406 1276 percipiant,
1416 1197 1448 1259 et
1461 1196 1546 1274 apud
1557 1194 1743 1256 districtum

104 1315 145 1359 ex
157 1298 293 1360 caritate
308 1297 533 1374 prestiterim,
550 1297 603 1358 vel
616 1295 658 1358 ad
678 1295 894 1356 laborandum
947 1297 1092 1375 judicem
1123 1297 1259 1374 praemia
1285 1299 1417 1357 aeternae
1446 1295 1537 1372 pacis
1561 1291 1741 1353 inveniant.

106 1395 294 1471 adjuverint
322 1395 357 1455 in
390 1395 459 1455 illis
486 1393 613 1464 diebus,
638 1394 673 1454 in
697 1392 815 1470 quibus
836 1405 896 1454 vos

105 1493 271 1563 laboratis,
286 1493 319 1554 et
333 1491 391 1553 alii
407 1491 582 1564 leviantur,
599 1489 748 1552 eamdem
763 1491 898 1552 senten-

106 1591 183 1650 tiam
208 1589 421 1665 protulerint,
452 1589 558 1666 ipsam
589 1591 756 1665 tamquam
781 1589 897 1649 contra

108 1686 407 1762 sedisapostolica
418 1685 546 1751 indulta
560 1687 722 1763 prolatam
742 1687 897 1746 duximus

106 1783 297 1846 irritandam
318 1799 380 1844 nec
398 1783 517 1846 litterae
537 1785 605 1845 illae
626 1784 814 1846 firmitatem
837 1784 899 1844 ha-

109 1883 216 1953 beant,
231 1895 312 1958 quas
328 1881 428 1944 tacito
453 1883 586 1943 nomino
601 1883 736 1943 cisterc.
758 1881 895 1953 ordinis,

108 1983 140 2040 et
154 1980 268 2040 contra
280 1981 429 2040 tenorem
440 1980 696 2056 apostolicorum
712 1980 899 2056 privilegio·

105 2093 177 2138 rum
193 2077 379 2139 constiterit
391 2077 573 2154 impetrari.

144 2175 311 2236 Praeterea
325 2191 400 2235 cum
414 2187 586 2236 commune
601 2175 812 2236 interdictum
829 2174 900 2236 ter-

106 2287 149 2334 rae
164 2272 276 2343 luerit,
294 2273 393 2333 liceat
408 2272 501 2332 vobis
513 2273 729 2333 nihilominus
744 2272 898 2333 investro

107 2369 306 2430 monasterio
324 2369 469 2430 exclusis
487 2369 781 2431 excommunicatis
795 2369 827 2430 et
841 2369 898 2429 in-

105 2466 254 2528 terdictis
267 2466 379 2528 divina
392 2465 502 2527 ollicia
523 2467 703 2538 celebrare,
720 2467 794 2543 paci
817 2481 900 2543 quo-

107 2581 168 2640 que
180 2567 213 2626 et
227 2563 460 2640 tranquillitati
479 2567 598 2626 vestrae
613 2566 750 2641 paterna
772 2565 806 2624 in
822 2579 900 2640 pos-

107 2663 212 2722 terum
264 2660 488 2723 sollicitudine
520 2661 695 2740 providere
736 2661 898 2732 volentes,

109 2759 305 2820 auctoritate
315 2759 504 2836 Apostolica
517 2759 740 2836 prohibemus,
754 2761 800 2830 ut,
812 2759 899 2819 inira

111 2857 281 2917 clausuras
303 2857 451 2918 locorum
467 2871 524 2917 seu
539 2857 753 2932 grangiarum
769 2857 901 2918 vestra-

111 2969 179 3014 rum
208 2954 319 3014 nullus
347 2955 499 3031 rapinam
531 2971 589 3015 seu
620 2953 743 3015 lurtum
776 2953 897 3024 tacere,

109 3051 218 3127 ignem
232 3065 409 3128 apponere,
425 3053 620 3127 sanguinem
633 3050 785 3123 tundere,
798 3051 901 3113 homi·

108 3165 179 3209 nem
193 3152 319 3211 temere
334 3164 463 3225 capere,
480 3149 532 3211 vel
547 3149 745 3220 interficere,
764 3164 822 3210 seu
834 3149 902 3212 vio-

107 3246 241 3308 lentiam
255 3246 375 3308 audeat
390 3263 557 3308 exercere.

145 3347 312 3406 Praeterea
327 3359 440 3406 omnes
453 3344 623 3406 libertates
637 3343 901 3406 etimmunitates

107 3457 126 3502 a
147 3441 449 3519 praedecessoribus
471 3443 593 3503 nostris
608 3442 767 3504 Romanis
782 3442 901 3503 Ponti-

106 3539 225 3600 ficibus
254 3539 361 3600 ordini
387 3541 498 3601 vestro
536 3555 723 3612 concessas,
749 3553 901 3600 necnon

107 3635 277 3697 libertates
290 3637 323 3697 et
338 3637 562 3714 exemptiones
581 3637 790 3697 saecularium
807 3651 903 3697 exac-

106 3735 235 3796 tionum
259 3749 279 3794 a
301 3733 435 3809 regibus
461 3736 494 3795 et
517 3733 723 3812 principibus
745 3733 798 3794 vel
825 3733 902 3794 aliis

108 3830 260 3891 fidelibus
273 3830 518 3892 rationabiliter
530 3830 624 3891 vobis
645 3830 801 3896 indultas,
821 3845 903 3891 auo-

108 3927 243 3990 inritato
251 3927 439 4003 Apostollca
455 3928 699 3999 confirmamus,
716 3929 748 3988 et
761 3943 903 4004 praesen-

107 4025 151 4085 tis
166 4025 282 4102 scripti
308 4025 483 4102 privilegio
505 4026 756 4086 communimus
781 4027 904 4086 Decer-

108 4122 217 4182 nimus
226 4137 317 4198 ergo,
333 4122 369 4183 ut
380 4121 463 4183 nulli
476 4123 610 4183 omnino
621 4123 792 4183 hominum
803 4122 904 4184 liceat

109 4219 279 4295 praelatum
302 4220 540 4281 monasterium
555 4221 678 4282 temere
694 4218 901 4296 perturbare,

108 4318 163 4377 aut
182 4319 256 4394 ejus
275 4317 504 4392 possessiones
526 4317 669 4388 auterre,
698 4318 750 4379 vel
774 4317 903 4379 ablatas

109 4415 262 4484 retinere,
280 4414 439 4484 minuere,
463 4429 521 4474 seu
537 4413 739 4490 quibuslibet
752 4414 905 4476 vexatio-

108 4510 202 4572 nibus
226 4509 377 4586 tatigare,
404 4511 461 4573 sed
484 4512 596 4572 omnia
617 4511 747 4588 integra
768 4527 906 4573 conser-

108 4611 227 4670 ventur
247 4623 361 4669 eorum
374 4623 434 4686 pro
449 4623 588 4685 quorum
610 4609 850 4684 gubernatione
865 4625 904 4670 ac

110 4705 350 4766 sustentatione
374 4720 531 4767 concessa
551 4709 638 4778 sunt,
664 4705 776 4766 usibus
797 4707 906 4766 omni-

110 4802 215 4864 modis
249 4801 432 4879 protutura,
458 4803 552 4865 salva
583 4802 678 4864 Sedis
706 4801 904 4880 Apostolicae

110 4899 316 4962 auctoritate.

150 4999 183 5058 Si
212 5013 277 5074 qua
304 4996 409 5072 igitur
434 4997 469 5058 in
501 4997 649 5059 futurum
677 4997 904 5061 ecclesiastica

110 5093 322 5154 secularisve
339 5109 482 5170 persona
499 5094 586 5156 hanc
598 5097 721 5158 nostre
737 5095 904 5158 constitu-

111 5191 210 5252 tionis
227 5191 382 5268 paginam
399 5191 518 5262 sciens,
545 5193 661 5254 contra
682 5208 755 5254 eam
780 5194 904 5254 temere

110 5289 224 5350 venire
252 5289 448 5360 tentaverit,
474 5289 620 5350 secundo
649 5289 791 5351 tertiove
811 5305 905 5350 com-

111 5386 247 5458 monita,
264 5385 329 5446 nisi
343 5387 472 5447 reatum
488 5403 583 5446 suum
594 5403 741 5462 congrua
757 5387 906 5448 satisfac·

111 5483 199 5544 tione
218 5483 413 5556 correxerit,
435 5483 606 5560 potestatis
627 5484 828 5562 honorisque
853 5484 905 5544 sul

114 5580 270 5656 dignitate
286 5582 409 5652 careat,
426 5595 583 5659 reamque
597 5597 633 5642 se
648 5581 760 5642 divino
778 5580 906 5659 judicio

148 5693 189 5766 (l)
202 5695 289 5764 Lepos
303 5693 396 5751 tertio.
454 5695 494 5764 (2)
510 5695 676 5752 bertranno.

951 1399 1065 1456 Amen.
1082 1400 1197 1457 Amen.

991 1495 1059 1569 Ego
1076 1493 1243 1554 Honorius
1256 1491 1434 1552 Catholicae
1450 1489 1606 1550 Ecclesiae
1622 1486 1722 1564 episc.

992 1589 1216 1669 (adjicientur
1238 1589 1273 1649 in
1302 1588 1365 1649 hoc
1399 1588 1472 1648 loco
1508 1584 1745 1660 suscriptiones

952 1685 1200 1766 cardinalium.)

992 1788 1110 1848 Datum
1127 1789 1239 1846 Romae
1260 1783 1346 1862 apud
1364 1783 1519 1844 Sanctum
1541 1783 1673 1843 Petrum
1687 1793 1747 1856 per

953 1898 1086 1943 manum
1099 1883 1249 1943 Rainerii
1274 1883 1396 1943 sanctae
1412 1880 1568 1942 Ecclesiae
1588 1882 1746 1941 Romanae

952 1980 1218 2043 vicecancellarii
1231 1981 1259 2040 II
1273 1979 1404 2040 kalend.
1417 1977 1515 2056 jnnii,
1531 1977 1645 2039 indict.
1658 1977 1745 2044 Vlll,

954 2078 1196 2140 incarnationis
1233 2077 1413 2138 Dominicae
1454 2091 1540 2137 anno
1571 2073 1747 2134 millesimo

953 2177 1178 2238 ducentesimo
1194 2175 1432 2245 decimonono,
1449 2171 1747 2250 pontificatusvero

953 2266 1699 2350 domianonoriiPapaetertiiannosecundo(
1721 2267 1746 2346 ).

1259 2423 1445 2511 ccxxxi

974 2554 1026 2612 Ad
1039 2551 1277 2612 bertrannum
1293 2551 1515 2618 cardinalem,
1531 2545 1730 2620 Apoalottcae

1211 2639 1310 2698 Sectis
1328 2637 1490 2712 legat-una.

1251 2743 1349 2798 llense
1367 2742 1453 2797 maio.

955 2841 1092 2904 [Bouqaet,
1104 2839 1161 2890 llec.
1173 2837 1217 2888 des
1229 2837 1334 2962 Hm'gpt'
1344 2837 1415 2962 ἓξ]
1422 2851 1450 2900 p.
1460 2834 1506 2884 687
1513 2855 1519 2894 ;
1531 2835 1633 2898 Regost.
1646 2832 1691 2884 lib.
1705 2833 1749 2892 lll,

956 2989 1170 3064 suspicantibus
1182 2987 1350 3061 quibusdam
1367 2985 1551 3054 Ludovicum,
1566 2984 1687 3057 Philippi
1705 2999 1748 3040 re·

991 3080 1037 3152 gis
1051 3079 1149 3144 tilium,
1171 3078 1263 3134 moliri
1279 3083 1319 3146 ut,
1335 3076 1387 3132 suh
1403 3081 1539 3148 praetextu
1564 3072 1753 3146 expeditionis

991 3173 1131 3240 susceptae
1156 3165 1292 3224 adversus
1316 3164 1498 3238 Alblgcnscs,
1517 3163 1680 3232 ilenricum,
1698 3161 1752 3218 hn-

991 3257 1057 3330 gliae
1072 3270 1181 3328 regem,
1195 3255 1278 3311 terris
1291 3255 1317 3310 in
1333 3253 1450 3310 lhancia
1463 3251 1613 3325 processis,
1627 3249 1752 3307 Pictavia

991 3353 1018 3402 el
1034 3345 1176 3404 Vasconis
1193 3344 1339 3417 spoliaret,
1357 3341 1472 3399 mandat
1487 3341 1582 3414 legato
1599 3339 1751 3406 Honorius,

992 3434 1123 3506 invigilet
1137 3447 1174 3490 ne
1195 3433 1256 3506 regi
1270 3431 1377 3506 pupillo
1393 3430 1530 3487 damnum
1553 3427 1753 3501 quodcumque

991 3522 1139 3580 inferetur.

997 3623 1165 3683 Honorius
1183 3621 1394 3698 episcopus...
1419 3619 1539 3680 dilecto
1563 3617 1631 3678 tilio
1647 3619 1682 3678 B.
1704 3613 1753 3694 (2)

956 3721 1045 3782 tituli
1060 3720 1256 3780 Sanctorum
1282 3717 1444 3780 Johannis
1460 3717 1492 3777 et
1505 3715 1600 3776 Pauli
1617 3713 1755 3791 presby-

956 3823 1028 3879 tero
1039 3815 1214 3886 cardinali,
1228 3819 1266 3876 A.
1281 3817 1313 3875 S.
1330 3815 1450 3889 legate,
1468 3812 1619 3874 salutem.

997 3913 1215 3976 Praesumitur
1243 3927 1262 3972 a
1287 3911 1400 3989 multis
1411 3911 1412 3916 ’
1425 3911 1458 3972 et
1475 3908 1605 3986 publice
1621 3906 1753 3978 dicitur,

959 4012 1043 4090 quod
1068 4011 1207 4072 dilectus
1224 4009 1312 4070 illius
1337 4007 1458 4069 nobilis
1485 4007 1538 4068 vir
1554 4004 1753 4070 Ludovicus,

958 4109 1098 4171 illustris
1117 4107 1207 4184 regis
1229 4105 1379 4168 Eranciae
1408 4103 1671 4182 primogenitus,
1695 4100 1755 4161 sub

959 4207 1120 4284 praetextu
1147 4203 1366 4284 persequendi
1405 4202 1596 4273 haereticos,
1633 4203 1756 4263 terram

959 4321 1056 4383 quam
1081 4304 1274 4366 carissimus
1298 4303 1333 4362 in
1370 4301 1500 4363 Christo
1532 4299 1620 4360 lilius
1643 4298 1757 4358 nostor

960 4403 1135 4474 HenricuS,
1163 4417 1225 4462 rex
1237 4399 1419 4476 hnglorum
1431 4397 1583 4464 illustris,
1609 4393 1754 4456 habetin

959 4500 1108 4578 partibus
1141 4499 1232 4568 illis,
1268 4495 1450 4558 Pictaviam
1489 4496 1521 4556 et
1553 4491 1754 4554 vasconiam

960 4599 1098 4662 scilicet.
1116 4611 1279 4673 occupare
1291 4593 1423 4670 satagit,
1437 4594 1470 4655 et
1480 4609 1539 4654 suo
1553 4592 1606 4653 vel
1620 4591 1757 4652 alterius

960 4697 1108 4757 dominio
1134 4693 1313 4772 subjugare
1340 4714 1347 4752 :
1374 4691 1459 4770 quod
1491 4691 1526 4751 in
1559 4691 1758 4751 immensum

960 4791 1118 4856 Ecclesiae
1162 4793 1319 4854 Romanae
1352 4789 1511 4867 injuriam
1544 4787 1756 4850 redundaret.

961 4894 1064 4964 Quam
1089 4890 1177 4951 enim
1203 4891 1362 4967 majorem
1388 4888 1455 4964 pati
1476 4901 1647 4964 possemus
1666 4885 1759 4961 inju-

961 4990 1056 5060 riam,
1075 4987 1217 5065 quamsi
1237 4987 1412 5063 pecuniam
1441 5001 1539 5062 quarn
1556 4999 1614 5062 pro
1637 4984 1760 5044 exstir-

960 5087 1069 5164 panda
1103 5085 1260 5147 haeretica
1299 5085 1463 5161 pravitate
1490 5086 1600 5144 Terrae
1631 5082 1759 5143 Sanctae

961 5185 1198 5256 subtraximus
1216 5182 1362 5243 converti
1378 5179 1478 5260 (quod
1496 5177 1614 5257 absitl)
1638 5177 1671 5237 in
1694 5193 1759 5238 ex-

961 5282 1185 5344 haeredatione
1205 5280 1313 5357 ipsius
1337 5279 1425 5354 regis
1448 5273 1670 5352 crucesignati
1694 5291 1759 5354 pu-

961 5381 1045 5458 pilli,
1060 5380 1172 5442 tutelae
1186 5377 1343 5439 Ecclesiae
1365 5379 1522 5436 Romanae
1537 5373 1657 5446 relicti,
1674 5374 1707 5435 et
1725 5373 1760 5437 in

962 5494 1002 5539 ea
1019 5479 1092 5555 post
1108 5480 1209 5537 Deum
1221 5476 1322 5536 totam
1333 5470 1759 5542 suamhabentistlduclarn,

962 5571 1216 5652 videremur(3).
1234 5574 1352 5633 Nonne
1363 5571 1508 5632 clamare
1523 5571 1634 5648 posset
1647 5569 1760 5630 contra

998 5691 1038 5762 (3)
1060 5689 1161 5746 Melius
1175 5685 1345 5742 videremus.
