3988 6306
287 357 348 416 295
651 367 671 390 '‘
905 359 1078 420 HONORll
1101 361 1145 418 111
1167 361 1315 423 OPERA.
1874 365 1933 425 296

288 518 406 591 dunis,
426 519 565 580 salutem
588 520 620 580 et
639 518 855 596 apostolicam
875 518 1080 581 benedictio-
1135 521 1247 582 nostro
1274 521 1417 596 Hugoni,
1448 521 1616 583 Hostiensi
1644 523 1822 600 episcopo,
1854 524 1933 585 tunc

286 633 374 678 nem.
1134 618 1331 694 Apostolicae
1348 619 1441 680 Sedis
1456 619 1576 694 legato,
1593 619 1669 680 dum
1685 635 1745 698 per
1756 635 1820 682 vos
1837 622 1933 681 redi·
1971 611 1973 680 'l

325 715 517 776 Deuotionis
531 714 651 778 vestrae
664 713 791 776 litteras
807 716 944 791 paterna
963 713 1081 789 benig·
1134 717 1203 775 tum
1218 714 1353 781 iaceret.
1370 716 1456 792 quod
1472 715 1640 792 superbis
1658 718 1780 779 nostris
1797 719 1934 779 staretis

286 811 389 873 nitate
411 813 606 887 recepimus,
628 812 661 874 et
686 827 800 872 earum
820 812 967 872 tenorem
985 826 1080 889 pros-
1134 811 1362 888 beneplacitis,
1379 814 1411 875 et
1435 813 1600 874 mandatis
1619 815 1848 890 juramentum
1873 831 1934 875 ex·
1973 875 1974 882 ,

285 909 637 987 peximusdiligenter,
655 909 846 971 fidelitatem
861 910 1004 972 vestram
1025 909 1079 969 di·
1134 910 1303 982 biberetis,
1322 912 1355 971 et
1376 910 1467 971 mille
1486 911 1647 972 librarum
1669 911 1834 972 Lucensis
1856 927 1932 972 mo·
1973 925 1974 936 ¹

284 1008 358 1082 gnis
385 1008 420 1068 in
446 1007 585 1068 Domino
615 1007 768 1068 laudibus
798 1007 1077 1077 commendantes,
1135 1009 1219 1068 notae
1235 1007 1475 1084 fidejussoriam
1491 1008 1676 1075 cautionem
1692 1007 1885 1080 solveretis,
1901 1009 1934 1069 et

283 1105 368 1182 quod
384 1120 443 1166 vos
456 1107 614 1181 tanquam
632 1105 753 1175 devoti,
775 1106 808 1166 et
829 1103 942 1166 fideles
965 1104 1079 1166 Eccle-
1133 1107 1180 1177 tu,
1193 1104 1241 1165 illi
1256 1105 1415 1181 potestas,
1430 1106 1563 1166 nomine
1571 1105 1756 1181 Fulginatis
1766 1106 1930 1177 civitatis,
1974 1133 1975 1136 ¹

283 1203 342 1264 siae
351 1205 509 1265 Romanae
522 1201 583 1262 filii
599 1202 822 1264 committatis.
841 1205 947 1280 Super
961 1217 1000 1263 eo
1013 1200 1079 1277 igi·
1133 1203 1269 1278 propter
1281 1202 1343 1262 boc
1358 1203 1472 1262 nostro
1485 1203 1518 1263 te
1533 1202 1722 1278 conspectui
1733 1205 1934 1279 praesentas·

281 1301 336 1361 tur
352 1299 438 1377 quod
456 1300 578 1361 nostrae
596 1299 777 1364 voluntatis
805 1301 891 1361 scire
913 1299 1077 1376 benepla-
1134 1314 1197 1370 ses,
1208 1315 1268 1360 nos
1284 1299 1344 1360 sub
1356 1299 1619 1360 dissimulatione
1630 1301 1799 1361 sustinere
1808 1300 1933 1361 nolen-

282 1397 383 1458 citum
401 1397 542 1474 petistis,
560 1396 669 1458 utrum
683 1397 838 1460 videlicet
855 1413 916 1459 nos
937 1397 1078 1458 velimus
1133 1396 1320 1468 tes,divinis
1333 1395 1503 1457 obviantia
1519 1396 1680 1458 institutis
1690 1397 1726 1456 in
1737 1393 1935 1458 subversio-

281 1510 355 1556 cum
375 1494 451 1556 aliis
473 1493 589 1556 amicis
604 1495 725 1558 vestris
745 1495 786 1555 de
800 1493 1000 1556 bombardia
1021 1509 1079 1556 ca·
1134 1510 1209 1554 nem
1229 1493 1391 1554 libertatis
1417 1494 1655 1556 ecclesiastica
1676 1495 1854 1565 attentata,
1877 1510 1935 1570 per

281 1591 414 1653 rissimo
438 1593 472 1652 in
497 1592 628 1654 Christo
658 1592 727 1654 fllio
754 1593 866 1654 nostro
888 1591 1075 1666 FredericO,
1133 1607 1206 1668 quae
1222 1594 1406 1653 maternum
1423 1591 1660 1667 persequimini
1681 1593 1812 1652 uterum
1834 1592 1932 1652 exis-

280 1689 403 1751 illustri
415 1690 488 1764 regi
501 1689 636 1761 Siciliae,
648 1690 683 1750 in
696 1692 920 1751 Romanorum
933 1689 1079 1767 impera·
1132 1691 1238 1751 tentes
1248 1688 1490 1750 maledictionis
1501 1689 1562 1749 filii
1571 1691 1604 1749 et
1618 1687 1753 1761 doloris,
1766 1689 1861 1765 leges
1871 1689 1933 1748 ini·

280 1786 385 1846 torem
407 1786 524 1858 electo,
541 1784 710 1847 fidelitatis
727 1787 953 1863 juramentum
973 1799 1078 1862 praes·
1133 1801 1215 1863 quas
1239 1787 1272 1848 et
1293 1787 1414 1848 statuta
1434 1785 1550 1846 illicita
1571 1789 1771 1862 praesumpta
1791 1801 1931 1864 pervus

280 1883 364 1954 tare,
401 1884 431 1944 si
464 1883 506 1943 ab
542 1897 582 1943 eo
614 1881 744 1946 fueritis
779 1882 947 1961 requisiti,
983 1881 1077 1944 vobis
1133 1886 1249 1945 contra
1278 1882 1543 1961 jurisdictionem
1579 1885 1612 1944 et
1641 1883 1803 1944 honorem
1837 1883 1931 1944 Sedis

280 1981 435 2041 duximus
448 1980 666 2057 praesentibus
681 1980 915 2042 intimandum.
934 1980 1026 2052 Quod
1048 1981 1077 2041 si
1132 1980 1341 2057 Apostolicae,
1369 1995 1409 2041 ac
1431 1978 1693 2041 ecclesiasticam
1727 1980 1928 2048 libertatem,

280 2077 339 2139 alii
363 2078 452 2139 cives
476 2077 683 2139 Lombardiae
707 2077 794 2139 dicto
816 2078 888 2154 regi
908 2077 1077 2138 fidelitatis
1133 2077 1255 2139 eumad
1265 2092 1319 2138 res
1328 2077 1571 2138 ecclesiasticas
1582 2075 1799 2140 extenderitis
1811 2091 1931 2137 manus

281 2176 496 2252 praestiterint
506 2175 708 2253 juramenta,
726 2175 928 2237 sustinemus
939 2174 979 2235 ad
991 2189 1078 2250 prae-
1133 2177 1271 2246 vestras,
1288 2174 1463 2251 dequibus
1487 2173 1588 2234 nullis
1607 2174 1704 2236 laicis
1728 2173 1927 2251 disponendi

280 2289 357 2334 sens
376 2289 434 2349 pro
453 2288 532 2350 pace
551 2273 674 2334 vestra.
689 2273 726 2334 ut
739 2273 769 2332 si
788 2270 829 2334 ab
848 2288 887 2333 eo
909 2272 982 2348 ipso
999 2285 1077 2346 rege
1133 2272 1298 2348 reperitur
1320 2271 1479 2334 attributa
1496 2271 1648 2343 facultas,
1663 2273 1793 2348 penitus
1808 2272 1928 2332 irrita·

281 2370 412 2432 fueritis
431 2370 596 2446 requisiti,
614 2369 734 2448 juretis
759 2369 875 2439 eidem,
895 2369 997 2430 salvis
1021 2369 1076 2429 ta-
1134 2387 1206 2430 mus
1229 2386 1268 2431 ea
1292 2369 1363 2430 fore
1386 2385 1493 2441 cassa,
1515 2371 1548 2430 et
1566 2369 1677 2430 inania
1698 2369 1926 2430 decernentes.

281 2483 357 2528 men
381 2468 414 2527 in
444 2467 596 2528 omnibus
623 2467 791 2537 fidelitate,
811 2482 850 2528 ae
866 2468 943 2543 jnre
964 2481 1079 2527 sacro-
1133 2468 1294 2539 Quocirca
1309 2467 1522 2544 praesentium
1539 2465 1630 2528 vobis
1650 2467 1851 2529 auctoritate
1872 2467 1930 2526 sub

282 2565 405 2626 sanctae
419 2567 576 2626 Romanae
592 2563 748 2624 Ecclesiae
765 2563 880 2624 matris
891 2563 1024 2624 nostrae.
1133 2567 1280 2646 ejusdem
1294 2564 1601 2642 debitojuramenti,
1614 2566 1648 2625 et
1661 2565 1928 2641 praedictapoeua

322 2664 439 2723 Datum
463 2661 640 2733 Recanate,
666 2663 710 2721 Xl
739 2660 899 2724 kalendas
928 2665 1076 2737 septem·
1133 2664 1280 2726 districte
1303 2662 1523 2739 praecipiendo
1541 2661 1745 2731 mandamus,
1762 2663 1926 2739 quatenus

283 2759 364 2832 bris,
381 2775 468 2821 anuo
484 2759 613 2837 quarto.
1133 2761 1221 2824 dicta
1242 2761 1376 2830 statuta,
1389 2773 1527 2836 quorum
1542 2759 1742 2836 transcripta
1756 2758 1853 2820 vobis
1868 2756 1927 2817 sub

1133 2858 1223 2920 bulla
1237 2858 1351 2919 nostra
1364 2856 1617 2918 transmittimus
1638 2854 1834 2928 introclusa,
1856 2853 1930 2914 ubi-

646 2912 716 2997 XV
1134 2972 1273 3033 cumque
1299 2953 1422 3031 scripta
1446 2953 1578 3023 fuerint,
1595 2953 1775 3026 abradatis,
1793 2954 1829 3014 et
1848 2952 1926 3012 des-

302 3047 580 3119 reparatorem,
602 3049 817 3108 consiliari&
839 3045 874 3106 02
894 3049 1058 3120 populum
1133 3054 1254 3115 truatis
1268 3051 1413 3122 omnino,
1430 3048 1731 3126 eanullotempore
1746 3048 1929 3110 observan-

575 3144 784 3219 Futptuutcs.
1134 3149 1377 3222 tes,etsimilia
1393 3147 1570 3209 decaetero
1589 3162 1656 3207 non
1679 3146 1813 3218 facturi,
1831 3146 1864 3207 et
1888 3143 1926 3204 ad

537 3255 573 3312 ao
600 3256 714 3328 augusti
742 3256 820 3313 lili).
1135 3249 1197 3310 boc
1224 3248 1330 3323 ipsum
1347 3245 1535 3322 potestates,
1553 3245 1586 3306 et
1611 3243 1763 3304 consulas
1785 3244 1926 3310 vestros,

348 3360 452 3428 [pullat.
472 3363 590 3419 noman..
601 3360 660 3411 edit.
679 3361 853 3424 raur.,ur,p.
866 3358 955 3419 ausa.
966 3360 1017 3426 aa]
1135 3345 1190 3422 qui
1205 3360 1264 3421 pro
1276 3346 1424 3420 tempore
1440 3341 1572 3409 fuerint.
1585 3341 1768 3419 juramenti
1792 3337 1928 3402 vinculo

283 3461 448 3521 Annullatio
463 3443 650 3532 quorumdam
664 3466 832 3517 statutorum
849 3471 864 3515 a
881 3458 1079 3531 Fulginatibus
1134 3443 1356 3518 astringent&
1377 3440 1411 3500 id
1437 3441 1526 3516 ΡΟΠΪι
1555 3440 1589 3500 Oi
1613 3437 1777 3500 ⁰⁰11ti¹¹0¹¹i
1798 3449 1928 3513 Sflmlffil

319 3555 416 3607 contra
439 3547 596 3606 libertatem
620 3547 846 3604 ecclesiasticam
870 3546 1022 3616 editorum,
1045 3561 1079 3604 ac
1134 3542 1169 3600 in
1184 3538 1304 3601 vestris
1319 3535 1610 3600 constitutionibus
1631 3534 1773 3606 faciatis,
1797 3529 1925 3611 siquid

321 3637 457 3694 relaxatio
480 3635 685 3694 sententiarum
710 3643 807 3693 contra
827 3634 993 3692 eorumdem
1015 3632 1075 3692 fau·
1134 3636 1234 3698 etiam
1247 3636 1368 3712 praeter
1382 3632 1454 3695 haee
1468 3633 1579 3704 fuerit,
1601 3632 1687 3711 quod
1706 3631 1849 3693 forsitan
1869 3644 1927 3690 oc·

321 3735 407 3784 ¹⁰¹³&
1134 3733 1297 3804 cultastis,
1313 3730 1505 3793 redundans
1520 3729 1555 3790 in
1568 3729 1733 3792 libertatis
1751 3727 1927 3790 ecclesias-

325 3833 1076 3914 Honoriusepiscopus‚servasservorumbei,
1133 3830 1209 3892 ticae
1219 3827 1464 3895 detrimentum,
1482 3824 1772 3886 faciatissimiliter
1781 3822 1925 3893 aboleri;

286 3933 414 3997 dilectis
441 3933 531 4006 liliis,
547 3934 715 4011 potestati,
731 3933 944 4005 consiliariis,
965 3933 998 3994 et
1017 3947 1079 4008 po·
1135 3926 1220 4004 quod
1236 3926 1265 3986 si
1280 3941 1386 3996 secus,
1403 3923 1489 4000 quod
1504 3937 1571 3984 non
1591 3922 1767 3993 credimus,
1784 3918 1926 3998 ageretis

286 4032 363 4110 pulo
378 4031 618 4108 Fulginatibus,
645 4031 842 4112 salutemet
862 4029 1079 4107 apostolicam
1135 4021 1364 4102 praesumendo
1388 4021 1510 4082 similia
1536 4019 1657 4091 facere,
1683 4020 1742 4082 aut
1769 4017 1926 4096 predicta

286 4129 560 4192 benedictionem.
1135 4135 1314 4192 resumere,
1331 4119 1383 4180 vel
1399 4133 1544 4189 servare,
1562 4132 1676 4178 omnes
1684 4117 1826 4187 actores,
1843 4129 1924 4176 con·

327 4231 475 4288 Romana
502 4224 648 4287 Ecclesia
669 4241 741 4302 quae
767 4223 857 4285 illius
882 4224 1079 4301 exemplos
1135 4221 1319 4289 siliatores,
1347 4219 1380 4279 et
1407 4215 1637 4277 observatores
1663 4228 1778 4275 eorum
1807 4211 1925 4289 praeter

287 4341 351 4404 quo
374 4323 601 4401 magisterium
625 4321 751 4384 obtinet
771 4323 804 4382 et
827 4320 1014 4398 primatum,
1045 4323 1080 4381 in
1135 4315 1275 4395 perjurii
1289 4315 1430 4385 reatum,
1447 4314 1480 4374 et
1493 4327 1600 4390 poenae
1622 4309 1805 4388 periculum
1827 4321 1925 4386 supe·

287 4424 357 4484 suis
381 4421 537 4484 membris
561 4419 750 4492 offenditur,
773 4419 806 4481 et
824 4419 991 4480 contemni
1007 4435 1080 4480 eam
1135 4415 1206 4476 rius
1227 4413 1406 4483 annotatae,
1432 4409 1631 4472 sententiam
1657 4405 1925 4471 excommunica·

288 4521 426 4596 cuntigit
451 4523 484 4580 et
508 4519 631 4597 sperni,
647 4517 794 4578 dolorem
818 4531 980 4577 excausa
1001 4532 1083 4576 con·
1136 4511 1236 4575 tionis
1260 4508 1443 4578 incurrant,
1460 4509 1493 4568 et
1507 4522 1613 4577 cassa,
1630 4506 1662 4568 et
1685 4505 1781 4566 irrita
1805 4501 1924 4566 statuta

288 4618 431 4694 ceperat,
449 4635 522 4678 cum
542 4632 600 4678 vos
627 4616 809 4678 membrum
830 4617 902 4691 ejus
928 4611 1082 4675 videlicet
1136 4623 1209 4687 quae
1225 4607 1375 4676 feceriut,
1390 4605 1443 4667 vel
1463 4603 1716 4680 resumpserint,
1733 4600 1923 4663 habeantur.

287 4714 554 4789 fulginatensem
569 4714 745 4774 ecclesiam
761 4712 1083 4789 ignominiaetcon·
1137 4706 1221 4780 Quia
1243 4721 1323 4766 vero
1348 4701 1569 4764 dissolvendae
1595 4700 1672 4761 sunt
1700 4699 1926 4775 colligationes

288 4811 419 4873 fusione
432 4810 607 4886 replentes,
625 4811 746 4872 statuta
762 4810 911 4887 quaedam
925 4810 960 4870 in
977 4809 1081 4885 ipsius
1137 4803 1327 4882 impietatis,
1343 4803 1376 4862 et
1400 4799 1552 4862 fasciculi
1564 4796 1783 4874 deprimendi,
1805 4809 1847 4856 ne
1869 4789 1925 4854 sub

289 4908 536 4970 subversionem
546 4907 691 4969 feceritis
702 4907 864 4978 libertatis
882 4907 937 4969 :et
951 4907 1081 4984 quidem
1137 4900 1301 4963 velamine
1315 4895 1644 4975 praestitijuramenti
1660 4909 1679 4954 a
1698 4893 1790 4955 vobis
1803 4892 1845 4954 de
1860 4903 1927 4952 ser-

289 5023 363 5070 cum
390 5021 464 5068 esse
491 5003 605 5065 sciatis
639 5003 789 5065 eamdem
813 5005 1081 5080 Fulginatensem
1138 4998 1254 5060 vendis
1268 4995 1400 5060 statutis
1413 4994 1548 5071 iniquis,
1569 4992 1656 5069 quod
1681 4991 1791 5068 potius
1812 4989 1923 5066 perju-

289 5105 465 5168 ecclesiam
480 5105 619 5163 matrem
634 5102 788 5170 vestram,
805 5104 931 5179 acujus
953 5101 1081 5176 magis·
1138 5096 1224 5157 rium
1247 5095 1296 5156 est
1312 5092 1497 5162 dicendum,
1524 5090 1657 5166 possitis
1683 5086 1925 5149 excusationem

289 5204 375 5265 terio
390 5202 519 5264 animas
540 5214 607 5260 non
631 5197 777 5260 eximitis
799 5197 1081 5274 corporibusdig-
1138 5204 1308 5254 assumere
1330 5189 1364 5249 in
1392 5187 1551 5265 peccatis;
1568 5201 1628 5247 nos
1648 5183 1728 5246 illud
1743 5197 1881 5259 vergens
1892 5179 1924 5238 in

291 5303 414 5371 niores,
438 5297 620 5361 cavendum
644 5295 737 5356 vobis
765 5297 873 5356 fuerat
898 5311 940 5356 ne
964 5295 1080 5372 ipsam,
1139 5292 1325 5352 vestrarum
1338 5287 1524 5348 animarum
1540 5282 1761 5359 dispendium,
1775 5280 1927 5342 relaxan-

291 5413 364 5474 quae
375 5396 531 5457 sacrivos
543 5391 751 5470 regeneravit
765 5391 851 5450 unda
863 5389 1082 5466 baptismalia,
1138 5391 1188 5450 tes
1200 5403 1259 5448 vos
1272 5385 1313 5446 ad
1327 5385 1475 5461 ejusdem
1486 5379 1732 5444 observantiam
1737 5372 1923 5455 juramenti.

291 5496 325 5556 et
340 5497 435 5570 cujus
456 5493 536 5554 estis
551 5490 671 5553 eruditi
692 5489 854 5560 doctrina,
871 5487 1002 5549 statutis
1018 5487 1082 5547 bo-
1139 5501 1159 5546 a
1174 5499 1238 5561 quo
1250 5481 1441 5544 nuntiamus
1454 5481 1585 5557 penitus
1597 5477 1778 5547 absolutos,
1792 5473 1925 5536 dicimus

292 5593 418 5654 minum
429 5589 625 5651 subderetis.
643 5591 746 5650 Porro
757 5601 831 5647 cum
853 5584 1009 5646 sicutfuit
1025 5600 1086 5646 vo-
1127 5597 1205 5643 -non
1221 5579 1338 5642 teneri.
1359 5578 1518 5640 Volumus
1532 5576 1644 5646 etiam,
1661 5573 1857 5636 auctoritate
1872 5581 1926 5628 vo-

291 5689 343 5754 bis
369 5689 510 5766 desuper
540 5686 737 5764 inspiratum
774 5681 955 5746 venerabili
989 5680 1084 5744 fratri
1140 5678 1190 5739 bis
1213 5675 1424 5753 praesentium
1458 5674 1518 5734 sub
1546 5672 1655 5734 debito
1675 5669 1813 5747 praestiti
1834 5671 1925 5744 jura-
