3952 6350
69 334 119 394 637

341 517 571 608 CLXXVIII

94 651 139 712 Ad
155 647 360 724 potestatem
378 652 412 712 et
433 656 596 726 populum
619 643 822 713 Perusinos.

352 761 382 818 ll
396 761 458 834 jau.
475 762 556 820 tait.

153 865 283 932 [Thaidem
296 866 358 916 Cod.
372 866 434 932 dipl.
451 867 559 918 dominii
574 873 664 934 temp,
675 868 695 926 I,
708 865 761 932 ot]

66 964 212 1024 Confirmat
225 977 328 1037 paoem
341 965 440 1022 initam
453 965 526 1022 iuter
535 966 688 1024 Perusinos
701 979 758 1024 uua
774 971 854 1037 parte

160 1060 189 1110 et
202 1051 334 1110 homines
350 1053 473 1112 civitatis
484 1055 598 1114 castelli
612 1069 647 1112 ex
663 1054 762 1112 altera.

105 1160 267 1222 Honorius
279 1161 465 1238 episcopus,
475 1177 591 1224 servus
599 1177 771 1224 servorum
782 1161 853 1233 Dei,

74 1257 194 1320 dilectis
209 1256 301 1328 tiliis,
316 1259 471 1334 potestati
485 1260 519 1320 et
535 1259 655 1335 populo
671 1258 853 1331 Perusinis,

74 1353 206 1415 salutem
222 1354 256 1414 et
270 1354 487 1430 apostolicam
502 1354 776 1416 benedictionem.

105 1453 181 1512 Cum
192 1466 236 1511 ex
248 1449 351 1512 officii
365 1451 470 1512 nostri
481 1451 591 1514 debito
601 1452 775 1514 teneamur
788 1451 854 1522 bis,

71 1548 120 1625 qui
134 1562 246 1625 prope,
263 1563 304 1610 ac
315 1547 368 1608 bis
384 1547 440 1625 qui
455 1547 553 1624 longe
566 1549 652 1620 sunt,
670 1550 762 1625 pacis
776 1564 857 1610 con-

70 1645 138 1706 silia
155 1643 315 1722 cogitare,
339 1659 454 1721 pacem
473 1645 562 1706 inter
576 1644 691 1706 fideles
712 1645 855 1717 nostros,

72 1741 179 1802 sedata
207 1741 410 1818 praecedenti
441 1741 620 1813 discordia,
645 1741 857 1804 reformatam

71 1837 203 1899 libenter
224 1838 378 1900 volumus
400 1837 583 1908 observari,
604 1839 637 1899 et
658 1838 694 1900 ut
712 1838 858 1914 antiquis

70 1934 146 1994 odiis
170 1934 303 1996 occasio
325 1933 497 1995 auferatur
520 1935 553 1996 et
576 1933 764 1996 dilectionis
786 1949 859 1994 ma·

68 2031 145 2092 teria
160 2031 330 2102 ditatetur,
347 2031 440 2107 pacis
461 2029 587 2092 loedera
606 2031 740 2107 expedit
758 2035 859 2106 Apos-

70 2127 161 2188 tolico
185 2126 373 2188 munimine
399 2128 608 2188 communiri.
639 2129 719 2188 Cum
744 2127 857 2202 igitur,

73 2224 224 2286 suadente
239 2224 376 2284 humaui
391 2225 524 2300 generis
539 2224 686 2296 inimico,
703 2225 859 2286 intervos

71 2336 108 2380 eu
125 2323 219 2398 parte
242 2329 310 2381 una
334 2321 366 2382 et
390 2321 541 2383 homines
561 2322 705 2384 civitatis
725 2321 860 2382 castelli

72 2433 109 2478 ex
129 2420 247 2490 altera,
273 2419 368 2494 gravi
392 2420 510 2480 exorta
541 2418 718 2488 discordia,
748 2433 860 2480 rerum

70 2513 183 2576 damna
199 2517 234 2577 et
253 2531 471 2593 personarum
487 2515 629 2594 (aduam
648 2531 715 2576 non
731 2517 862 2580 anima·

72 2627 137 2674 rum
152 2613 303 2690 pericula
326 2609 554 2690 evenissentl)
572 2612 629 2675 sed
645 2612 788 2684 tandem,
805 2611 860 2674 la-

73 2709 170 2771 ciente
191 2710 345 2782 Domino,
366 2711 465 2787 juxta
492 2710 684 2772 mandatum
713 2711 861 2772 nostrum

73 2807 223 2871 intervos
239 2808 272 2870 et
286 2807 363 2869 illos
379 2807 472 2884 pacis
495 2807 538 2869 sit
553 2807 730 2870 concordia
755 2807 863 2868 reior-

74 2905 165 2976 mata,
181 2920 245 2966 nos
256 2920 372 2982 pacem
383 2905 501 2982 ipsam,
513 2905 600 2966 sicut
612 2905 684 2966 sine
699 2904 861 2981 pravitate

74 3001 202 3076 provide
214 3001 303 3064 iacta
314 3004 377 3074 est,
392 3004 424 3064 et
436 3001 478 3064 ab
488 3003 627 3080 utraque
640 3003 734 3077 parte
746 3003 863 3078 sponte

74 3103 210 3176 recepta,
229 3101 262 3160 et
281 3099 317 3159 in
335 3098 567 3160 instrumentis
582 3097 724 3176 publicis
742 3097 864 3159 exinde

75 3195 226 3258 conlectis
264 3195 396 3273 plenius
434 3197 632 3267 continetur,
667 3193 864 3257 auctoritate

74 3293 257 3368 apostolica
268 3293 514 3366 confirmamus,
522 3293 554 3354 et
565 3291 738 3369 presentis
748 3291 865 3368 scripti

75 3390 253 3464 patrocinio
273 3390 526 3452 communimus.

112 3487 201 3548 Nulli
221 3503 306 3563 ergo
329 3487 464 3548 omnino
486 3487 586 3549 liceat
607 3487 693 3548 banc
710 3485 864 3564 paginam

76 3586 189 3646 nostrae
201 3583 467 3649 confirmationis
476 3584 731 3659 intringere,vel
742 3585 866 3644 eiausu

75 3681 245 3744 temerario
267 3681 443 3742 contraire.
462 3680 586 3757 Siquis
605 3681 716 3742 autom
734 3681 797 3741 boc
811 3681 866 3742 at-

76 3779 195 3839 tentare
217 3779 480 3856 praesumpserit,
503 3777 766 3853 indignationem
790 3793 865 3838 om-

76 3873 252 3950 nipotentis
272 3875 342 3948 Dei,
361 3875 395 3936 et
411 3873 582 3936 beatorum
604 3875 694 3936 Petri
718 3877 751 3935 et
770 3873 866 3934 Pauli

77 3973 295 4046 apostolorum
310 3975 393 4049 ejus,
407 3988 443 4033 se
458 3972 589 4034 noverit
603 3972 825 4032 incursurum.

112 4069 228 4129 Datum
253 4069 419 4140 Laterani,
442 4071 489 4130 lli
505 4068 580 4129 idus
600 4067 762 4145 januarii,
780 4082 866 4145 pon-

78 4162 215 4227 titlcatus
232 4165 340 4227 nostri
356 4181 443 4226 anno
460 4165 589 4242 quinte.

377 4341 565 4432 CLXXIX

99 4473 147 4530 Ad
161 4471 371 4544 potestatem
394 4472 427 4534 ct
443 4477 608 4547 poputum
628 4472 847 4535 castellanos.

378 4583 409 4641 Η
422 4585 482 4657 jan.
498 4584 577 4642 ffli.

109 4687 237 4751 [Theious.
250 4689 313 4741 cod.
328 4689 391 4754 dipl.
408 4689 516 4739 dominii
535 4695 625 4754 temp„
638 4689 657 4749 l,
670 4691 710 4748 ott,
728 4703 753 4740 u.
769 4689 834 4752 toa]

148 4785 265 4845 llaudat
275 4787 408 4858 potestati
424 4801 458 4843 sc
472 4787 640 4846 castellanis
653 4793 685 4844 ut
699 4801 800 4860 pacem

305 4873 469 4946 predictam
482 4875 644 4935 observent.

119 4972 788 5050 Honoriusepiscopus,servusservorum
800 4974 870 5046 Dei,
907 4969 912 4976 '

85 5067 208 5131 dilectis
231 5069 348 5130 liliis...
369 5070 525 5146 potestati
546 5072 579 5132 et
602 5071 725 5148 populo
740 5071 872 5131 Castel-

85 5162 176 5238 lanis,
195 5167 337 5228 salutem
366 5168 398 5230 ot
426 5167 642 5244 apostolicam
668 5167 874 5230 benedictio·

85 5275 166 5322 nem.

121 5361 167 5421 ld
180 5361 456 5437 supplicationem
472 5363 505 5424 et
518 5362 712 5424 instantiam
727 5361 872 5422 vestram

87 5453 209 5518 dilectis
222 5457 339 5519 tiliis...
353 5459 507 5535 potestati
521 5461 553 5521 et
566 5460 686 5536 populo
702 5459 874 5520 Perusinis

86 5551 149 5613 tam
172 5569 232 5631 per
246 5555 375 5617 litteras
398 5571 496 5632 quam
518 5571 579 5633 per
596 5556 753 5618 dilectum
769 5555 874 5617 illium

88 5648 282 5712 Hermanum
299 5651 488 5714 Gluscinum
504 5653 655 5739 electum,
672 5654 751 5714 tunc
769 5653 875 5730 capet·

683 331 911 398 EPIS'I’OLAE.
936 335 1014 396 LIB.
1037 335 1076 398 V.

1640 339 1700 402 638

906 493 1020 554 lanum
1050 493 1211 565 nostrum,
1236 493 1299 555 sub
1325 488 1434 556 debito
1458 497 1640 573 juramenti
1668 499 1701 560 et

907 605 1005 667 poena
1024 591 1378 654 excommunicationis
1393 591 1542 654 dedimus
1560 593 1701 657 tirmiter

908 687 943 748 in
958 687 1143 764 praeceptis,
1161 690 1198 750 ut
1214 689 1361 766 captivos
1378 691 1506 750 vestros
1522 691 1594 752 sine
1608 707 1699 754 mora

908 784 1056 862 qualibet
1082 784 1279 857 liberarent,
1308 801 1382 846 cum
1411 787 1497 849 siout
1524 785 1633 850 luerat
1658 804 1701 851 ex

909 882 1002 960 parte
1015 884 1126 943 vestra
1140 882 1350 958 promissum,
1365 884 1487 960 pactati
1499 885 1618 947 essetis
1630 886 1703 946 ins-

907 978 1075 1040 trumenta
1092 980 1125 1040 et
1143 977 1222 1051 alia,
1239 991 1311 1056 quae
1326 993 1386 1057 pro
1402 995 1482 1056 pace
1497 981 1654 1043 intervos
1669 985 1703 1044 et

908 1074 1000 1151 ipsos
1014 1075 1176 1136 servanda
1192 1075 1324 1137 lucrant
1336 1077 1499 1150 ordinata,
1510 1080 1632 1154 praeter
1644 1080 1704 1141 de-

911 1171 1115 1233 molitionem
1138 1173 1334 1245 castrorum,
1351 1173 1513 1235 duntaxat
1537 1173 1579 1236 ad
1603 1191 1703 1237 man-

910 1267 1023 1330 datum
1051 1271 1202 1330 nostrum
1231 1269 1412 1331 efficaciter
1439 1271 1637 1350 observare3
1665 1289 1705 1335 ao

911 1381 971 1426 nos
997 1367 1065 1428 tam
1088 1381 1139 1438 aa,
1157 1381 1256 1443 quam
1278 1367 1363 1446 quod
1385 1369 1564 1444 praedictus
1588 1373 1627 1430 Η.
1644 1385 1704 1447 pro

911 1463 964 1524 bis
987 1463 1150 1524 statuerat
1172 1464 1400 1538 observandis,
1420 1466 1493 1527 rata
1511 1481 1585 1528 esse
1601 1469 1706 1530 velle-

911 1575 995 1620 mus.
1017 1561 1097 1621 Cum
1122 1561 1224 1636 igitur
1247 1563 1281 1623 et
1300 1561 1395 1622 vobis
1418 1563 1574 1640 expediat
1591 1567 1625 1626 et
1645 1581 1705 1626 nos

912 1656 1037 1727 deceat,
1063 1658 1101 1719 ut
1121 1659 1294 1734 praemissa
1315 1659 1455 1721 tirmiter
1476 1661 1704 1736 observentur,

913 1755 1163 1816 universitatem
1182 1758 1326 1817 vestram
1351 1771 1533 1827 monemus,
1555 1759 1705 1820 auctori-

913 1851 981 1912 tato
993 1851 1087 1914 vobis
1099 1853 1314 1929 praeseutium
1329 1853 1470 1916 firmiter
1484 1856 1706 1932 praecipiendo

912 1947 1118 2022 mandantes,
1133 1951 1298 2026 quatenus
1313 1951 1379 2012 tam
1393 1965 1444 2022 ea,
1459 1967 1532 2029 quae
1547 1953 1706 2014 intervos

913 2048 946 2108 ot
960 2047 1140 2108 Perusinos
1155 2061 1214 2123 pro
1230 2062 1312 2123 pace
1327 2048 1492 2109 servanda
1513 2051 1636 2126 praeter
1647 2049 1708 2110 de-

913 2142 1117 2206 molitionem
1128 2145 1314 2205 castrorum
1325 2145 1399 2205 acta
1410 2145 1497 2218 sunt,
1511 2162 1609 2222 quam
1620 2147 1706 2223 quod

914 2239 1022 2302 dictus
1040 2239 1232 2316 capellanus
1247 2235 1427 2308 mandavit,
1442 2241 1581 2304 tirmiter
1592 2242 1708 2304 obser-

914 2337 998 2402 vetis
1013 2358 1021 2397 ε
1035 2337 1183 2416 alioquin
1199 2339 1228 2398 si
1243 2338 1321 2416 quid
1337 2338 1457 2400 exinde
1472 2339 1566 2400 vobis
1581 2355 1707 2401 evene-

914 2435 969 2505 rit,
986 2433 1071 2510 quod
1093 2435 1217 2507 nolitis,
1241 2451 1307 2497 non
1327 2435 1433 2506 nobis,
1450 2435 1508 2498 sed
1528 2436 1622 2498 vobis
1644 2453 1707 2514 po-

915 2531 1022 2593 teritis
1035 2531 1210 2608 imputare.
1339 2565 1342 2574 ·

955 2628 1046 2689 Nulli
1068 2643 1146 2704 ergo
1168 2628 1302 2690 omuino
1318 2629 1489 2690 bominum
1509 2630 1609 2693 liceat
1623 2633 1709 2694 banc

916 2725 1069 2801 paginam
1091 2725 1213 2787 nostrae
1235 2725 1496 2788 confirmationis
1513 2727 1707 2804 infringere,

915 2821 968 2884 vel
997 2823 1029 2882 ei
1055 2837 1139 2883 ausu
1167 2822 1345 2884 temerario
1376 2824 1553 2886 contraire.
1576 2824 1611 2886 Si
1636 2825 1711 2902 quis

917 2921 1027 2980 autem
1038 2919 1101 2980 boc
1114 2920 1277 2981 attentare
1290 2922 1548 2998 praesumpserit,
1563 2921 1710 2998 indigna·

917 3016 1042 3078 tionem
1057 3015 1292 3092 omnipotentis
1305 3018 1375 3089 Dei,
1387 3019 1419 3079 et
1432 3016 1604 3079 beatorum
1620 3019 1711 3081 Petri

918 3113 951 3175 et
963 3113 1059 3174 Pauli
1071 3113 1298 3189 apostolorum
1311 3116 1394 3192 ejus,
1407 3130 1443 3175 se
1456 3115 1587 3177 noverit
1598 3115 1713 3177 incur-

918 3225 1044 3271 surum.
1069 3211 1187 3270 Datum
1214 3210 1382 3279 Laterani,
1397 3213 1443 3272 ΙΙΙ
1461 3211 1536 3272 idus
1547 3212 1711 3290 januarii,
1832 3281 1834 3291 ἱ

919 3305 1130 3384 pontificatus
1145 3306 1251 3368 nostri
1266 3322 1355 3368 anno
1367 3309 1493 3384 quinto.

1232 3475 1399 3562 CLXXX

920 3611 972 3670 Ad
997 3611 1178 3670 universos
1201 3610 1329 3671 Christi
1347 3611 1463 3682 tidelm
1477 3625 1544 3684 per
1562 3611 1717 3673 Scottum

1209 3707 1423 3769 constitutos.

1221 3810 1253 3865 il
1266 3808 1326 3882 jan.
1341 3811 1419 3894 ibit.

1035 3905 1180 3969 [Liljegrem
1189 3903 1299 3956 Svenslrt
1307 3905 1380 3970 dipl..
1398 3906 1417 3965 l,
1429 3905 1485 3966 tto,
1495 3917 1520 3956 n.
1534 3905 1602 3970 toa]

923 4004 1059 4063 Sollicitat
1073 4003 1272 4078 eleemosynas
1291 4001 1326 4060 ad
1341 4003 1497 4062 claustrum
1519 4004 1555 4062 ad
1576 4003 1716 4061 bonorem
1764 4031 1770 4056 t

957 4092 1049 4150 beata
1069 4093 1196 4165 Virginis
1218 4092 1329 4150 noviter
1348 4093 1377 4150 iu
1399 4092 1549 4150 Litbuania
1571 4099 1717 4151 construo·

957 4188 1017 4238 tuin
1035 4188 1065 4238 et
1082 4180 1290 4255 indulgentiam
1309 4181 1410 4254 viginti
1432 4181 1542 4240 dierum
1560 4183 1607 4254 qui
1627 4183 1718 4239 eccle·

957 4270 1031 4326 siam
1045 4270 1161 4328 claustri
1173 4270 1321 4328 visitarent
1331 4271 1361 4328 in
1373 4269 1446 4328 testo
1457 4270 1678 4343 Assumptionis.

963 4389 1144 4460 Quoniam,
1162 4388 1199 4449 ut
1219 4387 1546 4464 assumamusque
1569 4388 1719 4448 seminat

923 4487 960 4545 tu
974 4499 1081 4546 comte
1092 4499 1168 4558 sao,
1182 4487 1224 4546 de
1237 4499 1343 4546 carrae
1356 4485 1391 4546 et
1401 4486 1506 4546 nectet
1517 4485 1716 4559 corniptto-

924 4595 1023 4654 ncm;
1044 4584 1104 4655 qul
1129 4583 1246 4644 autem
1265 4583 1415 4642 seminat
1442 4585 1480 4643 tn
1507 4583 1651 4654 spiritu,
1679 4584 1721 4644 tte

924 4679 1052 4751 spiritu
1066 4679 1172 4740 mactet
1186 4681 1295 4740 ollam
1310 4680 1481 4740 neemiam
1496 4677 1582 4757 (Gal.
1601 4693 1648 4750 vv,
1663 4677 1696 4758 8)
1710 4698 1720 4738 ε

926 4777 1005 4836 Cum
1029 4775 1133 4852 igitur
1158 4775 1244 4837 sicut
1269 4775 1458 4852 accepImus
1482 4777 1517 4836 in
1542 4767 1720 4838 Litbuania

926 4872 1090 4950 quoddam
1105 4872 1286 4935 claustrum
1301 4872 1342 4934 ad
1355 4873 1515 4934 bonorem
1528 4873 1634 4936 beatae
1642 4874 1721 4934 Vir-

926 4970 1014 5045 ginis
1043 4969 1174 5031 uoviter
1201 4971 1245 5032 sit
1279 4971 1514 5042 constructum,
1552 4985 1619 5030 nou
1648 4970 1721 5030 sine

927 5067 1039 5128 multis
1055 5065 1234 5138 laboribus,
1260 5069 1293 5129 et
1319 5069 1486 5144 expensis,
1510 5067 1543 5138 et
1563 5066 1603 5127 ad
1624 5065 1722 5126 subs-

927 5164 1144 5226 tentationem
1174 5165 1314 5228 fratrum
1342 5165 1425 5226 inibi
1448 5164 1586 5225 Domino
1608 5161 1720 5224 lamu-

928 5261 1068 5326 lantium
1091 5263 1234 5340 propriae
1256 5278 1322 5324 non
1345 5263 1520 5339 suppetant
1533 5260 1719 5331 facultates,

928 5361 1180 5422 universitatem
1200 5363 1344 5422 vestram
1363 5373 1531 5435 rogamus,
1548 5359 1581 5420 et
1602 5373 1721 5419 mone-

928 5459 1146 5519 mussitante
1170 5457 1204 5516 in
1228 5455 1458 5518 remissionem
1482 5453 1576 5516 vobis
1601 5469 1721 5531 pecca-

929 5555 1055 5617 minum
1092 5555 1315 5632 injungentes,
1346 5556 1509 5631 quatenus
1541 5552 1722 5624 claustrum

930 5654 1036 5729 ipsum
1053 5651 1166 5715 divino
1182 5651 1284 5716 cultui
1298 5651 1484 5712 dedicatum
1500 5650 1603 5724 gratis
1616 5647 1722 5709 benc-
