4096 6312
281 255 341 317 870
882 259 1075 325 σΗΟΝΟΗΙΙ
1096 263 1140 324 111
1162 265 1311 329 OPERA.
1673 283 1674 286 ’
1864 269 1926 329 880

281 415 484 497 quibuslibet
492 416 956 487 decedentibusdimittuntur.
964 421 1078 486 Liceat
1131 424 1243 502 pellat.
1258 426 1390 498 Quodsi
1403 427 1512 490 iacere
1522 417 1678 501 noluerit,
1695 426 1927 490 sicutexcom·

280 517 391 578 autem
410 515 570 578 iratribus
594 517 795 593 supradictis
817 533 890 593 eos,
917 520 974 598 qui
989 521 1075 598 apud
1131 523 1335 586 municatum
1349 524 1481 588 faciatis
1496 525 1537 588 ab
1548 525 1702 588 omnibus
1716 524 1847 588 evitari.
1857 527 1927 588 Da-

279 613 543 691 ipsoselegerint
554 615 701 691 sepeliri,
722 616 764 678 ad
778 616 1021 680 consessionem
1036 618 1077 680 de
1130 621 1211 693 tum,
1228 624 1291 684 etc.

158 763 166 770 .
280 711 420 773 occultis
445 712 589 789 peccatis
615 714 764 790 recipere
800 730 860 792 per
886 715 1076 778 sacerdotes

281 823 360 872 suos
373 810 406 870 et
420 825 479 887 per
491 810 623 872 eosdem
637 811 706 874 illis
717 812 1076 875 viaticummiuistrare
1569 821 1571 824 ’

280 904 380 980 atque
406 918 481 965 cum
507 920 605 968 cruce
634 905 667 967 et
694 907 907 982 processione
939 908 980 970 ad
1007 923 1076 970 coe-
1492 875 1564 962 XV

281 1000 455 1062 meterium
487 1015 585 1062 suum
605 1018 746 1080 corpora
772 1020 888 1066 eorum
916 1004 1021 1066 libere
1043 1006 1078 1068 et
1132 1025 1182 1084 Aa
1196 1025 1406 1102 maqtstmvm
1414 1025 1448 1088 et
1457 1026 1775 1102 omresnomttatls
1787 1029 1928 1090 Samtoe

280 1097 353 1159 sine
365 1097 602 1176 impedimento
619 1099 816 1163 tumulanda
837 1100 977 1164 deterre.
1004 1105 1075 1166 Da·
1302 1125 1429 1184 Martoe
1455 1124 1750 1187 mentonceorum.

279 1195 360 1267 tum,
375 1196 438 1257 etc.
1294 1250 1429 1317 [strenua
1449 1252 1523 1312 ibid,
1536 1267 1562 1318 p.
1578 1252 1633 1312 elo,
1647 1267 1673 1303 n.
1685 1252 1754 1320 uel

633 1379 727 1467 XIV
1131 1366 1273 1424 Honorius
1293 1369 1334 1426 lll
1362 1366 1455 1426 ordini
1475 1367 1651 1427 ‘theutonico
1675 1367 1816 1438 concedit,
1841 1377 1873 1427 ut
1896 1371 1926 1428 in

1164 1455 1248 1512 terris
1262 1453 1297 1514 de
1312 1457 1533 1514 Sarracenorunr
1552 1456 1684 1514 munibus
1699 1465 1748 1516 aut
1764 1473 1813 1531 per
1830 1459 1926 1532 ipsvun

486 1530 539 1590 Ad
553 1531 689 1591 eosdem
701 1531 875 1606 pransos.
1050 1585 1057 1594 .
1165 1543 1270 1614 ereptis
1284 1550 1333 1602 eut
1343 1543 1398 1617 ipsi
1410 1543 1533 1614 donatis,
1544 1545 1628 1603 liceat
1642 1545 1733 1616 villas,
1742 1552 1847 1617 castra,
1859 1561 1924 1604 ora-

459 1656 597 1722 [strahlka
608 1657 681 1718 ibid„
692 1658 784 1726 pap,
796 1673 820 1711 n,
831 1658 899 1724 lli]
1165 1630 1248 1701 toria,
1263 1633 1427 1690 coemeteria
1440 1639 1615 1690 construere.
1680 1641 1683 1648 '

282 1770 425 1828 Honorius
450 1774 491 1831 lll
510 1771 591 1846 jubet
611 1773 757 1845 prelatos,
780 1789 818 1831 ne
840 1773 943 1832 iratres
969 1773 1076 1833 ordinis
1170 1766 1337 1829 Honorius
1346 1767 1532 1846 episcopus,
1546 1784 1842 1832 servusservorum
1851 1770 1924 1842 Dei,
2045 1755 2046 1760 ’

317 1859 484 1918 'theutonici
504 1861 599 1918 violati
614 1877 733 1934 prorsus
745 1863 909 1920 testimonio
921 1863 1076 1922 destituan-
1130 1863 1260 1926 dilectis
1275 1865 1392 1926 liliis...
1408 1866 1568 1943 magistro
1587 1867 1620 1928 et
1633 1865 1792 1928 iratribus
1807 1867 1926 1928 domus

316 1955 372 2018 tul,
383 1948 418 2006 de
432 1949 565 2008 violentia
580 1965 596 2006 u
609 1951 750 2023 suspectis
762 1949 945 2024 parochianis
954 1967 1075 2010 censura
1130 1961 1305 2038 hospitalis
1334 1965 1463 2025 Sanctae
1499 1963 1615 2024 Mariae
1645 1963 1926 2027 Theutonicorum

316 2039 510 2096 ecclesiastica
529 2039 674 2112 proposita
691 2040 890 2114 purgatorium
908 2040 1025 2113 exigere
1034 2041 1077 2114 ju·
1130 2058 1417 2135 flimsolymstanj‚
1430 2059 1583 2128 salutem,
1600 2061 1663 2123 etc,
1721 2087 1725 2096 .

283 2209 284 2214 ,
317 2134 490 2185 mmmm·
1170 2157 1297 2219 Vestris
1314 2155 1664 2234 piispostulationibus
1678 2157 1829 2221 inclinati
1849 2173 1927 2220 auc-

321 2253 489 2315 Honorius
498 2254 682 2331 episcopus,
691 2268 807 2316 servus
819 2269 991 2318 servorum
1002 2256 1073 2329 Dei,
1129 2254 1263 2316 toritate
1286 2253 1382 2316 vohis
1397 2254 1611 2332 praesentium
1634 2255 1864 2332 indulgemus,
1888 2257 1928 2318 ut

281 2351 530 2412 venerabilibus
567 2351 726 2413 iratribus
754 2352 1015 2430 archiepiscopis
1037 2354 1076 2416 et
1130 2353 1165 2414 in
1193 2352 1306 2424 terrie,
1337 2363 1431 2429 qrres,
1469 2351 1568 2414 dante
1596 2353 1752 2426 Domino,
1780 2353 1924 2432 populus

282 2448 537 2526 episcopisetc„
563 2448 703 2510 salutem
731 2449 765 2511 et
789 2450 1005 2528 apostolicam
1017 2451 1077 2513 be-
1131 2449 1371 2512 christianusa
1393 2453 1653 2512 sarracenorum
1669 2451 1829 2528 eripuerit
1848 2467 1926 2512 ma-

280 2545 514 2608 nedictionem.
1130 2547 1238 2618 nibus,
1250 2547 1278 2606 si
1293 2546 1335 2608 ad
1350 2563 1410 2608 vos
1425 2549 1632 2624 postmodum
1642 2551 1733 2626 justo
1748 2549 1845 2610 titulo
1858 2548 1929 2610 ine

323 2643 562 2720 Significarunt
590 2643 685 2705 nobis
714 2643 827 2706 dilecti
861 2644 923 2706 lilii
956 2644 1075 2708 iratres
1129 2645 1198 2706 rint
1219 2643 1393 2717 devolutae,
1421 2660 1460 2707 ac
1473 2646 1522 2707 eis
1544 2647 1655 2717 etiam,
1673 2662 1755 2723 quas
1774 2663 1834 2708 vos
1857 2647 1928 2724 ipsi

280 2740 457 2818 hospitalis
487 2741 616 2802 Sanctae
647 2743 762 2804 Mariae
795 2742 1075 2806 Thentonicorurn
1130 2743 1254 2804 eisdem
1274 2741 1407 2804 auferre
1426 2743 1578 2820 poteritis
1601 2743 1808 2815 sarracenis,
1825 2743 1928 2806 villas

280 2838 586 2916 Hierosolymitani,
603 2839 689 2916 quod
712 2839 846 2916 quidam
866 2856 980 2902 eorum
994 2856 1074 2902 ver·
1130 2841 1162 2904 et
1186 2842 1295 2904 castra
1322 2840 1416 2902 vobis
1436 2840 1604 2902 aedificare
1624 2841 1736 2915 liceat,
1753 2841 1926 2914 ecclesias,

279 2934 387 2997 berati
403 2936 583 3013 aliquando
595 2937 629 2998 et
642 2937 810 3000 vulnerati
824 2938 991 3000 interdum
1005 2939 1077 3000 des·
1130 2939 1276 3001 oratoria
1289 2939 1321 3000 et
1336 2938 1526 3000 coemeteria
1541 2937 1706 3000 fabricare
1719 2937 1760 2999 ad
1771 2954 1855 3016 opus
1868 2939 1929 2999 lio·

280 3033 447 3097 tituuntur
460 3033 599 3096 testibus
610 3035 643 3096 et
651 3034 791 3111 probare
803 3036 996 3098 violentiam
1006 3053 1075 3098 non
1129 3038 1256 3098 minum
1280 3037 1481 3097 morantium
1504 3035 1541 3096 in
1567 3035 1711 3110 eisdem3
1742 3037 1927 3098 statuentes

280 3132 429 3194 valentes
438 3131 564 3193 nullam
576 3133 616 3194 de
627 3132 897 3195 malefactoribus
908 3135 1073 3211 Justitiam
1130 3135 1276 3211 iusuper,
1290 3135 1326 3197 ut
1347 3133 1506 3210 praedicta
1527 3133 1639 3194 omnia
1654 3132 1714 3193 sub
1727 3133 1927 3209 Apostolicae

279 3230 536 3307 consequuntur.
567 3229 725 3292 volentes
749 3230 852 3307 igitur
879 3247 981 3308 super
1012 3231 1076 3293 hoc
1131 3233 1225 3294 Sedis
1239 3231 1393 3293 etnostra
1410 3231 1615 3308 protectione
1628 3230 1821 3292 consistant.
1831 3231 1928 3292 Nulli

248 3343 251 3348 ’
279 3328 404 3389 eisdem
426 3327 585 3390 iratribus
598 3329 736 3404 paterna
752 3329 977 3390 sollicitudine
996 3345 1076 3406 pro-
1130 3345 1209 3406 ergo
1225 3329 1360 3390 omnino
1376 3327 1547 3389 hominum
1562 3325 1661 3388 liceat
1670 3326 1756 3389 hanc
1768 3329 1927 3405 paginam

278 3425 405 3497 videre,
427 3425 639 3486 universitati
665 3425 785 3486 vestrae
806 3441 865 3502 per
885 3425 1075 3502 apostolica
1130 3427 1252 3488 nostrae
1271 3424 1508 3496 concessionis,
1526 3424 1771 3486 constitutionis
1794 3427 1828 3487 et
1841 3441 1926 3503 pro-

280 3523 405 3601 scripta
419 3521 616 3582 mandamus
635 3523 734 3599 atque
747 3523 972 3600 praecipimus,
992 3538 1076 3600 qua·
1127 3523 1281 3586 iectionis
1304 3521 1487 3597 infringere
1512 3521 1567 3582 vel
1590 3522 1622 3582 ei
1645 3537 1731 3582 ausu
1745 3523 1927 3584 temerario

278 3622 376 3684 tenus
389 3621 529 3698 quisque
543 3622 689 3682 vestrum
704 3621 944 3696 parochianum
964 3637 1070 3694 suum,
1129 3621 1305 3683 contraire.
1321 3619 1355 3680 Si
1369 3618 1444 3696 quis
1459 3619 1570 3681 autem
1585 3618 1648 3681 hoc
1662 3621 1830 3681 attentare
1840 3635 1928 3698 prae-

281 3719 338 3796 qui
353 3718 393 3780 de
409 3717 472 3780 hoc
484 3717 657 3794 suspectus
671 3718 813 3780 habetur
823 3719 856 3781 et
866 3719 954 3780 fama
967 3735 1073 3781 vexa·
1125 3718 1314 3796 sumpserit,
1330 3716 1595 3792 indignationem
1605 3717 1840 3794 omnipotentis
1863 3718 1928 3778 Dei

279 3816 381 3889 bitur,
402 3816 431 3878 si
455 3817 609 3878 convinci
627 3815 824 3893 neqniverit,
847 3818 883 3878 ut
903 3833 941 3878 se
955 3815 1073 3894 purget
1126 3819 1159 3879 et
1167 3816 1339 3880 beatorum
1350 3815 1440 3877 Petri
1455 3815 1488 3876 et
1497 3813 1595 3876 Pauli
1609 3813 1834 3891 apostolorum
1845 3817 1924 3892 ejus

280 3929 340 3993 per
363 3913 533 3992 proprium
550 3915 786 3992 juramentum,
802 3913 952 3977 districte
975 3931 1071 3977 com·-
1126 3929 1162 3976 se
1176 3914 1308 3978 noverit
1318 3913 1540 3976 incursurum.
1557 3913 1686 3984 Datum,
1704 3911 1766 3973 etc.
