3978 6292
259 291 316 352 371

260 448 527 528 procurationem
539 447 618 509 anni
633 447 962 524 proximiatempore
978 459 1056 507 sen-

880 287 1055 348 HONORII
1079 288 1124 348 111
1145 289 1294 350 OPERA.

1851 289 1918 351 372·

1110 459 1192 524 quas
1217 443 1454 508 monasterium
1479 461 1538 525 pro
1563 445 1626 509 hac
1657 463 1758 510 causa
1790 446 1869 511 iecit
1890 467 1909 510 a

258 547 373 608 tentiae
402 545 640 623 promulgatae,
674 559 827 606 asserens
854 545 940 620 quod
970 544 1055 604 idem
1108 544 1909 622 temporeappellationisadApostolicamSedem
1978 541 1979 630 i

261 643 437 722 episcopus
453 642 670 720 inpetitione,
688 658 786 718 quam
802 641 925 702 fecerat
940 641 980 702 de
995 657 1054 700 ar-

1110 642 1240 712 emisse,
1265 641 1330 718 ipsi
1357 643 1559 704 monasterio
1580 643 1856 706 condemnantes
1871 661 1911 705 ac
1978 683 1979 688 κ

260 741 372 803 ticulis
387 740 577 802 executioni
588 739 784 800 mandandis
800 755 926 801 memor
935 754 1056 814 procu·
1109 737 1326 799 decernentes
1348 738 1492 812 irritum,
1513 740 1542 800 si
1563 739 1640 817 quid
1660 743 1737 818 post
1757 741 1913 818 appella-

261 838 400 900 ratiouis
424 853 491 898 non
507 837 616 899 luerat
635 837 822 909 antedictae,
841 838 873 898 et
895 835 1055 912 adjiciens
1108 835 1233 894 tionem
1252 835 1400 896 eamdem
1424 852 1524 913 super
1546 836 1609 899 boc
1623 835 1747 898 iactum
1772 836 1839 899 tuit
1852 853 1911 914 per
1978 863 1979 916 3

262 934 479 998 nihilominus
495 935 580 1011 quod
598 936 676 996 ante
697 934 767 995 litis
780 935 968 1010 ingressum
983 949 1056 994 res·
1104 932 1236 1008 ludices
1247 933 1466 1009 supradictos.

260 1032 336 1094 titui
357 1031 491 1095 volebat
511 1031 701 1108 episcopum
717 1032 757 1092 ad
775 1031 1053 1108 procurationem,

1149 1030 1308 1100 Quocirca
1331 1030 1525 1092 discretioni
1549 1033 1668 1094 vestrae
1689 1049 1747 1110 per
1767 1033 1911 1109 Aposto-

261 1144 359 1206 quam
379 1130 671 1205 postmodumcum
688 1129 1054 1206 processionerecepe-
1109 1125 1174 1186 lica
1212 1127 1335 1204 scripta
1364 1128 1570 1200 mandamus
1600 1131 1764 1208 quatenus
1800 1129 1908 1206 ipsum
1978 1189 1979 1192 ,

261 1227 324 1297 rat,
341 1227 454 1288 dicens
468 1227 552 1304 quod
567 1241 633 1288 non
653 1225 761 1288 tuerat
780 1225 927 1287 exhibita
948 1226 1057 1286 utde-
1109 1224 1300 1300 episcopum
1330 1225 1370 1286 ad
1402 1225 1643 1287 restitutionem
1682 1243 1908 1304 expensarum
1978 1273 1979 1288 2

260 1323 358 1384 bebat
373 1339 412 1385 eo
434 1324 520 1401 quod
545 1325 697 1402 sequenti
718 1324 771 1385 die
793 1323 929 1384 familiae
951 1323 1055 1399 ipsius
1109 1321 1258 1397 ipsarum
1278 1337 1337 1397 per
1358 1321 1597 1384 districtionem
1623 1325 1832 1396 canonicam,
1856 1341 1910 1402 ap·

257 1420 408 1498 episcopi
429 1421 536 1482 luerat
560 1421 720 1483 comestio
740 1421 912 1497 denegata,
935 1429 1054 1480 mona-

1110 1417 1288 1492 pellatione
1314 1419 1450 1490 remota,
1472 1421 1639 1495 cogentes,
1655 1435 1695 1481 ac
1713 1421 1914 1483 nuntiantes
1978 1457 1979 1480 r

261 1517 343 1590 ciris,
362 1519 448 1579 sicut
458 1519 557 1579 iidem
572 1519 804 1595 procuratores
817 1519 857 1579 de
870 1519 968 1594 plano
982 1535 1056 1580 con·
1109 1513 1251 1580 irritum,
1267 1515 1383 1592 siquid
1400 1516 1473 1592 post
1488 1517 1742 1592 appellationem
1759 1517 1907 1594 praedic·
1978 1539 1979 1586 3

260 1614 341 1675 lessi
356 1614 478 1676 suntid
494 1615 612 1678 merito
625 1615 823 1677 facientibus
839 1632 913 1676 cum
929 1631 1057 1694 praece-
1109 1611 1176 1672 tam
1192 1627 1251 1688 per
1262 1611 1418 1690 praefatos
1426 1613 1557 1690 jndices
1574 1615 1684 1676 extitit
1696 1615 1906 1686 attentatum,
1978 1623 1979 1710 ζ

258 1711 349 1773 denti
374 1712 428 1772 die
453 1714 722 1788 procurationem
757 1713 938 1774 solemnem
967 1713 1055 1773 idem

261 1808 434 1884 episcopus
447 1810 636 1886 recepisset.
652 1812 871 1873 Procuratore
885 1810 987 1886 igitur
999 1810 1054 1887 ip-

262 1906 332 1966 sius
351 1906 497 1984 episcopi
517 1907 706 1985 hujusmodi
726 1908 943 1969 dilationibus
956 1907 1057 1968 insis-

1110 1707 1331 1785 probationes,
1369 1725 1451 1786 quas
1489 1711 1576 1772 idem
1613 1713 1790 1788 episcopus
1821 1713 1907 1773 intra
1978 1719 1979 1790 ᾖ

1110 1805 1338 1882 praescriptum
1351 1805 1480 1883 tempus
1488 1823 1590 1884 super
1602 1809 1756 1884 petitorio
1773 1809 1907 1872 duxerit

1110 1901 1325 1974 inducendae,
1341 1919 1380 1966 ac
1395 1905 1604 1966 defensiones
1619 1907 1813 1968 monasterii
1830 1923 1904 1967 me·
1978 1905 1979 1992 i

260 2001 361 2074 tonte,
376 2002 478 2064 abbas
493 2006 720 2066 etconventus
739 2005 887 2081 praedicti
902 2005 1057 2066 conside·
1109 2000 1229 2061 morati
1261 2000 1411 2077 recipere
1439 2001 1632 2078 procuretis,
1663 2006 1695 2065 et
1723 2003 1906 2080 injungatis
1978 1993 1979 2072 l

261 2099 374 2156 rantes
387 2111 445 2173 per
460 2098 636 2160 dilationes
646 2099 736 2174 ipsas
748 2097 810 2158 sibi
826 2098 1055 2175 praejudicium

261 2194 427 2270 generari,
444 2210 518 2255 cum
529 2211 547 2256 a
559 2196 707 2272 tempore
722 2195 797 2256 latae
807 2195 978 2256 sententiae
990 2210 1054 2254 non

261 2290 1056 2369 solumbiennium,rerumetiamlerequadrien·

263 2387 355 2447 nium
370 2388 563 2461 effluxisset,
580 2391 612 2450 et
626 2390 801 2466 episcopus
825 2389 945 2450 iterum
961 2405 1055 2449 com-

262 2484 359 2545 moda
375 2488 595 2562 possessionis
615 2487 802 2564 percipiens
827 2487 959 2548 curaret
979 2503 1057 2564 pro-

261 2581 413 2658 prietatis
437 2584 600 2660 judicium
636 2584 814 2656 inchoare,
852 2585 964 2661 utpote
1001 2583 1055 2645 cui

261 2680 434 2756 expediret
449 2695 580 2758 semper
595 2683 685 2743 stare
698 2683 733 2742 in
745 2682 954 2760 possessione
970 2697 1056 2758 prae·

261 2776 361 2848 dicta,
379 2779 411 2838 et
425 2793 483 2839 eos
496 2778 610 2840 tenere
625 2779 767 2856 quodam
781 2779 877 2840 modo
891 2779 926 2839 in
947 2779 1056 2840 servi-

261 2875 342 2941 tute,
356 2875 384 2937 si
401 2877 522 2952 posset,
545 2876 700 2939 timentes
727 2877 827 2938 etiam
852 2893 893 2938 ne
911 2877 1052 2955 judices,

263 2987 403 3048 quorum
420 2973 587 3035 absentias
602 2973 857 3052 suspicabantur
872 2973 973 3034 luisse
988 2991 1055 3036 ma·

262 3069 373 3132 litiose
394 3073 525 3148 aparte
550 3071 696 3150 episcopi
715 3071 923 3150 procuratas,
946 3071 1056 3134 adhuc

261 3166 296 3228 in
311 3167 456 3228 levorem
472 3169 618 3246 ejusdem
632 3170 779 3248 episcopi
794 3169 963 3244 negotium
976 3169 1054 3229 diu-

260 3261 328 3323 tius
343 3263 549 3338 protrabant,
563 3264 680 3324 Sedem
695 3265 918 3342 Apostolicam
941 3265 1057 3342 appel·

261 3358 384 3429 larunt,
401 3359 490 3420 etad
506 3360 717 3436 praesentiam
733 3363 879 3423 nostram
896 3376 1057 3438 procura-

261 3456 351 3516 tores
366 3459 568 3518 curaverunt
588 3457 812 3521 transmittere
834 3459 1052 3535 supradictos.

261 3553 407 3629 dumque
421 3552 531 3614 nullus
544 3569 604 3631 pro
616 3558 709 3632 parte
720 3555 824 3617 altera
837 3557 1054 3633 compareret,

262 3649 326 3710 nisi
342 3650 487 3727 quidam,
501 3651 557 3730 qui
567 3651 608 3713 ad
624 3652 865 3728 impetrandum
878 3656 910 3715 et
922 3655 1057 3715 contra-

262 3746 437 3809 dicendum
452 3747 614 3811 duntaxat
636 3749 743 3812 luerat
762 3750 958 3822 destinatus,
975 3751 1055 3812 dicti

260 3845 493 3920 procuratores
508 3846 680 3908 humiliter
694 3848 913 3924 postularunt,
930 3849 966 3909 ut
981 3862 1055 3909 cum

260 3941 418 4019 praelatus
444 3944 618 4022 episcopus
645 3945 732 4006 intra
757 3947 887 4021 tempus
914 3945 948 4005 in
972 3961 1054 4006 sen-

259 4041 366 4102 tentia
380 4041 570 4116 supradicta
581 4043 740 4103 statutum
752 4042 785 4101 in
799 4058 899 4103 causa
911 4043 1057 4119 proprie·

260 4137 338 4198 tntis
359 4137 537 4213 procedere
553 4155 617 4199 non
634 4139 774 4210 curavit,
787 4139 905 4200 abbate
923 4139 955 4199 et
971 4155 1054 4200 con-

260 4235 361 4296 ventu
376 4249 508 4310 semper
528 4236 653 4312 paratis
673 4236 852 4312 procedere
874 4238 908 4296 in
927 4236 1053 4308 eadem,

260 4332 497 4394 monasterium
525 4333 632 4410 ipsum
662 4335 952 4410 pronuntiaremus
973 4333 1057 4395 libe-

258 4445 333 4489 rum
356 4431 389 4492 et
412 4431 601 4506 exemptum
630 4447 730 4508 super
759 4431 995 4508 procuratione
1016 4445 1056 4491 ac

260 4527 337 4586 aliis
361 4527 559 4603 supradictis
587 4531 780 4605 perpetuum
809 4527 873 4606 ipsi
900 4529 1055 4605 episcopo

260 4623 430 4685 silentium
455 4625 671 4701 imponentes,
688 4625 785 4704 juxta
808 4627 957 4688 tenorem
978 4641 1057 4686 sen-

261 4721 372 4782 tentiae
386 4722 582 4798 saepedictae.
598 4724 690 4785 Licet
700 4725 802 4800 igitur
812 4723 852 4784 de
863 4725 973 4801 rigore
985 4741 1056 4801 pos·

261 4833 372 4878 semus
400 4819 516 4882 contra
548 4820 656 4896 ipsum
680 4823 870 4900 episcopum
906 4823 1056 4882 severius

260 4918 474 4994 processisse,
487 4934 561 4979 cum
570 4921 698 4996 tempus
706 4919 802 4996 culpa
812 4935 872 4980 sua
883 4918 1056 4980 effluxisse

141 5085 143 5090 ,
260 5014 380 5076 inutile
400 5013 563 5088 videatur,
581 5017 617 5078 ut
640 5018 749 5077 tamen
765 5017 973 5078 occasionem
989 5031 1056 5077 non

258 5112 380 5175 babeat
413 5113 643 5174 murmurandi
679 5113 823 5190 spatium
858 5129 918 5174 sex
957 5129 1054 5174 men-

260 5211 345 5271 sium
379 5209 644 5272 inchoandorum
679 5211 715 5271 in
756 5209 909 5270 kalendis
944 5211 1056 5273 martii

258 5308 420 5386 proximis
453 5309 484 5370 ei
523 5307 564 5370 ad
601 5307 802 5385 probandam
838 5306 1056 5369 intentionem

260 5421 353 5465 suam
376 5421 476 5480 super
488 5405 653 5482 petitorio,
667 5403 874 5466 cessantibus
887 5406 1058 5466 excessio-

261 5502 358 5563 nibus
374 5503 586 5578 eupradictis,
599 5517 682 5581 quas
697 5501 833 5564 frivolas
852 5503 1053 5579 reputamus,

259 5599 1054 5677 duximusindulgendum,eumdeminexpensis,

1110 2095 1270 2172 partibus,
1295 2099 1331 2158 ut
1362 2098 1396 2159 in
1421 2098 1486 2159 tlne
1514 2099 1645 2160 termini
1669 2101 1846 2176 praetaxati
1870 2102 1905 2161 in
1978 2091 1979 2160 l

1110 2195 1253 2270 proximi
1268 2194 1464 2272 septembris
1484 2195 1647 2269 kalendis,
1660 2196 1818 2260 videlicet
1831 2214 1902 2258 cum
1978 2183 1979 2272 l

1109 2289 1358 2368 probationibus
1371 2293 1404 2353 et
1417 2291 1666 2354 defensionibus
1680 2295 1760 2366 suis,
1776 2296 1903 2370 aposto·

1110 2386 1174 2446 lico
1187 2401 1223 2448 se
1236 2387 1426 2464 conspectui
1440 2389 1690 2466 repraesentent,
1708 2390 1905 2451 sententiam

1109 2484 1304 2560 recepturae,
1334 2484 1566 2547 denuntiantes
1601 2487 1707 2547 eidem
1737 2486 1903 2564 episcopo,

1110 2580 1196 2658 quod
1209 2581 1237 2640 si
1242 2583 1313 2657 jam
1329 2581 1416 2642 dicto
1430 2583 1573 2644 termino
1583 2584 1767 2659 neglexerit
1781 2583 1816 2644 in
1830 2601 1909 2645 nos-

1111 2679 1160 2738 tra
1173 2678 1349 2754 praesentia
1377 2693 1435 2754 per
1449 2695 1485 2740 se
1499 2679 1552 2741 vel
1565 2681 1817 2757 procuratorem
1832 2681 1905 2742 ido-

1110 2777 1906 2854 neumcomparere,n0snihilominusinnegotio

1110 2871 1193 2948 ipso,
1211 2873 1369 2948 quantum
1386 2873 1537 2934 suadebit
1559 2875 1656 2946 ratio,
1680 2875 1907 2952 procedemus.

1109 2970 1223 3030 Testes
1249 2970 1359 3031 autem
1384 2971 1440 3047 qui
1464 2969 1588 3034 luerint
1611 2973 1787 3047 evocandi,
1815 2974 1845 3034 si
1872 2988 1906 3034 se
1978 2981 1979 2988 ’

1110 3066 1228 3140 gratia,
1253 3066 1339 3138 odio,
1364 3068 1416 3128 rel
1445 3069 1563 3129 timore
1589 3068 1827 3143 subtraxerint,
1852 3085 1905 3148 per

1110 3177 1284 3225 censuram
1295 3165 1566 3238 ecclesiasticam,
1584 3167 1806 3242 appellatione
1823 3169 1906 3245 post·

1110 3261 1228 3336 posita,
1241 3261 1490 3338 compescendo.
1507 3263 1616 3323 Nullis
1631 3263 1750 3324 litteris
1769 3264 1904 3326 obstan-

1110 3357 1199 3418 tibus
1221 3357 1339 3418 harum
1367 3359 1483 3420 tenore
1503 3359 1604 3422 tacito
1625 3375 1645 3422 a
1663 3362 1748 3422 Sede
1767 3363 1904 3438 Aposto-

1111 3455 1175 3516 lica
1192 3455 1387 3532 impetratis,
1405 3471 1467 3518 nec
1479 3455 1640 3530 obstante,
1657 3459 1744 3536 quod
1758 3459 1903 3521 fueritin

1111 3552 1232 3614 litteris
1248 3553 1399 3628 jamdicti
1428 3555 1533 3616 nostri
1560 3555 1818 3632 praedacessoris
1856 3573 1903 3618 ex·

1110 3664 1270 3725 pressum,
1290 3652 1325 3709 ut
1346 3649 1464 3712 littera
1480 3637 1662 3729 impetratae
1678 3652 1803 3731 absque
1820 3669 1899 3714 con-

1109 3761 1210 3807 sensu
1231 3747 1374 3822 partium
1399 3764 1465 3809 non
1493 3751 1653 3812 valerent.
1678 3751 1770 3822 Quod
1791 3752 1820 3811 si
1840 3767 1900 3812 non

1110 3857 1234 3913 omnes,
1271 3847 1333 3907 etc.
1369 3846 1488 3907 Datum
1523 3846 1675 3919 viterbii,
1698 3848 1797 3909 tertio
1833 3849 1901 3908 idus

1093 3939 1306 4013 decembris,
1327 3943 1538 4020 pontificatus
1551 3944 1656 4007 nostri
1673 3959 1762 4007 anuo
1777 3947 1900 4024 quarto.
1918 3993 1923 4002 .

1446 4095 1571 4182 LXIX

1158 4219 1211 4277 Ad
1232 4219 1428 4279 Votmorum
1444 4222 1631 4292 pedanum
1647 4223 1689 4281 de
1701 4223 1863 4282 Ktlclzcim

1215 4313 1249 4374 et
1268 4317 1511 4377 burchardum
1526 4316 1678 4390 fratrem
1691 4332 1803 4379 suum.

1372 4428 1406 4484 lt
1419 4426 1548 4485 decemb.
1565 4429 1643 4486 rare.

1218 4532 1374 4598 [Schapilim
1387 4533 1451 4584 ilist.
1470 4547 1520 4584 aar.
1534 4535 1660 4597 Beudens,
1674 4535 1717 4598 IV,
1731 4535 1797 4601 lla]

1109 4631 1350 4704 Composittonem
1365 4631 1400 4688 de
1413 4630 1477 4705 jure
1491 4640 1657 4704 patronatus
1671 4634 1756 4691 trium
1769 4635 1895 4692 ecclesia·
1978 4701 1979 4704 Ἴ

1146 4735 1220 4788 rum,
1245 4719 1388 4778 mediante
1405 4721 1614 4780 Constemieusi
1634 4723 1769 4796 episcopo
1791 4722 1895 4788 iactam,
1978 4707 1979 4742 ¹

1145 4809 1305 4867 conilrmat.

1149 4918 1327 4989 Honorius,
1345 4917 1420 4989 ete,
1437 4919 1566 4982 dilectis
1582 4919 1659 4981 filiis
1670 4921 1822 4982 Volmaro
1833 4920 1895 4997 ple·

1109 5015 1197 5076 bano
1212 5016 1253 5074 de
1269 5014 1444 5087 Kilcheim,
1462 5017 1495 5078 et
1507 5017 1698 5079 Burchardo
1713 5017 1808 5079 tratri
1829 5031 1891 5086 suo,

1110 5113 1249 5175 salutem
1269 5115 1303 5172 et
1317 5113 1533 5188 apostolicam
1548 5113 1821 5176 benedictionem.

1149 5208 1892 5286 Justispetentiumdesideriisdiguumestnos
1978 5237 1979 5276 r

1110 5305 1242 5366 lacilem
1259 5305 1407 5382 praebere
1422 5323 1619 5367 consensum
1632 5309 1665 5368 et
1678 5310 1767 5380 vota,
1790 5323 1856 5384 quae
1874 5319 1891 5364 a

1978 5399 1979 5450 l

1110 5403 1251 5469 rationis
1283 5403 1416 5465 tramite
1451 5419 1516 5463 non
1549 5403 1760 5478 discordant,
1786 5403 1893 5465 effectu
1978 5483 1979 5504 ᾖ

1112 5499 1331 5577 prosequente
1347 5499 1524 5577 complere.
1539 5503 1585 5562 Ea
1599 5503 1742 5579 propter,
1753 5501 1854 5562 dilecti
1863 5501 1892 5559 in

1111 5599 1249 5659 Domino
1274 5597 1346 5666 dlii,
1370 5599 1490 5660 vestris
1509 5599 1609 5676 justis
1629 5599 1895 5676 postulationibus
