3952 6350
73 421 123 483 cta
376 394 380 402 ’
649 345 910 481 (artarchis.
935 423 1012 481 nra.
1037 421 1074 479 v.

107 579 276 650 Praeterea,
294 579 490 656 quicumque
506 578 546 639 de
561 577 850 642 facultatibussibi
909 605 912 612 ·
1256 609 1350 695 CXC

73 678 234 740 collatisa
264 678 331 737 Dec
359 675 516 738 fratribus
545 676 737 738 subvenerit
764 693 852 753 saepe
1203 745 1208 756 ,
1404 744 1410 757 .

73 773 263 846 dictinctio
282 788 395 834 eorum
419 774 533 834 sancta
556 773 762 835 fraternitate
784 775 854 835 sta·
985 744 1036 802 Ad
1054 743 1337 816 mmmmm&
1355 755 1539 818 emmo&
1557 741 1620 803 βω·

72 871 162 933 tuerit
187 887 223 930 se
252 869 423 945 collegam,
441 870 555 947 eisque
580 870 742 931 beneficia
770 886 851 947 per·
1202 863 1237 918 lli
1249 863 1309 936 1⁸¹1·
1324 862 1403 920 ¹²²¹·

74 967 198 1030 solverit
211 967 394 1039 annuatim,
417 968 447 1028 ei
464 967 504 1028 de
515 966 687 1028 beatorum
714 970 850 1044 aposto·
1090 973 1225 1038 [stnbhe
1236 976 1252 1025 i.
1264 991 1332 1041 c.,p.
1344 977 1398 1034 rso,
1411 991 1438 1026 n.
1451 975 1519 1041 eta]

72 1066 166 1126 l⁰fl¹¹¹¹
201 1065 291 1126 Pflffl
326 1066 358 1126 θῖ
393 1064 489 1125 Pauli
510 1064 706 1126 auctffltatfl
736 1065 852 1126 00ssflSi
905 1083 990 1141 Vetat
1003 1079 1105 1139 iratres
1116 1080 1224 1139 ordinis
1238 1081 1405 1140 Theutonici
1421 1082 1565 1139 molestari
1576 1080 1611 1139 de
1623 1097 1701 1154 sepe·

73 1162 233 1238 septimam
257 1161 383 1238 partem
405 1161 563 1238 injunctae
583 1161 786 1238 poenitentiae
803 1178 853 1223 re·
940 1170 1042 1228 llendis
1067 1169 1267 1240 confratribus,
1296 1170 1332 1228 de
1356 1169 1585 1228 malefactoribus
1602 1185 1698 1243 perse-

73 1259 222 1320 laxamus.
942 1257 1073 1330 quandia,
1094 1259 1129 1316 de
1143 1259 1335 1333 eleemosynis
1350 1258 1510 1332 querendis
1531 1259 1560 1316 in
1580 1259 1700 1317 aliorum

105 1355 289 1432 apostolica
312 1371 439 1433 quoque
459 1357 667 1428 auctoritate,
690 1356 730 1418 ob
756 1371 853 1416 reve·
941 1346 1081 1404 eoelesiifl·

73 1454 200 1514 rentiam
225 1453 334 1530 ipsius
356 1454 556 1516 venerabilis
581 1453 712 1526 domus,
730 1452 851 1514 statni-
946 1455 1113 1517 Honorius
1125 1456 1310 1533 episcopus,
1323 1471 1619 1518 servusservorum
1628 1455 1698 1527 Dei,

73 1567 146 1622 mus,
166 1551 202 1612 ut
229 1551 288 1622 iis,
309 1551 366 1628 qui
384 1566 500 1612 eorum
525 1550 764 1612 fraternitatem
793 1566 852 1610 as·
906 1550 1064 1613 fratribus
1088 1552 1350 1629 archiepiscopis
1368 1554 1401 1615 et
1421 1555 1585 1630 episcopis
1604 1557 1636 1615 et
1650 1552 1703 1614 di-

73 1647 276 1723 sumpserint,
304 1647 333 1707 si
362 1647 475 1708 forsan
505 1648 670 1720 ecclcsiae,
699 1647 740 1708 ad
771 1663 853 1723 quas
907 1648 1001 1710 lectis
1015 1649 1094 1709 filiis
1107 1648 1291 1722 abbatibus,
1303 1649 1481 1726 prioribus,
1492 1649 1703 1710 archidiaco-

73 1744 393 1820 pertinent,adivinis
406 1745 530 1806 fuerint
540 1744 659 1806 officiis
670 1744 852 1806 interdictae
907 1745 969 1817 nis,
996 1745 1130 1808 decanis
1146 1747 1179 1809 et
1199 1747 1276 1806 aliis
1302 1747 1522 1808 ecclesiarum
1541 1747 1699 1824 praelatis,

73 1843 213 1918 ipsosque
228 1843 314 1902 mori
339 1842 524 1918 contigerit,
552 1842 722 1919 sepultura
741 1842 852 1903 eccle·
907 1842 947 1903 ad
964 1859 1046 1920 quos
1058 1843 1177 1905 litterae
1193 1844 1265 1905 istae
1281 1845 1504 1921 pervenerint,
1519 1844 1703 1906 salutemet

73 1939 194 2001 siastlca
217 1956 285 2000 non
310 1942 458 2016 negetur,
482 1940 549 2001 nisi
575 1939 852 2001 excommunicati
906 1940 1412 2016 apostolicambenedictionem.

72 2038 116 2096 vel
137 2037 330 2098 nominatim
350 2037 475 2097 fuerint
493 2037 670 2099 interdicti.
692 2037 852 2098 Volumus
946 2037 1064 2099 Dilectl
1079 2037 1140 2098 filii
1160 2037 1279 2098 fratres
1290 2037 1471 2122 Hospitalis
1489 2037 1618 2099 Sanctae
1629 2039 1702 2098 Ma-

72 2134 179 2206 autem,
204 2135 240 2196 ut
259 2135 359 2196 liceat
379 2134 429 2194 eis
452 2133 635 2196 confratres
657 2150 745 2206 suos,
769 2149 852 2210 quos
906 2134 966 2195 riae
985 2135 1264 2196 Thetrtonicorum
1280 2135 1586 2212 Hierosolymitani,
1606 2135 1701 2197 nobis

72 2231 274 2294 ecclesiarum
288 2231 416 2309 praelati
427 2231 513 2308 apud
525 2231 684 2292 ecclesias
698 2247 777 2292 suas
787 2245 854 2292 ma·
907 2232 1055 2307 graviter
1064 2234 1141 2294 sunt
1153 2233 1336 2311 conquesti,
1352 2233 1438 2310 quod
1448 2248 1506 2294 vos
1519 2232 1702 2295 confratres

73 2328 169 2390 litiosa
182 2345 248 2390 non
263 2329 475 2406 permiserint
487 2329 632 2406 sepeliri,
647 2329 712 2388 nisi
725 2343 854 2389 excom·
908 2343 986 2388 suos
999 2331 1032 2389 ct
1042 2329 1247 2405 eligentesiu
1259 2345 1371 2390 eorum
1386 2329 1585 2391 coemeteriis
1595 2327 1703 2405 sepul·

73 2426 216 2487 manicati
236 2425 290 2487 vel
317 2426 513 2487 nominatim
540 2425 664 2486 fuerint
686 2425 854 2486 interdicti
907 2425 1015 2487 turam
1044 2425 1084 2487 ab
1113 2426 1195 2504 ipsis
1222 2441 1288 2488 non
1320 2427 1511 2504 permittitis
1543 2426 1702 2488 fratribus

35 2551 38 2556 Δ
73 2525 120 2584 aut
133 2523 229 2584 etiam
246 2522 371 2601 publici
395 2524 551 2594 usurarii,
568 2523 779 2585 tumulandos
795 2522 855 2583 de·
907 2522 1052 2599 sepeliri,
1063 2523 1230 2585 eleisdem
1242 2522 1621 2602 exhibereJ‘ustitiamde
1632 2524 1703 2586 suis

73 2619 149 2680 ferre
169 2620 208 2680 ad
232 2620 394 2682 ecclesias
419 2635 496 2681 suas
522 2621 555 2681 et
579 2619 762 2681 oblationes
785 2621 852 2680 tam
906 2619 1176 2681 malefactoribus
1196 2615 1418 2697 negligentes,
1432 2620 1467 2681 in
1491 2621 1612 2683 vestris
1636 2635 1702 2681 non

74 2733 123 2792 pro
136 2719 182 2778 ais
197 2734 297 2797 quam
313 2718 466 2795 proeliis,
482 2717 538 2796 qui
554 2719 589 2778 in
602 2733 716 2778 eorum
732 2733 854 2778 coeme-
907 2717 1058 2794 patimini
1072 2718 1222 2780 ecclesiis
1238 2718 1357 2780 fratres
1374 2719 1462 2794 ipsos
1475 2718 1703 2795 eleemosynas

72 2813 153 2874 tariis
162 2815 385 2893 requiescunt,
397 2815 566 2888 exhibitis,
575 2813 759 2887 sina‘alieni
766 2815 853 2891 juris
907 2831 1067 2892 quaerere,
1085 2831 1146 2876 nec
1161 2815 1201 2876 ad
1223 2815 1430 2890 largiendum
1450 2815 1500 2876 eis
1513 2816 1586 2893 pias
1613 2815 1703 2876 elee-

73 2914 251 2988 praejudicio
266 2913 498 2988 retinere3hoc
512 2912 851 2983 etiamaddiio,utre-
907 2927 1061 2988 mosynas
1074 2911 1230 2989 populum
1248 2911 1431 2973 exhortari.
1448 2913 1609 2984 Quocirca
1625 2911 1702 2972 uni-

74 3014 209 3084 csptores
237 3010 459 3072 fraternitatis
486 3010 634 3088 ejusdem
664 3025 722 3071 seu
754 3010 852 3071 etiam
907 3009 1057 3070 versitati
1081 3011 1201 3070 vestrae
1223 3023 1283 3085 per
1308 3008 1496 3085 Apostolica
1518 3009 1652 3086 scripta,
1667 3009 1702 3070 in

73 3106 850 3183 collectarum,salvojnredominorumsuorum,
906 3105 1028 3166 virtute
1062 3105 1269 3178 obedientiae,
1293 3107 1443 3168 districte
1478 3106 1701 3183 praecipiendo

74 3202 124 3263 snb
135 3204 219 3265 beati
237 3204 329 3265 Petri
339 3207 372 3265 et
383 3205 497 3265 nostra
509 3204 712 3281 protectione
724 3203 854 3264 consis-
907 3202 1113 3275 mandamus,
1140 3205 1377 3280 quatenusvos
1400 3203 1464 3280 ipsi
1491 3203 1532 3264 ab
1561 3203 1703 3279 impedi-

74 3301 142 3362 tant.
153 3302 489 3380 hdJicimusinsuper,
504 3304 549 3369 ut,
562 3301 591 3362 si
600 3301 656 3378 qui
664 3300 853 3362 eorumdem
908 3299 1027 3361 mentis
1041 3299 1228 3376 hujusmodi
1246 3299 1377 3377 penitus
1389 3300 1557 3363 desistatis
1573 3299 1606 3362 et
1620 3316 1710 3361 ves·¹

74 3395 208 3470 fratrum,
232 3399 291 3476 qui
304 3398 344 3458 ad
367 3399 499 3460 easdem
519 3398 743 3461 fraternitates
761 3399 853 3459 missi
907 3399 976 3458 tros
989 3395 1137 3459 subditos
1147 3396 1260 3459 taliter
1275 3413 1518 3474 percensuram
1531 3397 1704 3458 ecclesias·

74 3491 421 3566 fuerintvelcollectas,
438 3496 470 3556 in
481 3496 662 3572 quamlibet
673 3496 851 3567 civitatem,
907 3494 1393 3572 ticam,appellati0neremota,
1406 3495 1531 3572 cogatis
1542 3495 1702 3557 desistere

75 3592 230 3653 castellum
246 3591 299 3652 vel
314 3593 422 3653 vicum
440 3592 646 3663 advenerint,
664 3592 693 3651 si
710 3591 794 3654 forte
809 3592 854 3653 lo-
908 3592 948 3653 ab
962 3593 1097 3664 eisdem,
1115 3593 1200 3670 quod
1221 3591 1300 3654 dicti
1321 3593 1439 3655 fratres
1453 3608 1554 3671 super
1568 3593 1620 3654 his
1636 3609 1702 3653 non

75 3701 124 3747 cus
138 3689 205 3766 ipse
220 3705 239 3750 a
256 3689 379 3751 divinis
394 3688 495 3750 fuerit
511 3689 630 3750 officiis
645 3690 851 3761 interdictae,
908 3689 1081 3766 possintde
1092 3690 1394 3767 caeteroquerelari.
1406 3693 1525 3752 Datum
1533 3690 1700 3763 Laterani,

75 3782 218 3847 incorum
231 3787 380 3865 jucundo
393 3787 535 3868 adventu
549 3786 650 3846 semel
662 3787 855 3864 aperiantur
907 3789 997 3846 XVII
1012 3786 1079 3848 hal.
1091 3786 1262 3859 februarii,
1275 3787 1486 3863 pontificatus
1495 3787 1600 3850 nostri
1614 3803 1702 3848 anno

74 3883 210 3946 ecclesiae
225 3885 409 3955 annuatim,
420 3885 453 3945 et
465 3883 758 3946 excommunicatis
771 3886 855 3961 ejec·
908 3884 1032 3961 quinto.

74 3977 110 4040 tis
123 3979 231 4043 divina
250 3981 373 4043 ibidem
396 3981 505 4042 officia
521 3980 738 4052 celebrentur,
762 3981 853 4042 salva
1249 4008 1364 4096 CXCI

76 4073 256 4142 inomnibus
268 4078 466 4154 supradictis
479 4078 703 4140 declaratione
714 4078 852 4138 Concilii

76 4177 237 4248 generalis.

107 4273 151 4333 Ad
182 4279 342 4353 majorem
379 4290 510 4353 quoque
539 4276 659 4336 vestrae
690 4273 853 4335 mercedis
1203 4254 1306 4327 ¹⁶l⁸¹¹·
1324 4256 1402 4313 ¹²²¹·

76 4371 567 4443 cumulum,nihil0minusv0bis
578 4371 855 4447 mandandoprae·
1089 4358 1225 4423 [sireniis
1241 4360 1258 4409 ¹·
1270 4375 1303 4419 ου
1317 4375 1343 4424 r·
1354 4359 1409 4420 ²⁸⁷,
1420 4374 1446 4410 ¹¹·
1457 4361 1526 4424 3¹⁶-l

75 4464 215 4540 cipimus,
246 4471 409 4546 quatenus
441 4469 527 4529 hanc
554 4470 702 4530 nostram
729 4468 855 4529 consti·
907 4467 990 4525 Vetat
1011 4466 1144 4538 prelatos
1163 4473 1272 4538 partem
1288 4466 1401 4523 tertiam
1420 4466 1513 4524 ordini
1527 4465 1703 4526 theutonico

75 4561 219 4626 tutionem
252 4581 311 4642 per
343 4565 519 4642 parochias
549 4567 676 4628 vestras
704 4565 852 4626 nuntiari
1161 4555 1320 4628 legatorum
1337 4562 1444 4627 petere.

75 4663 201 4736 propriis
220 4663 341 4726 litteris
360 4662 502 4724 faciatis.
524 4662 720 4724 Mandemus
739 4663 851 4732 etiam,
947 4662 1114 4723 Honorius
1125 4663 1311 4740 episcopus,
1322 4678 1438 4724 servus
1449 4678 1620 4726 servorum
1629 4665 1700 4740 Dei,

76 4757 113 4828 ut,
129 4760 153 4818 si
165 4761 218 4836 qui
233 4761 274 4822 de
286 4760 417 4823 clericis
435 4760 653 4821 ecclesiarum
665 4761 853 4821 vestrarum
907 4759 1152 4820 venerabilibus
1186 4759 1344 4822 fratribus
1376 4759 1638 4842 archiepiscopis
1670 4764 1704 4824 et

76 4855 190 4926 praefatl
199 4857 380 4935 Hospitalis
391 4857 669 4918 Theutonicorum
682 4855 851 4928 fratribus,
906 4856 1082 4933 episcopis,
1100 4857 1132 4917 et
1146 4855 1276 4918 dilectis
1292 4857 1370 4918 illlis
1386 4856 1572 4932 abbatibus,
1587 4860 1703 4936 priori·

77 4964 139 5011 cum
149 4953 278 5016 licentia
292 4954 420 5032 praelati
432 4954 494 5026 sui,
506 4954 622 5030 sponte
631 4969 670 5014 ac
681 4955 784 5029 gratis
796 4969 854 5030 per
906 4950 979 5024 bns,
990 4953 1245 5026 archidiaconis,
1256 4953 1390 5016 decanis
1403 4956 1437 5016 et
1452 4955 1529 5016 aliis
1543 4955 1703 5018 ecclesia-

77 5060 185 5111 annum
198 5053 252 5114 vel
264 5051 434 5113 biennium
448 5051 657 5113 decreverint
670 5051 850 5121 deservire,
906 5065 979 5110 rum
994 5049 1155 5127 praelatis,
1173 5051 1212 5112 ad
1227 5067 1309 5128 quos
1324 5051 1445 5114 litterae
1460 5053 1534 5114 istae
1546 5069 1702 5128 pervene-

78 5157 267 5226 nequaquam
283 5148 517 5226 impediantur,
529 5151 562 5210 et
575 5147 708 5210 interim
724 5163 784 5208 sua
799 5146 854 5208 be·
906 5147 984 5218 rint,
1002 5148 1141 5208 salutem
1153 5148 1186 5208 et
1195 5149 1411 5225 apostolicam
1425 5148 1698 5212 benedictionem.

78 5241 181 5306 neflcia
199 5249 232 5308 et
248 5246 490 5308 ecclesiasticos
506 5244 653 5307 redditus
669 5260 734 5305 non
750 5245 851 5305 amit·
947 5244 1064 5306 Dilecti
1106 5244 1168 5305 lilii
1205 5245 1311 5307 nostri
1355 5245 1476 5307 fratres
1517 5247 1700 5322 Hospitalis

77 5335 145 5400 tan.
212 5418 214 5422 ι
908 5343 1036 5403 Sanctae
1046 5341 1162 5403 Mariae
1173 5342 1452 5406 'theutonicorum
1467 5343 1702 5421 Hierosolymi-

112 5438 220 5500 hatum
241 5441 408 5513 Laterani,
425 5443 514 5502 XVII
532 5439 665 5501 kalend.
680 5438 850 5510 februarii,
906 5438 987 5511 tani,
1004 5455 1140 5513 gravem
1153 5439 1269 5500 contra
1283 5455 1341 5500 vos
1357 5438 1391 5500 in
1407 5438 1572 5502 auditorio
1588 5444 1701 5504 nosfm

79 5532 270 5606 pontificatus
285 5537 391 5600 nostri
404 5553 492 5600 anno
507 5538 633 5614 quinto.
907 5535 1090 5612 deposuere
1105 5535 1286 5613 querelam,
1300 5535 1386 5612 quod
1401 5551 1460 5598 vos
1475 5537 1606 5599 tertiam
1622 5555 1702 5615 par-

906 5634 974 5694 tem
984 5648 1195 5713 eorumquae
1206 5633 1317 5695 illisio
1328 5635 1524 5695 testamento
1535 5634 1699 5711 legantur,

907 5730 1111 5808 extorquetis
1136 5749 1197 5814 pro
1220 5732 1340 5792 vestrae
1359 5731 1540 5794 voluntatis
1562 5731 1701 5797 arbitrio

985 4105 1036 4202 Ad
1050 4145 1333 4217 archiepiscopos.
1350 4145 1484 4218 episcop
1491 4157 1539 4216 cs,
1556 4144 1618 4204 etc.
