3952 6350
290 226 351 298 ⁷65
906 233 1083 298 Honesti
1105 236 1150 298 111
1171 235 1317 298 orem.

1855 245 1905 306 rio

288 393 749 476 venerabiliiratriepiscopo
762 391 922 460 (terrasio
936 395 1079 458 etdilec·
1134 393 1178 456 sit
1189 391 1430 456 mercatoribus
1439 394 1650 472 supradictis.
1659 397 1905 463 contradictores
1958 361 1959 364 Ἴ

288 494 332 558 tu
344 493 423 558 tiliis
437 492 548 558 abbati
563 493 597 556 et
614 493 723 572 priori
737 493 850 558 sancti
864 493 1002 556 Martini
1017 495 1080 554 Se·
1134 491 1162 551 si
1178 492 1235 569 qui
1250 491 1383 562 luerint,
1396 492 1471 564 etc,
1488 508 1548 570 per
1564 509 1739 556 censuram
1754 497 1907 560 ecclesias
1958 519 1959 522 ¹

289 591 427 670 aiensis,
440 590 592 663 salutem,
608 590 670 654 etc.

330 687 504 760 Querelam
516 688 717 750 venerabilis
728 687 843 750 fratris
857 688 961 752 nostri
974 689 1080 750 Seno-

288 786 405 848 nensis
424 785 666 862 archiepiscopi
686 786 883 864 recepimus,
906 785 1080 848 continen-

287 881 357 944 tem
369 882 466 959 quod,
483 898 583 960 quum
602 882 754 944 homines
773 882 814 944 de
838 883 996 957 pruvino,
1019 884 1080 944 Se-

288 978 447 1040 nonensis
472 978 641 1050 dioecesis,
671 978 773 1040 salvis
799 978 950 1040 omnibus
978 976 1079 1040 rehus

288 1075 370 1146 suis,
385 1075 476 1138 soliti
491 1079 567 1138 sunt
578 1075 683 1138 libere
697 1076 738 1137 ad
755 1079 879 1138 terram
894 1074 1079 1153 archiepis-

288 1172 363 1251 copi
382 1171 623 1246 retransferre,
648 1173 681 1236 et
700 1173 748 1236 ibi
762 1189 797 1234 se
813 1174 995 1235 consistere
1017 1172 1077 1234 sub

287 1269 435 1348 ejusdem
440 1271 675 1348 jurisdictione
685 1271 812 1348 securi3
825 1271 948 1332 nobilis
958 1270 1078 1331 mulier

287 1367 456 1430 comitissa
479 1368 669 1444 Campania
699 1368 851 1430 homines
874 1369 974 1445 hujus
999 1366 1076 1434 loci,

287 1464 463 1544 quominus
478 1464 667 1543 hujusmodi
681 1465 833 1529 libertate
846 1465 1028 1537 struantur,
1041 1466 1077 1526 in

285 1575 389 1638 graue
399 1562 560 1640 impendit
570 1562 799 1640 prejudicium
814 1564 963 1626 ecclesiae
978 1565 1078 1626 Seno·

286 1658 401 1720 nensis
419 1681 428 1720 a
443 1660 530 1721 unde
551 1660 625 1722 fleri
644 1659 709 1721 sibi
730 1677 750 1722 a
772 1660 867 1722 nobis
892 1675 992 1738 super
1014 1661 1077 1722 hoc

281 1755 447 1832 justitiam
463 1757 652 1833 postularit.
671 1758 764 1820 Unde
784 1757 977 1820 discreiioni
994 1773 1075 1820 ves-

284 1853 345 1913 trae
360 1868 420 1929 per
430 1854 619 1930 Apostolica
634 1855 756 1932 scripta
772 1854 978 1928 mandamus,
992 1871 1076 1933 qua·

284 1949 392 2022 tenus,
418 1950 567 2026 partibus
596 1952 797 2023 convocatis,
825 1952 982 2022 audiatis,
1012 1954 1073 2014 etc.

283 2045 401 2107 Datum
422 2049 587 2122 Laterani,
609 2048 769 2110 kalendas
788 2049 916 2128 aprilis,
940 2050 1076 2126 pontifl-

283 2143 377 2204 caius
392 2145 496 2206 nostri
511 2160 598 2208 anuo
613 2145 739 2222 quinto.

608 2349 754 2438 decii

420 2493 657 2554 andecanem
674 2495 935 2554 Virduaensem.

576 2613 590 2672 i
606 2613 686 2686 april.
702 2613 781 2673 iiii.

313 2727 432 2792 memet,
447 2725 491 2779 lib.
502 2727 534 2786 V,
549 2728 622 2794 epist.
634 2727 690 2779 roi.
699 2729 756 2779 bles.
771 2731 808 2781 La
817 2729 894 2780 Porte
903 2729 937 2780 dn
949 2727 1043 2791 rheti]

283 2833 400 2897 Mandat
418 2837 444 2893 ei
461 2843 492 2893 ut
505 2836 713 2910 primiceriatus
731 2837 868 2896 italensis
883 2835 1009 2895 redditus
1026 2849 1072 2896 se·

317 2925 456 2998 questrari
475 2921 575 2994 iaciat,
596 2924 687 2983 denec
706 2924 911 2982 mercatoribus
932 2927 1036 2984 senen.
1058 2939 1074 2982 e

316 3011 420 3085 quibus
438 3012 616 3085 primicerius
639 3015 776 3072 distensis
794 3011 853 3086 iam
873 3011 931 3070 lato
951 3011 1073 3082 iunctus,

314 3107 444 3159 mutuum
463 3109 577 3160 cenmm
597 3101 787 3174 quadraginta
810 3115 970 3160 marcarum
992 3115 1075 3160 acce-

315 3197 405 3263 perat,
423 3187 599 3247 satisfactum
614 3188 708 3248 inerit.

318 3307 498 3379 Honorius,
513 3307 589 3380 etc,
601 3305 722 3368 dilecto
736 3305 805 3368 illio
821 3305 947 3369 decano
957 3305 1075 3370 Vindu-

279 3404 387 3464 nensi.
1060 3395 1061 3400 ’

319 3500 466 3563 Dilectus
482 3499 747 3563 lilinslecelinus
758 3501 878 3564 Meten.
892 3501 1073 3563 canonicus

279 3598 398 3660 humili
413 3597 509 3659 nobis
523 3598 749 3660 insinuatione
765 3599 973 3670 monstravit,
987 3598 1072 3676 quod

277 3696 373 3759 bonae
383 3697 553 3758 memoriae
564 3699 613 3768 E„
621 3695 832 3776 primicerius
842 3695 1073 3774 Meten.,apud

280 3793 396 3856 sedem
424 3795 648 3871 Apostolicam
676 3809 736 3870 pro
765 3794 834 3855 suis
863 3793 896 3856 et
922 3793 1073 3872 ecclesiae

279 3893 400 3953 Meteri.
428 3892 570 3968 negotiis
600 3889 798 3954 constitutus
827 3906 846 3951 a
875 3890 1072 3968 quibusdam

278 3988 519 4050 mercatoribus
538 3991 658 4050 senen.
675 3989 824 4049 mutuum
840 3991 972 4050 centum
986 4003 1072 4064 qua-

278 4083 432 4162 draginta
447 4101 635 4148 marcarum
650 4086 788 4162 accepit,
804 4101 863 4162 pro
880 4086 999 4164 quibus
1012 4085 1074 4145 sol·

279 4183 396 4246 vendis
409 4183 495 4246 idem
508 4183 690 4245 canonicus
701 4182 742 4244 ad
753 4198 868 4259 preces
883 4181 989 4260 ipsius
1003 4181 1075 4260 pri·

277 4265 406 4344 micerii
427 4279 574 4358 praefatis
594 4281 833 4342 mercatoribus
858 4295 894 4341 se
916 4279 1074 4341 astrinxit

276 4379 413 4442 vinculo
429 4379 631 4457 juramenti;
658 4393 761 4454 quare
785 4377 880 4438 nobis
902 4376 1074 4438 humiliter

276 4477 487 4554 supplicavit,
497 4477 533 4538 ut
545 4491 645 4552 super
659 4475 723 4537 boc
738 4475 803 4536 sibi
817 4475 993 4552 providere
1009 4474 1074 4535 mi-

277 4563 495 4638 sericorditer
522 4574 747 4650 dignaremur.
778 4575 828 4633 Ne
858 4572 960 4648 igitur
985 4571 1073 4632 idem

1132 589 1251 661 ticam,
1282 588 1503 664 appellatione
1536 591 1736 668 postposita,
1770 609 1904 670 compes-

1133 686 1248 748 cendo.
1273 688 1390 747 Datum
1411 687 1579 760 Laterani,
1607 687 1769 752 kalendas
1792 691 1902 768 aprilis,

1134 781 1345 862 pontificatus
1362 784 1468 845 nostri
1482 799 1572 846 anno
1586 785 1712 862 quinto.

1465 962 1591 1048 dccx

1237 1103 1290 1163 Ad
1307 1103 1589 1166 Staesstonemcm
1609 1107 1814 1182 episcopum.

1425 1227 1440 1282 i
1456 1225 1536 1298 april.
1554 1227 1632 1284 liii.

1158 1338 1278 1402 illapsa„
1291 1335 1335 1389 lib.
1348 1337 1381 1400 V,
1394 1339 1534 1404 epistile.
1548 1341 1607 1393 tiss.
1621 1341 1658 1392 La
1672 1342 1750 1392 Porta
1763 1341 1795 1392 du
1808 1341 1888 1407 Titii]

1180 1442 1309 1502 abatur
1323 1459 1389 1504 eum
1404 1443 1440 1502 ab
1454 1445 1604 1504 interdicto
1619 1447 1695 1519 quod
1711 1447 1867 1505 incurrerat.

1169 1562 1348 1634 Honorius,
1370 1561 1446 1634 etc..
1467 1562 1654 1626 venerabili
1672 1562 1804 1626 fratri...
1821 1567 1905 1626 Sues-

1107 1743 1108 1746 ¹
1131 1658 1261 1720 sionen.
1274 1659 1442 1736 episcopo.

1170 1760 1219 1817 Ex
1234 1759 1328 1833 parte
1343 1759 1403 1820 tua
1418 1757 1480 1818 suit
1498 1757 1593 1820 nobis
1609 1758 1782 1821 humiliter
1797 1759 1906 1833 suppli-

1131 1856 1259 1927 catum,
1286 1856 1322 1916 ut
1348 1871 1422 1916 cum
1448 1855 1483 1914 in
1509 1856 1669 1932 quosdam
1695 1855 1905 1916 malefactores

1130 1953 1196 2013 iuae
1212 1951 1364 2013 dioecesis
1379 1967 1440 2028 pro
1452 1953 1629 2014 manifesta
1643 1953 1772 2014 offensa
1786 1969 1903 2014 encom-

1130 2049 1367 2110 municatiouis
1381 2050 1581 2110 sententiam
1599 2050 1829 2127 promulgaris,
1847 2064 1905 2110 mo·

1131 2146 1257 2207 uitione
1272 2145 1381 2207 debita
1392 2161 1458 2207 non
1472 2148 1655 2223 praemissa,
1672 2148 1788 2210 contra
1802 2147 1904 2208 statuta

1130 2243 1270 2303 Concilii
1285 2243 1464 2318 generalis,
1479 2244 1565 2320 quod
1581 2243 1629 2304 sic
1648 2244 1684 2304 in
1705 2244 1830 2320 aliquos
1843 2259 1905 2304 seu·

1129 2340 1268 2403 tentiam
1287 2341 1532 2416 proferentibus
1548 2357 1608 2419 per
1629 2355 1779 2402 mensem
1793 2341 1904 2415 ingres-

1130 2452 1203 2498 sum
1229 2438 1379 2498 ecclesiae
1402 2437 1582 2508 interdicit,
1607 2438 1641 2499 et
1658 2437 1810 2512 neglecto
1830 2437 1904 2512 post·

1129 2533 1262 2596 modum
1288 2534 1477 2612 bnjusmodi
1499 2534 1724 2597 celebraveris
1748 2534 1904 2595 interdicto
1958 2579 1959 2610 2

1129 2630 1238 2692 tecum
1253 2631 1467 2706 dignaremur
1481 2648 1582 2709 super
1591 2631 1655 2692 boc
1664 2630 1905 2694 misericorditer
1958 2679 1959 2690 ,

1130 2727 1334 2805 dispensare.
1345 2729 1414 2790 Nes
1424 2743 1504 2805 ergo
1515 2728 1735 2801 attendentes,
1752 2728 1833 2806 quod
1843 2741 1903 2786 cun
1958 2811 1959 2818 ἵ

1130 2825 1247 2901 sponte
1261 2823 1424 2887 confessis
1448 2825 1561 2888 mitius
1578 2825 1622 2886 sit
1642 2825 1818 2900 agendum,
1833 2822 1903 2884 etad
1958 2832 1959 2860 t

1129 2921 1348 2995 devotionem,
1363 2922 1515 3000 quemad
1529 2925 1716 2984 Romanam
1731 2921 1903 2989 Ecclesiam,
1958 2965 1959 3002 3

1129 3020 1163 3082 et
1175 3021 1322 3083 nostram
1336 3021 1427 3096 geris
1441 3035 1617 3096 personam
1631 3019 1778 3083 debitum
1791 3033 1904 3094 respec-

1128 3118 1198 3180 tum
1217 3116 1387 3190 habentes,
1409 3117 1517 3179 tecum
1534 3133 1634 3194 super
1651 3117 1718 3180 hoc
1738 3116 1779 3178 de
1793 3114 1904 3176 miseri-

1129 3213 1254 3286 cordia,
1271 3231 1345 3292 quaa
1359 3215 1737 3293 superexaltatJudicio,
1752 3213 1904 3289 dispensa·
1958 3287 1959 3290 Ἴ

1129 3327 1213 3383 mus,
1235 3312 1457 3389 injungentes,
1479 3312 1516 3372 ut
1536 3327 1558 3374 a
1578 3312 1834 3389 praesumptione
1854 3308 1904 3367 bu-

1125 3409 1271 3487 jusmodi
1285 3410 1326 3472 de
1345 3411 1468 3472 caetero
1486 3423 1606 3470 careas
1628 3408 1816 3484 diligenter,
1830 3419 1902 3482 pre·

1129 3507 1243 3570 sertim
1259 3523 1360 3583 quum
1374 3523 1417 3568 ex
1427 3506 1616 3582 ignorantia
1629 3505 1720 3583 juris
1734 3519 1800 3568 non
1812 3500 1902 3580 possis

1129 3604 1373 3682 quomodolibet
1395 3605 1561 3678 excusari,
1583 3605 1696 3680 utpote
1722 3603 1776 3664 vir
1802 3597 1904 3678 praedi·

1128 3703 1181 3763 tus
1209 3701 1350 3764 scientia
1381 3701 1577 3764 litterarum.
1605 3700 1727 3763 Datum
1753 3694 1900 3762 Laterani,
1958 3699 1959 3756 ἶ

1128 3798 1288 3861 kalendas
1304 3799 1432 3876 aprilis,
1446 3815 1533 3862 anno
1548 3798 1672 3876 quinte.

1452 3974 1598 4062 dccii

1128 4121 1179 4180 Ad
1193 4121 1372 4189 decanum,
1393 4117 1666 4179 concreaturam
1682 4119 1730 4176 Η.
1746 4119 1786 4176 de
1799 4111 1903 4176 Soracte
1958 4097 1959 4188 3

1221 4217 1378 4291 Remiqto
1392 4217 1603 4304 santonicum
1613 4215 1826 4275 lismensem.

1420 4337 1436 4394 2
1452 4336 1533 4412 april.
1549 4335 1627 4393 liii.

1161 4451 1280 4518 [negas
1294 4449 1340 4502 nn
1352 4451 1382 4510 r,
1397 4450 1603 4516 apetamus.
1615 4450 1651 4499 na
1663 4448 1784 4502 rorem
1797 4443 1876 4506 run]
1958 4421 1959 4424 ’

1157 4559 1288 4631 Praecipit
1301 4559 1343 4617 eis
1358 4565 1390 4616 ut
1403 4556 1610 4616 thesaurarium
1630 4533 1837 4630 Lin'gonsuseu
1851 4547 1879 4606 ab

1173 4645 1333 4703 infestando
1345 4645 1520 4718 Lingonensi
1536 4645 1670 4718 episcopo
1681 4646 1862 4718 compescant.
1958 4705 1959 4728 ἶ

278 4673 460 4734 canonicus
482 4671 559 4732 inde
581 4672 728 4748 patiatur
749 4671 958 4749 dispendium
985 4669 1072 4730 unde

277 4770 461 4850 promeruit
481 4769 634 4846 gratiam,
659 4784 743 4830 neve
767 4769 896 4830 reatum
922 4766 1074 4829 incurrat
1167 4763 1348 4834 Honorius,
1364 4763 1441 4835 etc,
1459 4762 1587 4824 dilectis
1601 4761 1682 4824 liliis
1694 4761 1827 4829 decano,
1841 4752 1897 4816 cel·

276 4867 418 4946 perjurii
433 4883 534 4945 quum
553 4883 620 4928 non
643 4866 765 4928 babeat
783 4866 870 4927 uude
891 4865 995 4942 possit
1011 4879 1074 4940 pe·
1127 4861 1264 4948 larario,
1279 4863 1313 4924 et
1327 4863 1367 4924 H.
1382 4860 1423 4920 de
1442 4861 1563 4924 Sancto
1585 4859 1738 4936 Remigio
1752 4850 1898 4923 canonicis
1958 4951 1959 4960 ἵ

278 4967 410 5030 cuniam
425 4965 534 5042 ipsam
554 4965 684 5027 solvere
699 4963 851 5025 terminis
871 4962 1071 5034 constitutis,
1130 4963 1295 5026 Senones.

277 5055 471 5127 discreiioni
485 5065 552 5126 tuae
567 5077 627 5140 per
640 5061 831 5138 Apostolica
847 5060 971 5138 scripta
984 5075 1075 5120 man·
1168 5061 1332 5119 Perverse
1353 5054 1532 5118 obstinatio
1550 5055 1583 5117 et
1599 5052 1895 5127 obstinataperrer-
1958 5141 1959 5146 ἵ

278 5162 396 5224 damus
407 5162 570 5240 quatenus
581 5160 763 5238 proventus
775 5158 1032 5236 primiceriatus,
1042 5157 1075 5219 et
1130 5155 1211 5217 sitas
1231 5153 1435 5217 thesaurarii
1456 5153 1639 5230 Lingoueu.
1669 5148 1851 5226 exposcunt,
1870 5139 1897 5198 ul

278 5261 420 5322 alierum
436 5258 673 5322 beneficiorum
687 5256 795 5334 ipsius
809 5255 993 5334 primicerii
1004 5255 1075 5318 sive
1129 5253 1319 5330 frequentes
1340 5251 1544 5312 destinemus
1558 5247 1688 5312 litteras
1703 5248 1813 5308 contra
1826 5252 1895 5308 eum,

278 5358 434 5422 vacantia
455 5357 524 5428 ilat,
542 5357 614 5418 sive
629 5356 730 5417 etiam
742 5357 812 5431 jam
828 5352 950 5416 collata
969 5352 1074 5414 iacias
1130 5351 1211 5412 etin
1226 5349 1342 5410 morbo
1361 5347 1577 5426 experiamur
1594 5345 1787 5416 cauterium,
1803 5341 1833 5400 iu
1846 5345 1896 5438 quo

280 5454 482 5533 sequestrari
503 5453 640 5526 tamdiu,
657 5453 690 5514 et
710 5468 784 5513 cum
805 5449 978 5526 diligentia
998 5466 1077 5511 cus·
1130 5447 1294 5510 medicina
1308 5461 1374 5508 non
1387 5444 1543 5524 provenit
1556 5442 1783 5506 fomentorum.
1803 5435 1897 5509 siqu-

276 5553 512 5627 todiri,donec
527 5551 567 5614 de
582 5552 670 5616 sorte
688 5565 748 5612 sua
771 5549 850 5612 inde
866 5547 1074 5612 satisfactum
1131 5547 1204 5610 dem
1229 5543 1380 5606 eumdem
1402 5540 1651 5605 thesaurarium
1676 5553 1762 5616 saepe
1780 5531 1895 5596 lecimus
1958 5599 1959 5602 Ἴ
