<?xml version="1.0" encoding="UTF-8"?>
<!DOCTYPE html PUBLIC "-//W3C//DTD XHTML 1.0 Transitional//EN"
    "http://www.w3.org/TR/xhtml1/DTD/xhtml1-transitional.dtd">
<html xmlns="http://www.w3.org/1999/xhtml" xml:lang="en" lang="en">
 <head>
  <title>
</title>
<meta http-equiv="Content-Type" content="text/html;charset=utf-8" />
  <meta name='ocr-system' content='tesseract 3.04.00' />
  <meta name='ocr-capabilities' content='ocr_page ocr_carea ocr_par ocr_line ocrx_word'/>
</head>
<body>
  <div class='ocr_page' id='page_1' title='image "./mediiaevibiblio01bottgoog_0471.png"; bbox 0 0 4066 6290; ppageno 0'>
   <div class='ocr_carea' id='block_1_1' title="bbox 261 293 1912 362">
    <p class='ocr_par' dir='ltr' id='par_1_1' title="bbox 261 293 1912 362">
     <span class='ocr_line' id='line_1_1' title="bbox 261 293 1912 362; baseline 0 -2"><span class='ocrx_word' id='word_1_1' title='bbox 261 293 323 360; x_wconf 79' lang='lat' dir='ltr'>tit</span> <span class='ocrx_word' id='word_1_2' title='bbox 823 295 1060 362; x_wconf 71' lang='lat' dir='ltr'>APPENMCE</span> <span class='ocrx_word' id='word_1_3' title='bbox 1081 297 1136 362; x_wconf 90' lang='lat' dir='ltr'>DU</span> <span class='ocrx_word' id='word_1_4' title='bbox 1159 297 1288 362; x_wconf 74' lang='lat' dir='ltr'>brine</span> <span class='ocrx_word' id='word_1_5' title='bbox 1306 298 1346 360; x_wconf 82' lang='lat' dir='ltr'>V.</span> <span class='ocrx_word' id='word_1_6' title='bbox 1849 297 1912 360; x_wconf 76' lang='lat' dir='ltr'>elo</span> 
     </span>
    </p>
   </div>
   <div class='ocr_carea' id='block_1_2' title="bbox 120 419 1911 686">
    <p class='ocr_par' dir='ltr' id='par_1_2' title="bbox 120 419 1911 686">
     <span class='ocr_line' id='line_1_2' title="bbox 120 419 1911 536; baseline -0.003 -12"><span class='ocrx_word' id='word_1_7' title='bbox 120 419 127 431; x_wconf 31' lang='grc' dir='ltr'>Ι</span> <span class='ocrx_word' id='word_1_8' title='bbox 186 522 191 531; x_wconf 80' lang='grc'><strong>,</strong></span> <span class='ocrx_word' id='word_1_9' title='bbox 269 457 602 522; x_wconf 69' lang='lat' dir='ltr'>annumeratam</span> <span class='ocrx_word' id='word_1_10' title='bbox 617 458 681 520; x_wconf 90' lang='lat' dir='ltr'>boc</span> <span class='ocrx_word' id='word_1_11' title='bbox 693 457 847 520; x_wconf 84' lang='lat' dir='ltr'>edictoin</span> <span class='ocrx_word' id='word_1_12' title='bbox 861 459 1058 536; x_wconf 84' lang='lat' dir='ltr'>perpetuum</span> <span class='ocrx_word' id='word_1_13' title='bbox 1152 457 1296 534; x_wconf 81' lang='lat' dir='ltr'>naugn</span> <span class='ocrx_word' id='word_1_14' title='bbox 1324 469 1530 534; x_wconf 87' lang='lat' dir='ltr'>quocumque</span> <span class='ocrx_word' id='word_1_15' title='bbox 1557 457 1707 518; x_wconf 84' lang='lat' dir='ltr'>locorum</span> <span class='ocrx_word' id='word_1_16' title='bbox 1739 470 1911 534; x_wconf 80' lang='lat' dir='ltr'>pervene-</span> 
     </span>
     <span class='ocr_line' id='line_1_3' title="bbox 258 555 1910 686; baseline -0.002 -67"><span class='ocrx_word' id='word_1_17' title='bbox 258 557 416 686; x_wconf 48' lang='lat' dir='ltr'>zalitnro,</span> <span class='ocrx_word' id='word_1_18' title='bbox 434 557 470 618; x_wconf 88' lang='lat' dir='ltr'>ut</span> <span class='ocrx_word' id='word_1_19' title='bbox 491 556 679 632; x_wconf 88' lang='lat' dir='ltr'>potestates,</span> <span class='ocrx_word' id='word_1_20' title='bbox 705 557 871 629; x_wconf 89' lang='lat' dir='ltr'>consules,</span> <span class='ocrx_word' id='word_1_21' title='bbox 898 571 957 618; x_wconf 87' lang='lat' dir='ltr'>sen</span> <span class='ocrx_word' id='word_1_22' title='bbox 978 571 1057 618; x_wconf 87' lang='lat' dir='ltr'>rec·</span> <span class='ocrx_word' id='word_1_23' title='bbox 1111 555 1190 628; x_wconf 88' lang='lat' dir='ltr'>rint,</span> <span class='ocrx_word' id='word_1_24' title='bbox 1206 555 1235 616; x_wconf 93' lang='lat' dir='ltr'>si</span> <span class='ocrx_word' id='word_1_25' title='bbox 1251 571 1316 632; x_wconf 90' lang='lat' dir='ltr'>quc</span> <span class='ocrx_word' id='word_1_26' title='bbox 1333 569 1414 616; x_wconf 87' lang='lat' dir='ltr'>casu</span> <span class='ocrx_word' id='word_1_27' title='bbox 1436 555 1641 630; x_wconf 79' lang='lat' dir='ltr'>contingenti</span> <span class='ocrx_word' id='word_1_28' title='bbox 1656 556 1756 632; x_wconf 86' lang='lat' dir='ltr'>rupta</span> <span class='ocrx_word' id='word_1_29' title='bbox 1770 555 1910 626; x_wconf 87' lang='lat' dir='ltr'>inerint,</span> 
     </span>
    </p>
   </div>
   <div class='ocr_carea' id='block_1_3' title="bbox 190 647 1918 4928">
    <p class='ocr_par' dir='ltr' id='par_1_3' title="bbox 190 647 1918 4928">
     <span class='ocr_line' id='line_1_4' title="bbox 280 647 1914 736; baseline -0.002 -22"><span class='ocrx_word' id='word_1_30' title='bbox 280 647 365 736; x_wconf 58' lang='lat' dir='ltr'>breg,</span> <span class='ocrx_word' id='word_1_31' title='bbox 385 653 636 732; x_wconf 80' lang='lat' dir='ltr'>quibuscunque</span> <span class='ocrx_word' id='word_1_32' title='bbox 657 653 836 729; x_wconf 86' lang='lat' dir='ltr'>iungantur</span> <span class='ocrx_word' id='word_1_33' title='bbox 850 653 982 725; x_wconf 86' lang='lat' dir='ltr'>ciliciis,</span> <span class='ocrx_word' id='word_1_34' title='bbox 997 647 1059 731; x_wconf 87' lang='lat' dir='ltr'>prc&#39;</span> <span class='ocrx_word' id='word_1_35' title='bbox 1088 707 1089 710; x_wconf 68' lang='grc'>,</span> <span class='ocrx_word' id='word_1_36' title='bbox 1114 653 1167 714; x_wconf 85' lang='lat' dir='ltr'>vel</span> <span class='ocrx_word' id='word_1_37' title='bbox 1187 653 1286 714; x_wconf 89' lang='lat' dir='ltr'>aliter</span> <span class='ocrx_word' id='word_1_38' title='bbox 1307 653 1349 713; x_wconf 86' lang='lat' dir='ltr'>ad</span> <span class='ocrx_word' id='word_1_39' title='bbox 1366 653 1490 714; x_wconf 89' lang='lat' dir='ltr'>terram</span> <span class='ocrx_word' id='word_1_40' title='bbox 1516 653 1739 728; x_wconf 78' lang='lat' dir='ltr'>pervenerint,</span> <span class='ocrx_word' id='word_1_41' title='bbox 1758 655 1826 714; x_wconf 85' lang='lat' dir='ltr'>tam</span> <span class='ocrx_word' id='word_1_42' title='bbox 1848 667 1914 712; x_wconf 88' lang='lat' dir='ltr'>na-</span> 
     </span>
     <span class='ocr_line' id='line_1_5' title="bbox 258 713 1912 860; baseline 0.001 -50"><span class='ocrx_word' id='word_1_43' title='bbox 258 713 456 860; x_wconf 39' lang='lat' dir='ltr'>:f‘jensione</span> <span class='ocrx_word' id='word_1_44' title='bbox 471 751 548 816; x_wconf 89' lang='lat' dir='ltr'>iidei</span> <span class='ocrx_word' id='word_1_45' title='bbox 564 751 721 828; x_wconf 74' lang='lat' dir='ltr'>praestent</span> <span class='ocrx_word' id='word_1_46' title='bbox 739 751 868 828; x_wconf 91' lang='lat' dir='ltr'>publice</span> <span class='ocrx_word' id='word_1_47' title='bbox 879 754 1056 828; x_wconf 88' lang='lat' dir='ltr'>jnramen-</span> <span class='ocrx_word' id='word_1_48' title='bbox 1111 750 1213 825; x_wconf 76' lang='lat' dir='ltr'>rigia,</span> <span class='ocrx_word' id='word_1_49' title='bbox 1235 765 1334 828; x_wconf 78' lang='lat' dir='ltr'>quana</span> <span class='ocrx_word' id='word_1_50' title='bbox 1357 750 1586 824; x_wconf 79' lang='lat' dir='ltr'>navigantium</span> <span class='ocrx_word' id='word_1_51' title='bbox 1613 749 1699 810; x_wconf 88' lang='lat' dir='ltr'>bona</span> <span class='ocrx_word' id='word_1_52' title='bbox 1726 747 1794 810; x_wconf 89' lang='lat' dir='ltr'>illis</span> <span class='ocrx_word' id='word_1_53' title='bbox 1818 750 1912 812; x_wconf 83' lang='lat' dir='ltr'>inte-</span> 
     </span>
     <span class='ocr_line' id='line_1_6' title="bbox 259 817 1914 948; baseline 0 -40"><span class='ocrx_word' id='word_1_54' title='bbox 259 817 343 948; x_wconf 51' lang='grc' dir='ltr'>εἴξῃ,</span> <span class='ocrx_word' id='word_1_55' title='bbox 360 847 446 924; x_wconf 91' lang='lat' dir='ltr'>quod</span> <span class='ocrx_word' id='word_1_56' title='bbox 462 848 503 910; x_wconf 89' lang='lat' dir='ltr'>de</span> <span class='ocrx_word' id='word_1_57' title='bbox 528 849 627 910; x_wconf 89' lang='lat' dir='ltr'>terris</span> <span class='ocrx_word' id='word_1_58' title='bbox 643 865 711 910; x_wconf 77' lang='lat' dir='ltr'>suae</span> <span class='ocrx_word' id='word_1_59' title='bbox 730 848 956 926; x_wconf 79' lang='lat' dir='ltr'>jurisdictioni</span> <span class='ocrx_word' id='word_1_60' title='bbox 978 849 1059 910; x_wconf 93' lang='lat' dir='ltr'>sub-</span> <span class='ocrx_word' id='word_1_61' title='bbox 1111 862 1170 924; x_wconf 88' lang='lat' dir='ltr'>gre</span> <span class='ocrx_word' id='word_1_62' title='bbox 1195 848 1419 920; x_wconf 80' lang='lat' dir='ltr'>reserventur,</span> <span class='ocrx_word' id='word_1_63' title='bbox 1444 847 1484 907; x_wconf 93' lang='lat' dir='ltr'>ad</span> <span class='ocrx_word' id='word_1_64' title='bbox 1514 862 1596 924; x_wconf 90' lang='lat' dir='ltr'>quos</span> <span class='ocrx_word' id='word_1_65' title='bbox 1626 847 1823 923; x_wconf 82' lang='lat' dir='ltr'>spectabant</span> <span class='ocrx_word' id='word_1_66' title='bbox 1848 863 1914 908; x_wconf 91' lang='lat' dir='ltr'>an-</span> 
     </span>
     <span class='ocr_line' id='line_1_7' title="bbox 248 943 1914 1028; baseline -0.001 -22"><span class='ocrx_word' id='word_1_67' title='bbox 248 945 367 1028; x_wconf 59' lang='lat' dir='ltr'>¹pectis,</span> <span class='ocrx_word' id='word_1_68' title='bbox 383 943 557 1008; x_wconf 85' lang='lat' dir='ltr'>universos</span> <span class='ocrx_word' id='word_1_69' title='bbox 578 947 753 1008; x_wconf 87' lang='lat' dir='ltr'>haereticos</span> <span class='ocrx_word' id='word_1_70' title='bbox 775 946 816 1008; x_wconf 86' lang='lat' dir='ltr'>ab</span> <span class='ocrx_word' id='word_1_71' title='bbox 835 947 983 1008; x_wconf 84' lang='lat' dir='ltr'>Ecclesia</span> <span class='ocrx_word' id='word_1_72' title='bbox 998 947 1058 1007; x_wconf 87' lang='lat' dir='ltr'>de·</span> <span class='ocrx_word' id='word_1_73' title='bbox 1114 945 1243 1022; x_wconf 87' lang='lat' dir='ltr'>tequam</span> <span class='ocrx_word' id='word_1_74' title='bbox 1261 945 1430 1020; x_wconf 85' lang='lat' dir='ltr'>navigium</span> <span class='ocrx_word' id='word_1_75' title='bbox 1448 943 1530 1005; x_wconf 91' lang='lat' dir='ltr'>illud</span> <span class='ocrx_word' id='word_1_76' title='bbox 1543 943 1726 1020; x_wconf 84' lang='lat' dir='ltr'>periculum</span> <span class='ocrx_word' id='word_1_77' title='bbox 1745 944 1914 1006; x_wconf 89' lang='lat' dir='ltr'>incurris-</span> 
     </span>
     <span class='ocr_line' id='line_1_8' title="bbox 190 1041 1915 1121; baseline -0.002 -16"><span class='ocrx_word' id='word_1_78' title='bbox 190 1046 210 1059; x_wconf 93' lang='grc'>““</span> <span class='ocrx_word' id='word_1_79' title='bbox 260 1043 404 1117; x_wconf 69' lang='lat' dir='ltr'>nomios,</span> <span class='ocrx_word' id='word_1_80' title='bbox 420 1043 507 1105; x_wconf 91' lang='lat' dir='ltr'>bona</span> <span class='ocrx_word' id='word_1_81' title='bbox 529 1043 593 1105; x_wconf 86' lang='lat' dir='ltr'>ilde</span> <span class='ocrx_word' id='word_1_82' title='bbox 618 1057 677 1121; x_wconf 88' lang='lat' dir='ltr'>pro</span> <span class='ocrx_word' id='word_1_83' title='bbox 692 1044 818 1105; x_wconf 83' lang='lat' dir='ltr'>viribus</span> <span class='ocrx_word' id='word_1_84' title='bbox 833 1045 1058 1107; x_wconf 83' lang='lat' dir='ltr'>exterminare</span> <span class='ocrx_word' id='word_1_85' title='bbox 1112 1043 1171 1102; x_wconf 87' lang='lat' dir='ltr'>set.</span> <span class='ocrx_word' id='word_1_86' title='bbox 1190 1041 1327 1104; x_wconf 86' lang='lat' dir='ltr'>Sublata</span> <span class='ocrx_word' id='word_1_87' title='bbox 1346 1041 1495 1104; x_wconf 88' lang='lat' dir='ltr'>omnium</span> <span class='ocrx_word' id='word_1_88' title='bbox 1509 1041 1658 1104; x_wconf 89' lang='lat' dir='ltr'>locorum</span> <span class='ocrx_word' id='word_1_89' title='bbox 1678 1041 1810 1119; x_wconf 91' lang='lat' dir='ltr'>penitus</span> <span class='ocrx_word' id='word_1_90' title='bbox 1828 1057 1915 1103; x_wconf 91' lang='lat' dir='ltr'>con-</span> 
     </span>
     <span class='ocr_line' id='line_1_9' title="bbox 260 1139 1910 1220; baseline -0.001 -19"><span class='ocrx_word' id='word_1_91' title='bbox 260 1141 448 1202; x_wconf 82' lang='lat' dir='ltr'>studebant.</span> <span class='ocrx_word' id='word_1_92' title='bbox 473 1144 522 1203; x_wconf 92' lang='lat' dir='ltr'>Ita</span> <span class='ocrx_word' id='word_1_93' title='bbox 535 1142 1057 1220; x_wconf 86' lang='lat' dir='ltr'>quodammodcquandocumqne</span> <span class='ocrx_word' id='word_1_94' title='bbox 1112 1139 1297 1212; x_wconf 86' lang='lat' dir='ltr'>suetudine,</span> <span class='ocrx_word' id='word_1_95' title='bbox 1313 1156 1388 1218; x_wconf 82' lang='lat' dir='ltr'>quea</span> <span class='ocrx_word' id='word_1_96' title='bbox 1412 1139 1491 1200; x_wconf 82' lang='lat' dir='ltr'>buic</span> <span class='ocrx_word' id='word_1_97' title='bbox 1510 1139 1708 1202; x_wconf 86' lang='lat' dir='ltr'>adversatur</span> <span class='ocrx_word' id='word_1_98' title='bbox 1729 1139 1910 1212; x_wconf 90' lang='lat' dir='ltr'>sanctioni,</span> 
     </span>
     <span class='ocr_line' id='line_1_10' title="bbox 261 1236 1912 1317; baseline -0.001 -19"><span class='ocrx_word' id='word_1_99' title='bbox 261 1236 362 1301; x_wconf 84' lang='lat' dir='ltr'>tuerit</span> <span class='ocrx_word' id='word_1_100' title='bbox 380 1237 456 1316; x_wconf 89' lang='lat' dir='ltr'>quis</span> <span class='ocrx_word' id='word_1_101' title='bbox 477 1239 512 1300; x_wconf 93' lang='lat' dir='ltr'>in</span> <span class='ocrx_word' id='word_1_102' title='bbox 535 1240 741 1316; x_wconf 84' lang='lat' dir='ltr'>potestatem,</span> <span class='ocrx_word' id='word_1_103' title='bbox 767 1241 839 1302; x_wconf 88' lang='lat' dir='ltr'>sive</span> <span class='ocrx_word' id='word_1_104' title='bbox 864 1241 1056 1317; x_wconf 88' lang='lat' dir='ltr'>perpetuam</span> <span class='ocrx_word' id='word_1_105' title='bbox 1111 1237 1178 1298; x_wconf 90' lang='lat' dir='ltr'>uisi</span> <span class='ocrx_word' id='word_1_106' title='bbox 1191 1237 1273 1300; x_wconf 89' lang='lat' dir='ltr'>talia</span> <span class='ocrx_word' id='word_1_107' title='bbox 1291 1237 1359 1298; x_wconf 91' lang='lat' dir='ltr'>sint</span> <span class='ocrx_word' id='word_1_108' title='bbox 1372 1237 1510 1312; x_wconf 89' lang='lat' dir='ltr'>navigia</span> <span class='ocrx_word' id='word_1_109' title='bbox 1525 1251 1598 1314; x_wconf 81' lang='lat' dir='ltr'>quae</span> <span class='ocrx_word' id='word_1_110' title='bbox 1612 1237 1789 1314; x_wconf 85' lang='lat' dir='ltr'>piraticam</span> <span class='ocrx_word' id='word_1_111' title='bbox 1805 1253 1912 1298; x_wconf 80' lang='lat' dir='ltr'>exer-</span> 
     </span>
     <span class='ocr_line' id='line_1_11' title="bbox 260 1331 1914 1415; baseline -0.001 -19"><span class='ocrx_word' id='word_1_112' title='bbox 260 1331 314 1396; x_wconf 83' lang='lat' dir='ltr'>vei</span> <span class='ocrx_word' id='word_1_113' title='bbox 339 1336 556 1414; x_wconf 87' lang='lat' dir='ltr'>temporalem</span> <span class='ocrx_word' id='word_1_114' title='bbox 587 1339 787 1415; x_wconf 86' lang='lat' dir='ltr'>assumptus,</span> <span class='ocrx_word' id='word_1_115' title='bbox 815 1338 880 1400; x_wconf 92' lang='lat' dir='ltr'>boc</span> <span class='ocrx_word' id='word_1_116' title='bbox 904 1339 1059 1400; x_wconf 88' lang='lat' dir='ltr'>teneatur</span> <span class='ocrx_word' id='word_1_117' title='bbox 1112 1335 1208 1413; x_wconf 78' lang='lat' dir='ltr'>ceant</span> <span class='ocrx_word' id='word_1_118' title='bbox 1222 1335 1432 1412; x_wconf 83' lang='lat' dir='ltr'>pravitatem,</span> <span class='ocrx_word' id='word_1_119' title='bbox 1445 1336 1504 1397; x_wconf 86' lang='lat' dir='ltr'>aut</span> <span class='ocrx_word' id='word_1_120' title='bbox 1517 1333 1705 1408; x_wconf 83' lang='lat' dir='ltr'>sintnobis,</span> <span class='ocrx_word' id='word_1_121' title='bbox 1718 1335 1773 1400; x_wconf 79' lang='lat' dir='ltr'>rel</span> <span class='ocrx_word' id='word_1_122' title='bbox 1791 1335 1914 1396; x_wconf 79' lang='lat' dir='ltr'>Chris-</span> 
     </span>
     <span class='ocr_line' id='line_1_12' title="bbox 262 1427 1819 1512; baseline -0.001 -18"><span class='ocrx_word' id='word_1_123' title='bbox 262 1429 444 1509; x_wconf 87' lang='lat' dir='ltr'>capitulnm</span> <span class='ocrx_word' id='word_1_124' title='bbox 462 1435 652 1512; x_wconf 70' lang='lat' dir='ltr'>iuramento</span> <span class='ocrx_word' id='word_1_125' title='bbox 668 1435 812 1498; x_wconf 76' lang='lat' dir='ltr'>firmare.</span> <span class='ocrx_word' id='word_1_126' title='bbox 826 1435 983 1512; x_wconf 81' lang='lat' dir='ltr'>Alioquin</span> <span class='ocrx_word' id='word_1_127' title='bbox 995 1451 1057 1496; x_wconf 88' lang='lat' dir='ltr'>nec</span> <span class='ocrx_word' id='word_1_128' title='bbox 1111 1427 1203 1494; x_wconf 88' lang='lat' dir='ltr'>tiano</span> <span class='ocrx_word' id='word_1_129' title='bbox 1218 1433 1346 1494; x_wconf 90' lang='lat' dir='ltr'>nomini</span> <span class='ocrx_word' id='word_1_130' title='bbox 1360 1432 1508 1494; x_wconf 89' lang='lat' dir='ltr'>inimica.</span> <span class='ocrx_word' id='word_1_131' title='bbox 1816 1501 1819 1508; x_wconf 13' lang='lat' dir='ltr'>q</span> 
     </span>
     <span class='ocr_line' id='line_1_13' title="bbox 261 1528 1913 1610; baseline -0.001 -19"><span class='ocrx_word' id='word_1_132' title='bbox 261 1545 322 1608; x_wconf 89' lang='lat' dir='ltr'>pro</span> <span class='ocrx_word' id='word_1_133' title='bbox 337 1531 565 1608; x_wconf 89' lang='lat' dir='ltr'>potestatibus,</span> <span class='ocrx_word' id='word_1_134' title='bbox 587 1549 649 1594; x_wconf 91' lang='lat' dir='ltr'>nec</span> <span class='ocrx_word' id='word_1_135' title='bbox 672 1533 938 1610; x_wconf 90' lang='lat' dir='ltr'>proconsulibus</span> <span class='ocrx_word' id='word_1_136' title='bbox 954 1533 1057 1594; x_wconf 89' lang='lat' dir='ltr'>babe-</span> <span class='ocrx_word' id='word_1_137' title='bbox 1150 1531 1431 1606; x_wconf 74' lang='lat' dir='ltr'>ibansgmssorss</span> <span class='ocrx_word' id='word_1_138' title='bbox 1449 1547 1531 1593; x_wconf 84' lang='lat' dir='ltr'>vero</span> <span class='ocrx_word' id='word_1_139' title='bbox 1547 1528 1646 1610; x_wconf 87' lang='lat' dir='ltr'>bujus</span> <span class='ocrx_word' id='word_1_140' title='bbox 1665 1530 1791 1592; x_wconf 72' lang='lat' dir='ltr'>nostrie</span> <span class='ocrx_word' id='word_1_141' title='bbox 1810 1545 1913 1591; x_wconf 85' lang='lat' dir='ltr'>cons·-</span> 
     </span>
     <span class='ocr_line' id='line_1_14' title="bbox 261 1623 1912 1704; baseline -0.001 -16"><span class='ocrx_word' id='word_1_142' title='bbox 261 1623 371 1700; x_wconf 87' lang='lat' dir='ltr'>antur,</span> <span class='ocrx_word' id='word_1_143' title='bbox 395 1629 566 1691; x_wconf 90' lang='lat' dir='ltr'>eteorum</span> <span class='ocrx_word' id='word_1_144' title='bbox 590 1630 772 1692; x_wconf 87' lang='lat' dir='ltr'>sententias</span> <span class='ocrx_word' id='word_1_145' title='bbox 797 1630 911 1692; x_wconf 87' lang='lat' dir='ltr'>irritas</span> <span class='ocrx_word' id='word_1_146' title='bbox 934 1631 1057 1692; x_wconf 81' lang='lat' dir='ltr'>extunc</span> <span class='ocrx_word' id='word_1_147' title='bbox 1110 1626 1275 1690; x_wconf 86' lang='lat' dir='ltr'>titutionis</span> <span class='ocrx_word' id='word_1_148' title='bbox 1314 1627 1476 1690; x_wconf 89' lang='lat' dir='ltr'>bonorum</span> <span class='ocrx_word' id='word_1_149' title='bbox 1506 1645 1642 1692; x_wconf 89' lang='lat' dir='ltr'>suornm</span> <span class='ocrx_word' id='word_1_150' title='bbox 1679 1627 1912 1704; x_wconf 76' lang='lat' dir='ltr'>publicatione</span> 
     </span>
     <span class='ocr_line' id='line_1_15' title="bbox 261 1723 1915 1804; baseline 0 -18"><span class='ocrx_word' id='word_1_151' title='bbox 261 1723 471 1788; x_wconf 87' lang='lat' dir='ltr'>decernimus</span> <span class='ocrx_word' id='word_1_152' title='bbox 485 1729 519 1788; x_wconf 92' lang='lat' dir='ltr'>et</span> <span class='ocrx_word' id='word_1_153' title='bbox 532 1727 662 1788; x_wconf 89' lang='lat' dir='ltr'>inanes.</span> <span class='ocrx_word' id='word_1_154' title='bbox 1110 1725 1322 1787; x_wconf 87' lang='lat' dir='ltr'>mulctentur.</span> <span class='ocrx_word' id='word_1_155' title='bbox 1339 1726 1379 1788; x_wconf 85' lang='lat' dir='ltr'>nt</span> <span class='ocrx_word' id='word_1_156' title='bbox 1389 1726 1417 1787; x_wconf 87' lang='lat' dir='ltr'>si</span> <span class='ocrx_word' id='word_1_157' title='bbox 1432 1742 1487 1788; x_wconf 89' lang='lat' dir='ltr'>res</span> <span class='ocrx_word' id='word_1_158' title='bbox 1502 1727 1663 1804; x_wconf 82' lang='lat' dir='ltr'>exegerit,</span> <span class='ocrx_word' id='word_1_159' title='bbox 1674 1739 1791 1788; x_wconf 87' lang='lat' dir='ltr'>eorum</span> <span class='ocrx_word' id='word_1_160' title='bbox 1803 1725 1915 1786; x_wconf 89' lang='lat' dir='ltr'>anda-</span> 
     </span>
     <span class='ocr_line' id='line_1_16' title="bbox 272 1822 1913 1903; baseline 0 -21"><span class='ocrx_word' id='word_1_161' title='bbox 272 1865 276 1872; x_wconf 83' lang='grc'><em>.</em></span> <span class='ocrx_word' id='word_1_162' title='bbox 304 1823 428 1885; x_wconf 85' lang='lat' dir='ltr'>Slvere</span> <span class='ocrx_word' id='word_1_163' title='bbox 441 1823 595 1885; x_wconf 91' lang='lat' dir='ltr'>dominns</span> <span class='ocrx_word' id='word_1_164' title='bbox 607 1824 812 1901; x_wconf 89' lang='lat' dir='ltr'>temporalis,</span> <span class='ocrx_word' id='word_1_165' title='bbox 828 1825 1008 1903; x_wconf 86' lang='lat' dir='ltr'>requisitus</span> <span class='ocrx_word' id='word_1_166' title='bbox 1023 1829 1057 1888; x_wconf 92' lang='lat' dir='ltr'>et</span> <span class='ocrx_word' id='word_1_167' title='bbox 1111 1823 1162 1884; x_wconf 88' lang='lat' dir='ltr'>oia</span> <span class='ocrx_word' id='word_1_168' title='bbox 1186 1825 1285 1900; x_wconf 75' lang='lat' dir='ltr'>juxte</span> <span class='ocrx_word' id='word_1_169' title='bbox 1308 1825 1500 1887; x_wconf 89' lang='lat' dir='ltr'>mandatum</span> <span class='ocrx_word' id='word_1_170' title='bbox 1524 1826 1674 1886; x_wconf 87' lang='lat' dir='ltr'>nostrum</span> <span class='ocrx_word' id='word_1_171' title='bbox 1697 1822 1806 1886; x_wconf 87' lang='lat' dir='ltr'>modis</span> <span class='ocrx_word' id='word_1_172' title='bbox 1831 1822 1913 1884; x_wconf 90' lang='lat' dir='ltr'>aliis</span> 
     </span>
     <span class='ocr_line' id='line_1_17' title="bbox 262 1920 1584 2002; baseline 0.002 -21"><span class='ocrx_word' id='word_1_173' title='bbox 262 1920 449 1983; x_wconf 80' lang='lat' dir='ltr'>admonitus</span> <span class='ocrx_word' id='word_1_174' title='bbox 459 1921 797 1992; x_wconf 75' lang='lat' dir='ltr'>abbtoolesia,terram</span> <span class='ocrx_word' id='word_1_175' title='bbox 809 1939 902 1985; x_wconf 90' lang='lat' dir='ltr'>suam</span> <span class='ocrx_word' id='word_1_176' title='bbox 913 1940 1057 2002; x_wconf 88' lang='lat' dir='ltr'>purgare</span> <span class='ocrx_word' id='word_1_177' title='bbox 1111 1922 1351 1997; x_wconf 84' lang='lat' dir='ltr'>compescatur.</span> <span class='ocrx_word' id='word_1_178' title='bbox 1522 1920 1525 1926; x_wconf 80' lang='grc'>’</span> <span class='ocrx_word' id='word_1_179' title='bbox 1578 1979 1584 1990; x_wconf 67' lang='grc'><strong><em>,</em></strong></span> 
     </span>
     <span class='ocr_line' id='line_1_18' title="bbox 262 2015 1914 2100; baseline 0 -22"><span class='ocrx_word' id='word_1_180' title='bbox 262 2015 449 2094; x_wconf 78' lang='lat' dir='ltr'>neglexerit</span> <span class='ocrx_word' id='word_1_181' title='bbox 466 2019 508 2080; x_wconf 91' lang='lat' dir='ltr'>ab</span> <span class='ocrx_word' id='word_1_182' title='bbox 528 2020 684 2083; x_wconf 84' lang='lat' dir='ltr'>haeretica</span> <span class='ocrx_word' id='word_1_183' title='bbox 704 2022 878 2100; x_wconf 85' lang='lat' dir='ltr'>pravitate,</span> <span class='ocrx_word' id='word_1_184' title='bbox 900 2025 974 2098; x_wconf 89' lang='lat' dir='ltr'>post</span> <span class='ocrx_word' id='word_1_185' title='bbox 995 2037 1058 2084; x_wconf 88' lang='lat' dir='ltr'>an·</span> <span class='ocrx_word' id='word_1_186' title='bbox 1150 2021 1271 2081; x_wconf 90' lang='lat' dir='ltr'>Omnes</span> <span class='ocrx_word' id='word_1_187' title='bbox 1287 2019 1454 2097; x_wconf 87' lang='lat' dir='ltr'>peregrini</span> <span class='ocrx_word' id='word_1_188' title='bbox 1469 2021 1502 2082; x_wconf 89' lang='lat' dir='ltr'>et</span> <span class='ocrx_word' id='word_1_189' title='bbox 1516 2021 1665 2093; x_wconf 86' lang='lat' dir='ltr'>advenae,</span> <span class='ocrx_word' id='word_1_190' title='bbox 1679 2017 1914 2095; x_wconf 88' lang='lat' dir='ltr'>liberebospi·</span> 
     </span>
     <span class='ocr_line' id='line_1_19' title="bbox 260 2115 1915 2196; baseline 0.001 -20"><span class='ocrx_word' id='word_1_191' title='bbox 260 2129 340 2176; x_wconf 86' lang='lat' dir='ltr'>num</span> <span class='ocrx_word' id='word_1_192' title='bbox 355 2117 534 2195; x_wconf 87' lang='lat' dir='ltr'>atempore</span> <span class='ocrx_word' id='word_1_193' title='bbox 547 2119 784 2181; x_wconf 87' lang='lat' dir='ltr'>admonitionis</span> <span class='ocrx_word' id='word_1_194' title='bbox 805 2120 965 2196; x_wconf 87' lang='lat' dir='ltr'>elapsum,</span> <span class='ocrx_word' id='word_1_195' title='bbox 981 2120 1056 2182; x_wconf 90' lang='lat' dir='ltr'>ter·</span> <span class='ocrx_word' id='word_1_196' title='bbox 1110 2116 1222 2179; x_wconf 89' lang='lat' dir='ltr'>tentur</span> <span class='ocrx_word' id='word_1_197' title='bbox 1236 2117 1293 2178; x_wconf 91' lang='lat' dir='ltr'>ubi</span> <span class='ocrx_word' id='word_1_198' title='bbox 1307 2117 1422 2190; x_wconf 85' lang='lat' dir='ltr'>velint,</span> <span class='ocrx_word' id='word_1_199' title='bbox 1437 2122 1472 2180; x_wconf 91' lang='lat' dir='ltr'>et</span> <span class='ocrx_word' id='word_1_200' title='bbox 1485 2115 1659 2196; x_wconf 89' lang='lat' dir='ltr'>hospitari,</span> <span class='ocrx_word' id='word_1_201' title='bbox 1674 2117 1705 2179; x_wconf 89' lang='lat' dir='ltr'>si</span> <span class='ocrx_word' id='word_1_202' title='bbox 1716 2116 1834 2180; x_wconf 85' lang='lat' dir='ltr'>testari</span> <span class='ocrx_word' id='word_1_203' title='bbox 1849 2131 1915 2178; x_wconf 80' lang='lat' dir='ltr'>vo-</span> 
     </span>
     <span class='ocr_line' id='line_1_20' title="bbox 226 2214 1913 2293; baseline 0.001 -19"><span class='ocrx_word' id='word_1_204' title='bbox 226 2281 232 2293; x_wconf 52' lang='grc'><strong>,</strong></span> <span class='ocrx_word' id='word_1_205' title='bbox 260 2227 333 2274; x_wconf 88' lang='lat' dir='ltr'>ram</span> <span class='ocrx_word' id='word_1_206' title='bbox 348 2214 439 2274; x_wconf 90' lang='lat' dir='ltr'>illius</span> <span class='ocrx_word' id='word_1_207' title='bbox 450 2215 533 2292; x_wconf 88' lang='lat' dir='ltr'>ipsis</span> <span class='ocrx_word' id='word_1_208' title='bbox 549 2218 744 2293; x_wconf 84' lang='lat' dir='ltr'>exponimus</span> <span class='ocrx_word' id='word_1_209' title='bbox 757 2217 936 2280; x_wconf 79' lang='lat' dir='ltr'>Catholicis</span> <span class='ocrx_word' id='word_1_210' title='bbox 951 2234 1055 2282; x_wconf 90' lang='lat' dir='ltr'>occu·</span> <span class='ocrx_word' id='word_1_211' title='bbox 1111 2215 1235 2278; x_wconf 89' lang='lat' dir='ltr'>luerint</span> <span class='ocrx_word' id='word_1_212' title='bbox 1268 2216 1309 2276; x_wconf 93' lang='lat' dir='ltr'>de</span> <span class='ocrx_word' id='word_1_213' title='bbox 1339 2216 1440 2278; x_wconf 86' lang='lat' dir='ltr'>rebus</span> <span class='ocrx_word' id='word_1_214' title='bbox 1466 2217 1536 2278; x_wconf 89' lang='lat' dir='ltr'>suis</span> <span class='ocrx_word' id='word_1_215' title='bbox 1567 2215 1743 2280; x_wconf 90' lang='lat' dir='ltr'>ordinandi</span> <span class='ocrx_word' id='word_1_216' title='bbox 1768 2215 1913 2276; x_wconf 89' lang='lat' dir='ltr'>liberam</span> 
     </span>
     <span class='ocr_line' id='line_1_21' title="bbox 261 2311 1914 2392; baseline 0.002 -22"><span class='ocrx_word' id='word_1_217' title='bbox 261 2311 415 2388; x_wconf 88' lang='lat' dir='ltr'>pandam,</span> <span class='ocrx_word' id='word_1_218' title='bbox 430 2313 487 2390; x_wconf 89' lang='lat' dir='ltr'>qui</span> <span class='ocrx_word' id='word_1_219' title='bbox 513 2328 597 2387; x_wconf 90' lang='lat' dir='ltr'>eam,</span> <span class='ocrx_word' id='word_1_220' title='bbox 623 2315 854 2377; x_wconf 80' lang='lat' dir='ltr'>exterminatis</span> <span class='ocrx_word' id='word_1_221' title='bbox 876 2315 1054 2389; x_wconf 86' lang='lat' dir='ltr'>haereticis,</span> <span class='ocrx_word' id='word_1_222' title='bbox 1111 2313 1914 2392; x_wconf 82' lang='lat' dir='ltr'>lrabeantiacnltatem,quorumordinatioincon·</span> 
     </span>
     <span class='ocr_line' id='line_1_22' title="bbox 260 2407 1914 2491; baseline 0.001 -23"><span class='ocrx_word' id='word_1_223' title='bbox 260 2407 386 2486; x_wconf 87' lang='lat' dir='ltr'>absque</span> <span class='ocrx_word' id='word_1_224' title='bbox 401 2410 470 2471; x_wconf 88' lang='lat' dir='ltr'>ulla</span> <span class='ocrx_word' id='word_1_225' title='bbox 484 2412 745 2476; x_wconf 85' lang='lat' dir='ltr'>contradictione</span> <span class='ocrx_word' id='word_1_226' title='bbox 761 2413 961 2491; x_wconf 84' lang='lat' dir='ltr'>possideant,</span> <span class='ocrx_word' id='word_1_227' title='bbox 976 2415 1010 2475; x_wconf 89' lang='lat' dir='ltr'>et</span> <span class='ocrx_word' id='word_1_228' title='bbox 1020 2415 1056 2476; x_wconf 92' lang='lat' dir='ltr'>in</span> <span class='ocrx_word' id='word_1_229' title='bbox 1111 2425 1207 2472; x_wconf 88' lang='lat' dir='ltr'>cussa</span> <span class='ocrx_word' id='word_1_230' title='bbox 1220 2413 1384 2474; x_wconf 86' lang='lat' dir='ltr'>servetur.</span> <span class='ocrx_word' id='word_1_231' title='bbox 1404 2413 1440 2472; x_wconf 86' lang='lat' dir='ltr'>Si</span> <span class='ocrx_word' id='word_1_232' title='bbox 1455 2413 1511 2488; x_wconf 86' lang='lat' dir='ltr'>qui</span> <span class='ocrx_word' id='word_1_233' title='bbox 1521 2427 1601 2474; x_wconf 78' lang='lat' dir='ltr'>uero</span> <span class='ocrx_word' id='word_1_234' title='bbox 1621 2411 1771 2474; x_wconf 87' lang='lat' dir='ltr'>intestati</span> <span class='ocrx_word' id='word_1_235' title='bbox 1795 2409 1914 2472; x_wconf 84' lang='lat' dir='ltr'>deces-</span> 
     </span>
     <span class='ocr_line' id='line_1_23' title="bbox 261 2499 1913 2588; baseline 0.002 -22"><span class='ocrx_word' id='word_1_236' title='bbox 261 2503 339 2566; x_wconf 87' lang='lat' dir='ltr'>iidei</span> <span class='ocrx_word' id='word_1_237' title='bbox 353 2499 476 2583; x_wconf 72' lang='lat' dir='ltr'>pietate</span> <span class='ocrx_word' id='word_1_238' title='bbox 497 2511 704 2583; x_wconf 88' lang='lat' dir='ltr'>conservent,</span> <span class='ocrx_word' id='word_1_239' title='bbox 729 2511 821 2572; x_wconf 86' lang='lat' dir='ltr'>salvo</span> <span class='ocrx_word' id='word_1_240' title='bbox 837 2515 914 2588; x_wconf 86' lang='lat' dir='ltr'>jure</span> <span class='ocrx_word' id='word_1_241' title='bbox 931 2511 1057 2573; x_wconf 89' lang='lat' dir='ltr'>domini</span> <span class='ocrx_word' id='word_1_242' title='bbox 1111 2509 1225 2578; x_wconf 90' lang='lat' dir='ltr'>serint,</span> <span class='ocrx_word' id='word_1_243' title='bbox 1236 2509 1277 2570; x_wconf 89' lang='lat' dir='ltr'>ed</span> <span class='ocrx_word' id='word_1_244' title='bbox 1286 2509 1449 2586; x_wconf 87' lang='lat' dir='ltr'>hospitem</span> <span class='ocrx_word' id='word_1_245' title='bbox 1458 2509 1543 2571; x_wconf 91' lang='lat' dir='ltr'>nibil</span> <span class='ocrx_word' id='word_1_246' title='bbox 1554 2510 1738 2586; x_wconf 87' lang='lat' dir='ltr'>perveniat,</span> <span class='ocrx_word' id='word_1_247' title='bbox 1751 2509 1808 2570; x_wconf 92' lang='lat' dir='ltr'>sed</span> <span class='ocrx_word' id='word_1_248' title='bbox 1819 2508 1913 2570; x_wconf 83' lang='lat' dir='ltr'>bona</span> 
     </span>
     <span class='ocr_line' id='line_1_24' title="bbox 261 2601 1915 2685; baseline 0.001 -22"><span class='ocrx_word' id='word_1_249' title='bbox 261 2601 474 2680; x_wconf 78' lang='lat' dir='ltr'>principalia,</span> <span class='ocrx_word' id='word_1_250' title='bbox 505 2605 680 2669; x_wconf 88' lang='lat' dir='ltr'>dummodo</span> <span class='ocrx_word' id='word_1_251' title='bbox 707 2623 809 2685; x_wconf 85' lang='lat' dir='ltr'>super</span> <span class='ocrx_word' id='word_1_252' title='bbox 836 2609 900 2671; x_wconf 92' lang='lat' dir='ltr'>boc</span> <span class='ocrx_word' id='word_1_253' title='bbox 926 2609 1054 2670; x_wconf 90' lang='lat' dir='ltr'>nullum</span> <span class='ocrx_word' id='word_1_254' title='bbox 1110 2606 1258 2682; x_wconf 90' lang='lat' dir='ltr'>ipsorum</span> <span class='ocrx_word' id='word_1_255' title='bbox 1273 2621 1332 2684; x_wconf 90' lang='lat' dir='ltr'>per</span> <span class='ocrx_word' id='word_1_256' title='bbox 1346 2623 1465 2668; x_wconf 84' lang='lat' dir='ltr'>manus</span> <span class='ocrx_word' id='word_1_257' title='bbox 1487 2607 1634 2685; x_wconf 90' lang='lat' dir='ltr'>episcopi</span> <span class='ocrx_word' id='word_1_258' title='bbox 1646 2607 1712 2668; x_wconf 90' lang='lat' dir='ltr'>loci</span> <span class='ocrx_word' id='word_1_259' title='bbox 1731 2607 1915 2668; x_wconf 67' lang='lat' dir='ltr'>medentur</span> 
     </span>
     <span class='ocr_line' id='line_1_25' title="bbox 260 2701 1914 2784; baseline 0.002 -23"><span class='ocrx_word' id='word_1_260' title='bbox 260 2703 396 2778; x_wconf 86' lang='lat' dir='ltr'>praestet</span> <span class='ocrx_word' id='word_1_261' title='bbox 407 2701 625 2776; x_wconf 80' lang='lat' dir='ltr'>obstaculum,</span> <span class='ocrx_word' id='word_1_262' title='bbox 645 2720 706 2767; x_wconf 92' lang='lat' dir='ltr'>nec</span> <span class='ocrx_word' id='word_1_263' title='bbox 721 2706 854 2783; x_wconf 85' lang='lat' dir='ltr'>aliquod</span> <span class='ocrx_word' id='word_1_264' title='bbox 877 2705 967 2768; x_wconf 93' lang='lat' dir='ltr'>aliud</span> <span class='ocrx_word' id='word_1_265' title='bbox 987 2707 1055 2766; x_wconf 85' lang='lat' dir='ltr'>im·</span> <span class='ocrx_word' id='word_1_266' title='bbox 1110 2703 1298 2766; x_wconf 85' lang='lat' dir='ltr'>baeredtbus</span> <span class='ocrx_word' id='word_1_267' title='bbox 1309 2701 1353 2783; x_wconf 89' lang='lat' dir='ltr'>(si</span> <span class='ocrx_word' id='word_1_268' title='bbox 1368 2705 1441 2766; x_wconf 86' lang='lat' dir='ltr'>lieri</span> <span class='ocrx_word' id='word_1_269' title='bbox 1452 2703 1574 2784; x_wconf 80' lang='lat' dir='ltr'>potest)</span> <span class='ocrx_word' id='word_1_270' title='bbox 1589 2705 1687 2766; x_wconf 83' lang='lat' dir='ltr'>velin</span> <span class='ocrx_word' id='word_1_271' title='bbox 1699 2705 1772 2780; x_wconf 85' lang='lat' dir='ltr'>pias</span> <span class='ocrx_word' id='word_1_272' title='bbox 1787 2719 1914 2765; x_wconf 86' lang='lat' dir='ltr'>causas</span> 
     </span>
     <span class='ocr_line' id='line_1_26' title="bbox 260 2797 1913 2880; baseline 0.002 -22"><span class='ocrx_word' id='word_1_273' title='bbox 260 2797 484 2874; x_wconf 88' lang='lat' dir='ltr'>pedimentum</span> <span class='ocrx_word' id='word_1_274' title='bbox 513 2801 667 2879; x_wconf 88' lang='lat' dir='ltr'>opponat.</span> <span class='ocrx_word' id='word_1_275' title='bbox 693 2801 815 2864; x_wconf 77' lang='lat' dir='ltr'>Eadem</span> <span class='ocrx_word' id='word_1_276' title='bbox 838 2803 1058 2864; x_wconf 85' lang='lat' dir='ltr'>nibilominus</span> <span class='ocrx_word' id='word_1_277' title='bbox 1110 2803 1298 2878; x_wconf 86' lang='lat' dir='ltr'>erogentur.</span> <span class='ocrx_word' id='word_1_278' title='bbox 1322 2803 1450 2879; x_wconf 87' lang='lat' dir='ltr'>Hospes</span> <span class='ocrx_word' id='word_1_279' title='bbox 1468 2819 1549 2864; x_wconf 77' lang='lat' dir='ltr'>vero</span> <span class='ocrx_word' id='word_1_280' title='bbox 1564 2803 1593 2866; x_wconf 90' lang='lat' dir='ltr'>si</span> <span class='ocrx_word' id='word_1_281' title='bbox 1608 2802 1734 2880; x_wconf 91' lang='lat' dir='ltr'>aliquid</span> <span class='ocrx_word' id='word_1_282' title='bbox 1748 2803 1789 2862; x_wconf 92' lang='lat' dir='ltr'>de</span> <span class='ocrx_word' id='word_1_283' title='bbox 1807 2801 1913 2862; x_wconf 87' lang='lat' dir='ltr'>bonis</span> 
     </span>
     <span class='ocr_line' id='line_1_27' title="bbox 260 2894 1913 2978; baseline 0.004 -24"><span class='ocrx_word' id='word_1_284' title='bbox 260 2894 334 2971; x_wconf 87' lang='lat' dir='ltr'>lege</span> <span class='ocrx_word' id='word_1_285' title='bbox 355 2899 499 2971; x_wconf 83' lang='lat' dir='ltr'>servata,</span> <span class='ocrx_word' id='word_1_286' title='bbox 527 2900 642 2962; x_wconf 87' lang='lat' dir='ltr'>contra</span> <span class='ocrx_word' id='word_1_287' title='bbox 664 2915 732 2972; x_wconf 90' lang='lat' dir='ltr'>eos,</span> <span class='ocrx_word' id='word_1_288' title='bbox 761 2901 817 2978; x_wconf 91' lang='lat' dir='ltr'>qul</span> <span class='ocrx_word' id='word_1_289' title='bbox 843 2916 909 2962; x_wconf 92' lang='lat' dir='ltr'>non</span> <span class='ocrx_word' id='word_1_290' title='bbox 934 2901 1056 2963; x_wconf 89' lang='lat' dir='ltr'>babent</span> <span class='ocrx_word' id='word_1_291' title='bbox 1091 2899 1237 2972; x_wconf 75' lang='lat' dir='ltr'>talium,</span> <span class='ocrx_word' id='word_1_292' title='bbox 1253 2901 1368 2964; x_wconf 87' lang='lat' dir='ltr'>contra</span> <span class='ocrx_word' id='word_1_293' title='bbox 1379 2901 1466 2961; x_wconf 91' lang='lat' dir='ltr'>banc</span> <span class='ocrx_word' id='word_1_294' title='bbox 1477 2899 1748 2963; x_wconf 86' lang='lat' dir='ltr'>constitutionem</span> <span class='ocrx_word' id='word_1_295' title='bbox 1757 2901 1913 2962; x_wconf 87' lang='lat' dir='ltr'>nostram</span> 
     </span>
     <span class='ocr_line' id='line_1_28' title="bbox 261 2989 1915 3074; baseline 0.004 -24"><span class='ocrx_word' id='word_1_296' title='bbox 261 2989 412 3053; x_wconf 90' lang='lat' dir='ltr'>dominos</span> <span class='ocrx_word' id='word_1_297' title='bbox 427 2995 640 3072; x_wconf 89' lang='lat' dir='ltr'>principales.</span> <span class='ocrx_word' id='word_1_298' title='bbox 1110 2996 1273 3068; x_wconf 88' lang='lat' dir='ltr'>babuerit,</span> <span class='ocrx_word' id='word_1_299' title='bbox 1298 2997 1435 3074; x_wconf 90' lang='lat' dir='ltr'>triplum</span> <span class='ocrx_word' id='word_1_300' title='bbox 1462 2997 1617 3074; x_wconf 89' lang='lat' dir='ltr'>episcopo</span> <span class='ocrx_word' id='word_1_301' title='bbox 1645 2997 1818 3068; x_wconf 89' lang='lat' dir='ltr'>restituat,</span> <span class='ocrx_word' id='word_1_302' title='bbox 1850 2997 1915 3057; x_wconf 91' lang='lat' dir='ltr'>cui</span> 
     </span>
     <span class='ocr_line' id='line_1_29' title="bbox 301 3089 1918 3172; baseline 0.002 -24"><span class='ocrx_word' id='word_1_303' title='bbox 301 3089 477 3153; x_wconf 81' lang='lat' dir='ltr'>credentes</span> <span class='ocrx_word' id='word_1_304' title='bbox 497 3094 669 3170; x_wconf 79' lang='lat' dir='ltr'>praeterea,</span> <span class='ocrx_word' id='word_1_305' title='bbox 683 3091 917 3172; x_wconf 87' lang='lat' dir='ltr'>receptatores,</span> <span class='ocrx_word' id='word_1_306' title='bbox 940 3094 1056 3156; x_wconf 88' lang='lat' dir='ltr'>deien-</span> <span class='ocrx_word' id='word_1_307' title='bbox 1087 3095 1219 3158; x_wconf 78' lang='lat' dir='ltr'>¹risum</span> <span class='ocrx_word' id='word_1_308' title='bbox 1251 3093 1352 3156; x_wconf 84' lang='lat' dir='ltr'>inerit</span> <span class='ocrx_word' id='word_1_309' title='bbox 1376 3095 1625 3171; x_wconf 89' lang='lat' dir='ltr'>assignandum,</span> <span class='ocrx_word' id='word_1_310' title='bbox 1658 3111 1725 3156; x_wconf 92' lang='lat' dir='ltr'>non</span> <span class='ocrx_word' id='word_1_311' title='bbox 1754 3093 1918 3156; x_wconf 62' lang='lat' dir='ltr'>obstante,</span> 
     </span>
     <span class='ocr_line' id='line_1_30' title="bbox 259 3187 1915 3270; baseline 0.003 -23"><span class='ocrx_word' id='word_1_312' title='bbox 259 3200 364 3260; x_wconf 84' lang='lat' dir='ltr'>sores,</span> <span class='ocrx_word' id='word_1_313' title='bbox 388 3189 420 3250; x_wconf 91' lang='lat' dir='ltr'>et</span> <span class='ocrx_word' id='word_1_314' title='bbox 442 3187 589 3252; x_wconf 66' lang='lat' dir='ltr'>iaumres</span> <span class='ocrx_word' id='word_1_315' title='bbox 611 3191 843 3254; x_wconf 71' lang='lat' dir='ltr'>hereticorum</span> <span class='ocrx_word' id='word_1_316' title='bbox 864 3191 1052 3265; x_wconf 89' lang='lat' dir='ltr'>bannimus,</span> <span class='ocrx_word' id='word_1_317' title='bbox 1110 3193 1232 3254; x_wconf 86' lang='lat' dir='ltr'>statuto</span> <span class='ocrx_word' id='word_1_318' title='bbox 1247 3191 1371 3270; x_wconf 90' lang='lat' dir='ltr'>aliquo,</span> <span class='ocrx_word' id='word_1_319' title='bbox 1385 3209 1445 3254; x_wconf 88' lang='lat' dir='ltr'>seu</span> <span class='ocrx_word' id='word_1_320' title='bbox 1461 3193 1710 3265; x_wconf 90' lang='lat' dir='ltr'>consuetudine,</span> <span class='ocrx_word' id='word_1_321' title='bbox 1724 3208 1783 3254; x_wconf 92' lang='lat' dir='ltr'>sen</span> <span class='ocrx_word' id='word_1_322' title='bbox 1801 3191 1915 3268; x_wconf 79' lang='lat' dir='ltr'>priri-</span> 
     </span>
     <span class='ocr_line' id='line_1_31' title="bbox 260 3283 1911 3368; baseline 0.004 -24"><span class='ocrx_word' id='word_1_323' title='bbox 260 3283 400 3346; x_wconf 87' lang='lat' dir='ltr'>iirmiter</span> <span class='ocrx_word' id='word_1_324' title='bbox 422 3289 615 3358; x_wconf 89' lang='lat' dir='ltr'>statuentes,</span> <span class='ocrx_word' id='word_1_325' title='bbox 632 3290 668 3351; x_wconf 93' lang='lat' dir='ltr'>ut</span> <span class='ocrx_word' id='word_1_326' title='bbox 687 3289 715 3350; x_wconf 92' lang='lat' dir='ltr'>si</span> <span class='ocrx_word' id='word_1_327' title='bbox 731 3291 902 3366; x_wconf 89' lang='lat' dir='ltr'>postquam</span> <span class='ocrx_word' id='word_1_328' title='bbox 917 3283 1056 3368; x_wconf 85' lang='lat' dir='ltr'>quilibet</span> <span class='ocrx_word' id='word_1_329' title='bbox 1109 3291 1217 3366; x_wconf 83' lang='lat' dir='ltr'>legiis,</span> <span class='ocrx_word' id='word_1_330' title='bbox 1226 3305 1300 3367; x_wconf 84' lang='lat' dir='ltr'>quae</span> <span class='ocrx_word' id='word_1_331' title='bbox 1308 3290 1470 3352; x_wconf 89' lang='lat' dir='ltr'>hactenus</span> <span class='ocrx_word' id='word_1_332' title='bbox 1482 3289 1911 3351; x_wconf 85' lang='lat' dir='ltr'>contrarinminducebant.</span> 
     </span>
     <span class='ocr_line' id='line_1_32' title="bbox 202 3381 1913 3464; baseline 0.005 -23"><span class='ocrx_word' id='word_1_333' title='bbox 202 3398 204 3402; x_wconf 72' lang='grc'><strong>’</strong></span> <span class='ocrx_word' id='word_1_334' title='bbox 258 3381 375 3444; x_wconf 90' lang='lat' dir='ltr'>talium</span> <span class='ocrx_word' id='word_1_335' title='bbox 386 3384 488 3446; x_wconf 83' lang='lat' dir='ltr'>luerit</span> <span class='ocrx_word' id='word_1_336' title='bbox 501 3385 543 3446; x_wconf 90' lang='lat' dir='ltr'>ab</span> <span class='ocrx_word' id='word_1_337' title='bbox 554 3387 701 3448; x_wconf 76' lang='lat' dir='ltr'>Ecclesia</span> <span class='ocrx_word' id='word_1_338' title='bbox 713 3389 1054 3450; x_wconf 82' lang='lat' dir='ltr'>excommunicatione</span> <span class='ocrx_word' id='word_1_339' title='bbox 1111 3390 1146 3450; x_wconf 87' lang='lat' dir='ltr'>Si</span> <span class='ocrx_word' id='word_1_340' title='bbox 1160 3389 1217 3464; x_wconf 90' lang='lat' dir='ltr'>qui</span> <span class='ocrx_word' id='word_1_341' title='bbox 1232 3389 1355 3460; x_wconf 83' lang='lat' dir='ltr'>autem,</span> <span class='ocrx_word' id='word_1_342' title='bbox 1371 3390 1485 3450; x_wconf 87' lang='lat' dir='ltr'>contra</span> <span class='ocrx_word' id='word_1_343' title='bbox 1501 3387 1784 3464; x_wconf 86' lang='lat' dir='ltr'>praesumpserint,</span> <span class='ocrx_word' id='word_1_344' title='bbox 1800 3387 1850 3448; x_wconf 90' lang='lat' dir='ltr'>eis</span> <span class='ocrx_word' id='word_1_345' title='bbox 1866 3387 1913 3449; x_wconf 91' lang='lat' dir='ltr'>de</span> 
     </span>
     <span class='ocr_line' id='line_1_33' title="bbox 257 3479 1910 3561; baseline 0.002 -21"><span class='ocrx_word' id='word_1_346' title='bbox 257 3479 402 3549; x_wconf 86' lang='lat' dir='ltr'>notatus,</span> <span class='ocrx_word' id='word_1_347' title='bbox 419 3481 612 3544; x_wconf 76' lang='lat' dir='ltr'>satisfacere</span> <span class='ocrx_word' id='word_1_348' title='bbox 634 3485 870 3561; x_wconf 88' lang='lat' dir='ltr'>contempserit</span> <span class='ocrx_word' id='word_1_349' title='bbox 883 3485 971 3546; x_wconf 87' lang='lat' dir='ltr'>inira</span> <span class='ocrx_word' id='word_1_350' title='bbox 987 3501 1053 3546; x_wconf 88' lang='lat' dir='ltr'>an·</span> <span class='ocrx_word' id='word_1_351' title='bbox 1108 3485 1208 3547; x_wconf 87' lang='lat' dir='ltr'>rebus</span> <span class='ocrx_word' id='word_1_352' title='bbox 1222 3485 1292 3546; x_wconf 88' lang='lat' dir='ltr'>suis</span> <span class='ocrx_word' id='word_1_353' title='bbox 1306 3483 1449 3547; x_wconf 85' lang='lat' dir='ltr'>testandi</span> <span class='ocrx_word' id='word_1_354' title='bbox 1461 3485 1688 3546; x_wconf 84' lang='lat' dir='ltr'>interdicimus</span> <span class='ocrx_word' id='word_1_355' title='bbox 1701 3485 1910 3557; x_wconf 81' lang='lat' dir='ltr'>facultatem,</span> 
     </span>
     <span class='ocr_line' id='line_1_34' title="bbox 258 3580 1911 3660; baseline 0.002 -22"><span class='ocrx_word' id='word_1_356' title='bbox 258 3591 350 3650; x_wconf 88' lang='lat' dir='ltr'>num,</span> <span class='ocrx_word' id='word_1_357' title='bbox 376 3593 419 3640; x_wconf 81' lang='lat' dir='ltr'>ex</span> <span class='ocrx_word' id='word_1_358' title='bbox 432 3580 511 3644; x_wconf 87' lang='lat' dir='ltr'>tunc</span> <span class='ocrx_word' id='word_1_359' title='bbox 531 3580 604 3657; x_wconf 91' lang='lat' dir='ltr'>ipso</span> <span class='ocrx_word' id='word_1_360' title='bbox 616 3583 693 3658; x_wconf 88' lang='lat' dir='ltr'>jnre</span> <span class='ocrx_word' id='word_1_361' title='bbox 717 3582 761 3643; x_wconf 87' lang='lat' dir='ltr'>sit</span> <span class='ocrx_word' id='word_1_362' title='bbox 786 3581 892 3643; x_wconf 89' lang='lat' dir='ltr'>iactus</span> <span class='ocrx_word' id='word_1_363' title='bbox 906 3581 1051 3656; x_wconf 82' lang='lat' dir='ltr'>infamis,</span> <span class='ocrx_word' id='word_1_364' title='bbox 1109 3584 1144 3645; x_wconf 93' lang='lat' dir='ltr'>ut</span> <span class='ocrx_word' id='word_1_365' title='bbox 1158 3583 1192 3643; x_wconf 91' lang='lat' dir='ltr'>in</span> <span class='ocrx_word' id='word_1_366' title='bbox 1208 3597 1247 3644; x_wconf 90' lang='lat' dir='ltr'>eo</span> <span class='ocrx_word' id='word_1_367' title='bbox 1261 3581 1498 3659; x_wconf 62' lang='lat' dir='ltr'>portentosis</span> <span class='ocrx_word' id='word_1_368' title='bbox 1511 3583 1801 3660; x_wconf 82' lang='lat' dir='ltr'>quedeliquerint,</span> <span class='ocrx_word' id='word_1_369' title='bbox 1819 3582 1911 3644; x_wconf 87' lang='lat' dir='ltr'>alias</span> 
     </span>
     <span class='ocr_line' id='line_1_35' title="bbox 257 3676 1835 3758; baseline 0.003 -22"><span class='ocrx_word' id='word_1_370' title='bbox 257 3689 320 3736; x_wconf 89' lang='lat' dir='ltr'>nec</span> <span class='ocrx_word' id='word_1_371' title='bbox 343 3676 384 3738; x_wconf 93' lang='lat' dir='ltr'>ad</span> <span class='ocrx_word' id='word_1_372' title='bbox 405 3677 537 3754; x_wconf 88' lang='lat' dir='ltr'>publica</span> <span class='ocrx_word' id='word_1_373' title='bbox 556 3677 666 3740; x_wconf 84' lang='lat' dir='ltr'>cilicia</span> <span class='ocrx_word' id='word_1_374' title='bbox 690 3693 750 3740; x_wconf 88' lang='lat' dir='ltr'>sen</span> <span class='ocrx_word' id='word_1_375' title='bbox 764 3679 916 3752; x_wconf 87' lang='lat' dir='ltr'>consilia,</span> <span class='ocrx_word' id='word_1_376' title='bbox 933 3681 986 3742; x_wconf 87' lang='lat' dir='ltr'>vel</span> <span class='ocrx_word' id='word_1_377' title='bbox 1012 3681 1054 3741; x_wconf 90' lang='lat' dir='ltr'>ad</span> <span class='ocrx_word' id='word_1_378' title='bbox 1108 3681 1206 3757; x_wconf 90' lang='lat' dir='ltr'>prout</span> <span class='ocrx_word' id='word_1_379' title='bbox 1219 3680 1486 3758; x_wconf 78' lang='lat' dir='ltr'>culpaequalttas</span> <span class='ocrx_word' id='word_1_380' title='bbox 1498 3680 1648 3756; x_wconf 82' lang='lat' dir='ltr'>exegerit</span> <span class='ocrx_word' id='word_1_381' title='bbox 1663 3679 1835 3757; x_wconf 86' lang='lat' dir='ltr'>puniendi.</span> 
     </span>
     <span class='ocr_line' id='line_1_36' title="bbox 257 3772 1911 3854; baseline 0.002 -20"><span class='ocrx_word' id='word_1_382' title='bbox 257 3772 446 3849; x_wconf 86' lang='lat' dir='ltr'>eligendum</span> <span class='ocrx_word' id='word_1_383' title='bbox 466 3775 596 3853; x_wconf 90' lang='lat' dir='ltr'>aliquos</span> <span class='ocrx_word' id='word_1_384' title='bbox 614 3776 656 3837; x_wconf 87' lang='lat' dir='ltr'>ad</span> <span class='ocrx_word' id='word_1_385' title='bbox 672 3776 872 3854; x_wconf 87' lang='lat' dir='ltr'>hujusmodi,</span> <span class='ocrx_word' id='word_1_386' title='bbox 890 3793 999 3854; x_wconf 90' lang='lat' dir='ltr'>neque</span> <span class='ocrx_word' id='word_1_387' title='bbox 1012 3779 1054 3838; x_wconf 91' lang='lat' dir='ltr'>ad</span> <span class='ocrx_word' id='word_1_388' title='bbox 1147 3778 1388 3854; x_wconf 72' lang='lat' dir='ltr'>agricultores,</span> <span class='ocrx_word' id='word_1_389' title='bbox 1399 3777 1529 3838; x_wconf 85' lang='lat' dir='ltr'>etcirca</span> <span class='ocrx_word' id='word_1_390' title='bbox 1541 3776 1792 3839; x_wconf 87' lang='lat' dir='ltr'>rusticationem</span> <span class='ocrx_word' id='word_1_391' title='bbox 1803 3791 1911 3838; x_wconf 88' lang='lat' dir='ltr'>occu-</span> 
     </span>
     <span class='ocr_line' id='line_1_37' title="bbox 257 3867 1907 3952; baseline 0.002 -20"><span class='ocrx_word' id='word_1_392' title='bbox 257 3869 483 3933; x_wconf 90' lang='lat' dir='ltr'>testimcninm</span> <span class='ocrx_word' id='word_1_393' title='bbox 507 3873 711 3935; x_wconf 90' lang='lat' dir='ltr'>admittatur.</span> <span class='ocrx_word' id='word_1_394' title='bbox 729 3874 779 3936; x_wconf 84' lang='lat' dir='ltr'>sn</span> <span class='ocrx_word' id='word_1_395' title='bbox 797 3875 897 3935; x_wconf 88' lang='lat' dir='ltr'>etiam</span> <span class='ocrx_word' id='word_1_396' title='bbox 911 3867 1055 3938; x_wconf 89' lang='lat' dir='ltr'>intesta·</span> <span class='ocrx_word' id='word_1_397' title='bbox 1109 3875 1187 3952; x_wconf 85' lang='lat' dir='ltr'>pati,</span> <span class='ocrx_word' id='word_1_398' title='bbox 1202 3875 1279 3936; x_wconf 90' lang='lat' dir='ltr'>dum</span> <span class='ocrx_word' id='word_1_399' title='bbox 1294 3875 1384 3936; x_wconf 84' lang='lat' dir='ltr'>villis</span> <span class='ocrx_word' id='word_1_400' title='bbox 1399 3874 1556 3939; x_wconf 72' lang='lat' dir='ltr'>insidem.</span> <span class='ocrx_word' id='word_1_401' title='bbox 1574 3875 1651 3936; x_wconf 89' lang='lat' dir='ltr'>dum</span> <span class='ocrx_word' id='word_1_402' title='bbox 1666 3889 1765 3950; x_wconf 87' lang='lat' dir='ltr'>agros</span> <span class='ocrx_word' id='word_1_403' title='bbox 1777 3875 1907 3946; x_wconf 86' lang='lat' dir='ltr'>colunt,</span> 
     </span>
     <span class='ocr_line' id='line_1_38' title="bbox 258 3967 1909 4050; baseline 0.002 -20"><span class='ocrx_word' id='word_1_404' title='bbox 258 3967 347 4042; x_wconf 88' lang='lat' dir='ltr'>bilis,</span> <span class='ocrx_word' id='word_1_405' title='bbox 369 3971 405 4032; x_wconf 93' lang='lat' dir='ltr'>ut</span> <span class='ocrx_word' id='word_1_406' title='bbox 417 3985 479 4033; x_wconf 90' lang='lat' dir='ltr'>nec</span> <span class='ocrx_word' id='word_1_407' title='bbox 493 3971 638 4032; x_wconf 86' lang='lat' dir='ltr'>testandi</span> <span class='ocrx_word' id='word_1_408' title='bbox 657 3971 797 4032; x_wconf 88' lang='lat' dir='ltr'>liberam</span> <span class='ocrx_word' id='word_1_409' title='bbox 812 3972 934 4034; x_wconf 88' lang='lat' dir='ltr'>babeat</span> <span class='ocrx_word' id='word_1_410' title='bbox 947 3972 1055 4035; x_wconf 88' lang='lat' dir='ltr'>iacul-</span> <span class='ocrx_word' id='word_1_411' title='bbox 1108 3971 1217 4034; x_wconf 87' lang='lat' dir='ltr'>securi</span> <span class='ocrx_word' id='word_1_412' title='bbox 1232 3973 1299 4034; x_wconf 88' lang='lat' dir='ltr'>sint</span> <span class='ocrx_word' id='word_1_413' title='bbox 1313 3987 1521 4050; x_wconf 84' lang='lat' dir='ltr'>quacumque</span> <span class='ocrx_word' id='word_1_414' title='bbox 1540 3973 1635 4048; x_wconf 85' lang='lat' dir='ltr'>parta</span> <span class='ocrx_word' id='word_1_415' title='bbox 1656 3972 1834 4043; x_wconf 87' lang='lat' dir='ltr'>terrarum,</span> <span class='ocrx_word' id='word_1_416' title='bbox 1856 3972 1909 4033; x_wconf 82' lang='lat' dir='ltr'>ita</span> 
     </span>
     <span class='ocr_line' id='line_1_39' title="bbox 257 4065 1907 4147; baseline 0.002 -19"><span class='ocrx_word' id='word_1_417' title='bbox 257 4065 371 4139; x_wconf 87' lang='lat' dir='ltr'>tatem,</span> <span class='ocrx_word' id='word_1_418' title='bbox 408 4083 469 4130; x_wconf 91' lang='lat' dir='ltr'>nec</span> <span class='ocrx_word' id='word_1_419' title='bbox 504 4069 545 4129; x_wconf 90' lang='lat' dir='ltr'>ad</span> <span class='ocrx_word' id='word_1_420' title='bbox 574 4067 779 4132; x_wconf 83' lang='lat' dir='ltr'>baereditatis</span> <span class='ocrx_word' id='word_1_421' title='bbox 810 4071 1053 4132; x_wconf 87' lang='lat' dir='ltr'>successionem</span> <span class='ocrx_word' id='word_1_422' title='bbox 1108 4070 1550 4132; x_wconf 85' lang='lat' dir='ltr'>utnullusinreniaturtam</span> <span class='ocrx_word' id='word_1_423' title='bbox 1573 4071 1694 4141; x_wconf 84' lang='lat' dir='ltr'>audax,</span> <span class='ocrx_word' id='word_1_424' title='bbox 1710 4070 1767 4146; x_wconf 92' lang='lat' dir='ltr'>qui</span> <span class='ocrx_word' id='word_1_425' title='bbox 1782 4085 1907 4147; x_wconf 89' lang='lat' dir='ltr'>perso-</span> 
     </span>
     <span class='ocr_line' id='line_1_40' title="bbox 260 4165 1910 4248; baseline 0.004 -24"><span class='ocrx_word' id='word_1_426' title='bbox 260 4165 407 4228; x_wconf 87' lang='lat' dir='ltr'>accedat.</span> <span class='ocrx_word' id='word_1_427' title='bbox 433 4165 553 4226; x_wconf 89' lang='lat' dir='ltr'>Nullus</span> <span class='ocrx_word' id='word_1_428' title='bbox 576 4166 739 4242; x_wconf 74' lang='lat' dir='ltr'>praterea</span> <span class='ocrx_word' id='word_1_429' title='bbox 768 4167 800 4227; x_wconf 90' lang='lat' dir='ltr'>ei</span> <span class='ocrx_word' id='word_1_430' title='bbox 828 4165 1049 4248; x_wconf 88' lang='lat' dir='ltr'>[respondeat]</span> <span class='ocrx_word' id='word_1_431' title='bbox 1107 4183 1179 4240; x_wconf 90' lang='lat' dir='ltr'>nas,</span> <span class='ocrx_word' id='word_1_432' title='bbox 1201 4168 1255 4230; x_wconf 83' lang='lat' dir='ltr'>vel</span> <span class='ocrx_word' id='word_1_433' title='bbox 1277 4167 1390 4241; x_wconf 85' lang='lat' dir='ltr'>boves,</span> <span class='ocrx_word' id='word_1_434' title='bbox 1413 4183 1570 4244; x_wconf 89' lang='lat' dir='ltr'>agrorum</span> <span class='ocrx_word' id='word_1_435' title='bbox 1593 4168 1826 4238; x_wconf 86' lang='lat' dir='ltr'>instrumenta,</span> <span class='ocrx_word' id='word_1_436' title='bbox 1847 4169 1910 4230; x_wconf 89' lang='lat' dir='ltr'>aut</span> 
     </span>
     <span class='ocr_line' id='line_1_41' title="bbox 259 4264 1909 4344; baseline 0.001 -19"><span class='ocrx_word' id='word_1_437' title='bbox 259 4277 359 4338; x_wconf 87' lang='lat' dir='ltr'>super</span> <span class='ocrx_word' id='word_1_438' title='bbox 369 4278 574 4340; x_wconf 86' lang='lat' dir='ltr'>quocumque</span> <span class='ocrx_word' id='word_1_439' title='bbox 592 4265 736 4340; x_wconf 81' lang='lat' dir='ltr'>negotio,</span> <span class='ocrx_word' id='word_1_440' title='bbox 749 4264 806 4326; x_wconf 90' lang='lat' dir='ltr'>sed</span> <span class='ocrx_word' id='word_1_441' title='bbox 817 4265 889 4342; x_wconf 90' lang='lat' dir='ltr'>ipse</span> <span class='ocrx_word' id='word_1_442' title='bbox 899 4266 976 4326; x_wconf 92' lang='lat' dir='ltr'>aliis</span> <span class='ocrx_word' id='word_1_443' title='bbox 986 4281 1053 4327; x_wconf 88' lang='lat' dir='ltr'>res·</span> <span class='ocrx_word' id='word_1_444' title='bbox 1107 4265 1225 4343; x_wconf 88' lang='lat' dir='ltr'>siquid</span> <span class='ocrx_word' id='word_1_445' title='bbox 1240 4266 1330 4328; x_wconf 92' lang='lat' dir='ltr'>aliud</span> <span class='ocrx_word' id='word_1_446' title='bbox 1346 4265 1494 4344; x_wconf 86' lang='lat' dir='ltr'>sit,quod</span> <span class='ocrx_word' id='word_1_447' title='bbox 1510 4267 1552 4326; x_wconf 82' lang='lat' dir='ltr'>ad</span> <span class='ocrx_word' id='word_1_448' title='bbox 1562 4281 1696 4343; x_wconf 89' lang='lat' dir='ltr'>operam</span> <span class='ocrx_word' id='word_1_449' title='bbox 1712 4265 1909 4326; x_wconf 86' lang='lat' dir='ltr'>rusticalem</span> 
     </span>
     <span class='ocr_line' id='line_1_42' title="bbox 260 4361 1908 4441; baseline 0.002 -21"><span class='ocrx_word' id='word_1_450' title='bbox 260 4361 405 4436; x_wconf 88' lang='lat' dir='ltr'>pondere</span> <span class='ocrx_word' id='word_1_451' title='bbox 425 4363 572 4437; x_wconf 84' lang='lat' dir='ltr'>cogatur.</span> <span class='ocrx_word' id='word_1_452' title='bbox 592 4362 683 4433; x_wconf 69' lang='lat' dir='ltr'>Quod</span> <span class='ocrx_word' id='word_1_453' title='bbox 699 4362 726 4422; x_wconf 91' lang='lat' dir='ltr'>si</span> <span class='ocrx_word' id='word_1_454' title='bbox 749 4363 950 4440; x_wconf 84' lang='lat' dir='ltr'>iortejudex</span> <span class='ocrx_word' id='word_1_455' title='bbox 964 4364 1053 4425; x_wconf 81' lang='lat' dir='ltr'>euti·-</span> <span class='ocrx_word' id='word_1_456' title='bbox 1107 4364 1260 4440; x_wconf 87' lang='lat' dir='ltr'>pertinet,</span> <span class='ocrx_word' id='word_1_457' title='bbox 1293 4363 1470 4435; x_wconf 90' lang='lat' dir='ltr'>invadere,</span> <span class='ocrx_word' id='word_1_458' title='bbox 1494 4379 1629 4441; x_wconf 89' lang='lat' dir='ltr'>capere,</span> <span class='ocrx_word' id='word_1_459' title='bbox 1657 4363 1716 4425; x_wconf 90' lang='lat' dir='ltr'>aut</span> <span class='ocrx_word' id='word_1_460' title='bbox 1737 4362 1908 4424; x_wconf 87' lang='lat' dir='ltr'>violenter</span> 
     </span>
     <span class='ocr_line' id='line_1_43' title="bbox 257 4458 1906 4537; baseline 0.001 -19"><span class='ocrx_word' id='word_1_461' title='bbox 257 4458 346 4530; x_wconf 89' lang='lat' dir='ltr'>terit,</span> <span class='ocrx_word' id='word_1_462' title='bbox 368 4461 441 4536; x_wconf 77' lang='lat' dir='ltr'>eJus</span> <span class='ocrx_word' id='word_1_463' title='bbox 462 4459 625 4520; x_wconf 89' lang='lat' dir='ltr'>sententia</span> <span class='ocrx_word' id='word_1_464' title='bbox 654 4460 781 4520; x_wconf 87' lang='lat' dir='ltr'>nullam</span> <span class='ocrx_word' id='word_1_465' title='bbox 805 4459 927 4522; x_wconf 90' lang='lat' dir='ltr'>babeat</span> <span class='ocrx_word' id='word_1_466' title='bbox 947 4461 1053 4521; x_wconf 85' lang='lat' dir='ltr'>tirmi·</span> <span class='ocrx_word' id='word_1_467' title='bbox 1106 4460 1238 4522; x_wconf 83' lang='lat' dir='ltr'>auterre</span> <span class='ocrx_word' id='word_1_468' title='bbox 1265 4461 1455 4537; x_wconf 77' lang='lat' dir='ltr'>prasumat.</span> <span class='ocrx_word' id='word_1_469' title='bbox 1486 4460 1522 4521; x_wconf 91' lang='lat' dir='ltr'>Si</span> <span class='ocrx_word' id='word_1_470' title='bbox 1548 4460 1623 4537; x_wconf 91' lang='lat' dir='ltr'>quis</span> <span class='ocrx_word' id='word_1_471' title='bbox 1643 4461 1754 4522; x_wconf 89' lang='lat' dir='ltr'>autem</span> <span class='ocrx_word' id='word_1_472' title='bbox 1778 4459 1906 4537; x_wconf 87' lang='lat' dir='ltr'>bujus-</span> 
     </span>
     <span class='ocr_line' id='line_1_44' title="bbox 257 4556 1905 4636; baseline 0.002 -20"><span class='ocrx_word' id='word_1_473' title='bbox 257 4556 371 4628; x_wconf 86' lang='lat' dir='ltr'>tatem,</span> <span class='ocrx_word' id='word_1_474' title='bbox 382 4571 443 4618; x_wconf 89' lang='lat' dir='ltr'>nec</span> <span class='ocrx_word' id='word_1_475' title='bbox 456 4571 565 4618; x_wconf 84' lang='lat' dir='ltr'>causae</span> <span class='ocrx_word' id='word_1_476' title='bbox 578 4557 749 4633; x_wconf 87' lang='lat' dir='ltr'>aliquaead</span> <span class='ocrx_word' id='word_1_477' title='bbox 762 4561 834 4636; x_wconf 80' lang='lat' dir='ltr'>ejus</span> <span class='ocrx_word' id='word_1_478' title='bbox 847 4558 1050 4620; x_wconf 89' lang='lat' dir='ltr'>audientiam</span> <span class='ocrx_word' id='word_1_479' title='bbox 1105 4557 1194 4620; x_wconf 87' lang='lat' dir='ltr'>modi</span> <span class='ocrx_word' id='word_1_480' title='bbox 1204 4559 1362 4620; x_wconf 83' lang='lat' dir='ltr'>statutum</span> <span class='ocrx_word' id='word_1_481' title='bbox 1377 4571 1462 4620; x_wconf 87' lang='lat' dir='ltr'>ausu</span> <span class='ocrx_word' id='word_1_482' title='bbox 1474 4557 1653 4620; x_wconf 86' lang='lat' dir='ltr'>temerario</span> <span class='ocrx_word' id='word_1_483' title='bbox 1668 4557 1796 4619; x_wconf 84' lang='lat' dir='ltr'>violare</span> <span class='ocrx_word' id='word_1_484' title='bbox 1810 4573 1905 4634; x_wconf 75' lang='lat' dir='ltr'>prae-</span> 
     </span>
     <span class='ocr_line' id='line_1_45' title="bbox 257 4641 1904 4734; baseline 0.001 -20"><span class='ocrx_word' id='word_1_485' title='bbox 257 4641 478 4731; x_wconf 78' lang='lat' dir='ltr'>perierantur.</span> <span class='ocrx_word' id='word_1_486' title='bbox 492 4654 640 4720; x_wconf 74' lang='lat' dir='ltr'>siluerit</span> <span class='ocrx_word' id='word_1_487' title='bbox 654 4655 845 4727; x_wconf 86' lang='lat' dir='ltr'>advocatus,</span> <span class='ocrx_word' id='word_1_488' title='bbox 858 4659 930 4732; x_wconf 88' lang='lat' dir='ltr'>ejus</span> <span class='ocrx_word' id='word_1_489' title='bbox 943 4658 1052 4732; x_wconf 90' lang='lat' dir='ltr'>patro·</span> <span class='ocrx_word' id='word_1_490' title='bbox 1105 4657 1292 4733; x_wconf 87' lang='lat' dir='ltr'>sumpserit,</span> <span class='ocrx_word' id='word_1_491' title='bbox 1309 4657 1345 4716; x_wconf 92' lang='lat' dir='ltr'>in</span> <span class='ocrx_word' id='word_1_492' title='bbox 1360 4655 1581 4734; x_wconf 85' lang='lat' dir='ltr'>quadruplum</span> <span class='ocrx_word' id='word_1_493' title='bbox 1606 4655 1718 4716; x_wconf 79' lang='lat' dir='ltr'>ablata</span> <span class='ocrx_word' id='word_1_494' title='bbox 1732 4655 1904 4728; x_wconf 84' lang='lat' dir='ltr'>restituat,</span> 
     </span>
     <span class='ocr_line' id='line_1_46' title="bbox 257 4749 1909 4831; baseline 0.002 -20"><span class='ocrx_word' id='word_1_495' title='bbox 257 4749 382 4812; x_wconf 74' lang='lat' dir='ltr'>mnium</span> <span class='ocrx_word' id='word_1_496' title='bbox 402 4750 592 4812; x_wconf 88' lang='lat' dir='ltr'>nullatenus</span> <span class='ocrx_word' id='word_1_497' title='bbox 615 4752 819 4815; x_wconf 87' lang='lat' dir='ltr'>admittatur.</span> <span class='ocrx_word' id='word_1_498' title='bbox 844 4753 879 4814; x_wconf 88' lang='lat' dir='ltr'>si</span> <span class='ocrx_word' id='word_1_499' title='bbox 900 4753 1047 4828; x_wconf 89' lang='lat' dir='ltr'>tabellio,</span> <span class='ocrx_word' id='word_1_500' title='bbox 1104 4751 1275 4816; x_wconf 74' lang='lat' dir='ltr'>infamiam</span> <span class='ocrx_word' id='word_1_501' title='bbox 1292 4754 1364 4831; x_wconf 90' lang='lat' dir='ltr'>ipso</span> <span class='ocrx_word' id='word_1_502' title='bbox 1375 4756 1454 4830; x_wconf 87' lang='lat' dir='ltr'>jure</span> <span class='ocrx_word' id='word_1_503' title='bbox 1467 4753 1629 4826; x_wconf 85' lang='lat' dir='ltr'>incurrat,</span> <span class='ocrx_word' id='word_1_504' title='bbox 1641 4753 1810 4828; x_wconf 88' lang='lat' dir='ltr'>imperiali</span> <span class='ocrx_word' id='word_1_505' title='bbox 1826 4753 1909 4814; x_wconf 89' lang='lat' dir='ltr'>ani-</span> 
     </span>
     <span class='ocr_line' id='line_1_47' title="bbox 255 4848 1779 4928; baseline 0.001 -18"><span class='ocrx_word' id='word_1_506' title='bbox 255 4848 477 4911; x_wconf 87' lang='lat' dir='ltr'>iustrumonta</span> <span class='ocrx_word' id='word_1_507' title='bbox 497 4864 557 4925; x_wconf 91' lang='lat' dir='ltr'>per</span> <span class='ocrx_word' id='word_1_508' title='bbox 575 4866 651 4911; x_wconf 90' lang='lat' dir='ltr'>eum</span> <span class='ocrx_word' id='word_1_509' title='bbox 670 4851 831 4924; x_wconf 85' lang='lat' dir='ltr'>contecta,</span> <span class='ocrx_word' id='word_1_510' title='bbox 849 4851 976 4912; x_wconf 90' lang='lat' dir='ltr'>nullius</span> <span class='ocrx_word' id='word_1_511' title='bbox 990 4867 1051 4928; x_wconf 86' lang='lat' dir='ltr'>pe·</span> <span class='ocrx_word' id='word_1_512' title='bbox 1104 4849 1564 4914; x_wconf 88' lang='lat' dir='ltr'>madversionenibilcminus</span> <span class='ocrx_word' id='word_1_513' title='bbox 1579 4850 1779 4928; x_wconf 79' lang='lat' dir='ltr'>puniendus</span> 
     </span>
    </p>
   </div>
   <div class='ocr_carea' id='block_1_4' title="bbox 257 4947 612 5011">
    <p class='ocr_par' dir='ltr' id='par_1_4' title="bbox 257 4947 612 5011">
     <span class='ocr_line' id='line_1_48' title="bbox 257 4947 612 5011; baseline -0.003 -3"><span class='ocrx_word' id='word_1_514' title='bbox 257 4947 347 5010; x_wconf 89' lang='lat' dir='ltr'>nitus</span> <span class='ocrx_word' id='word_1_515' title='bbox 361 4948 429 5011; x_wconf 88' lang='lat' dir='ltr'>sint</span> <span class='ocrx_word' id='word_1_516' title='bbox 442 4947 612 5010; x_wconf 89' lang='lat' dir='ltr'>momenti.</span> 
     </span>
    </p>
   </div>
   <div class='ocr_carea' id='block_1_5' title="bbox 1016 5083 1154 5100">
    <p class='ocr_par' dir='ltr' id='par_1_5' title="bbox 1016 5083 1154 5100">
     <span class='ocr_line' id='line_1_49' title="bbox 1016 5083 1154 5100; baseline 0 -2"><span class='ocrx_word' id='word_1_517' title='bbox 1016 5083 1154 5100; x_wconf 52' lang='lat' dir='ltr'><em>m</em></span> 
     </span>
    </p>
   </div>
   <div class='ocr_carea' id='block_1_6' title="bbox 855 5227 1372 5294">
    <p class='ocr_par' dir='ltr' id='par_1_6' title="bbox 855 5227 1372 5294">
     <span class='ocr_line' id='line_1_50' title="bbox 855 5227 1372 5294; baseline -0.008 -2"><span class='ocrx_word' id='word_1_518' title='bbox 855 5243 901 5292; x_wconf 86' lang='lat' dir='ltr'>nn</span> <span class='ocrx_word' id='word_1_519' title='bbox 921 5227 1295 5294; x_wconf 80' lang='lat' dir='ltr'>n&#39;nxcoumurncarron.</span> <span class='ocrx_word' id='word_1_520' title='bbox 1371 5283 1372 5288; x_wconf 75' lang='grc'>,</span> 
     </span>
    </p>
   </div>
   <div class='ocr_carea' id='block_1_7' title="bbox 254 5373 1905 5728">
    <p class='ocr_par' dir='ltr' id='par_1_7' title="bbox 254 5373 1905 5640">
     <span class='ocr_line' id='line_1_51' title="bbox 290 5373 1905 5462; baseline -0.002 -12"><span class='ocrx_word' id='word_1_521' title='bbox 290 5387 331 5450; x_wconf 80' lang='lat' dir='ltr'>Le</span> <span class='ocrx_word' id='word_1_522' title='bbox 344 5383 417 5445; x_wconf 78' lang='lat' dir='ltr'>Dici.</span> <span class='ocrx_word' id='word_1_523' title='bbox 427 5387 532 5462; x_wconf 78' lang='lat' dir='ltr'>encpcl.</span> <span class='ocrx_word' id='word_1_524' title='bbox 544 5387 577 5444; x_wconf 82' lang='lat' dir='ltr'>dc</span> <span class='ocrx_word' id='word_1_525' title='bbox 589 5387 680 5446; x_wconf 70' lang='lat' dir='ltr'>ilcan.</span> <span class='ocrx_word' id='word_1_526' title='bbox 692 5385 729 5444; x_wconf 89' lang='lat' dir='ltr'>de</span> <span class='ocrx_word' id='word_1_527' title='bbox 741 5387 877 5445; x_wconf 86' lang='lat' dir='ltr'>Goschler</span> <span class='ocrx_word' id='word_1_528' title='bbox 888 5395 1050 5446; x_wconf 87' lang='lat' dir='ltr'>commenta</span> <span class='ocrx_word' id='word_1_529' title='bbox 1106 5405 1142 5446; x_wconf 90' lang='lat' dir='ltr'>en</span> <span class='ocrx_word' id='word_1_530' title='bbox 1155 5389 1215 5446; x_wconf 89' lang='lat' dir='ltr'>leur</span> <span class='ocrx_word' id='word_1_531' title='bbox 1228 5385 1333 5461; x_wconf 81' lang='lat' dir='ltr'>qualite</span> <span class='ocrx_word' id='word_1_532' title='bbox 1346 5373 1614 5454; x_wconf 80' lang='lat' dir='ltr'>d&#39;liuueurenens,</span> <span class='ocrx_word' id='word_1_533' title='bbox 1623 5384 1736 5459; x_wconf 73' lang='lat' dir='ltr'>obliges</span> <span class='ocrx_word' id='word_1_534' title='bbox 1746 5385 1905 5462; x_wconf 79' lang='lat' dir='ltr'>d&#39;appuyer</span> 
     </span>
     <span class='ocr_line' id='line_1_52' title="bbox 254 5473 1904 5552; baseline -0.001 -17"><span class='ocrx_word' id='word_1_535' title='bbox 254 5478 282 5535; x_wconf 83' lang='lat' dir='ltr'>ia</span> <span class='ocrx_word' id='word_1_536' title='bbox 295 5477 483 5536; x_wconf 77' lang='lat' dir='ltr'>constitution</span> <span class='ocrx_word' id='word_1_537' title='bbox 497 5476 533 5534; x_wconf 92' lang='lat' dir='ltr'>de</span> <span class='ocrx_word' id='word_1_538' title='bbox 549 5475 682 5534; x_wconf 76' lang='lat' dir='ltr'>Frederic</span> <span class='ocrx_word' id='word_1_539' title='bbox 695 5475 720 5533; x_wconf 93' lang='lat' dir='ltr'>ll</span> <span class='ocrx_word' id='word_1_540' title='bbox 733 5476 805 5534; x_wconf 89' lang='lat' dir='ltr'>dans</span> <span class='ocrx_word' id='word_1_541' title='bbox 819 5477 862 5534; x_wconf 83' lang='lat' dir='ltr'>les</span> <span class='ocrx_word' id='word_1_542' title='bbox 873 5484 978 5534; x_wconf 84' lang='lat' dir='ltr'>termes</span> <span class='ocrx_word' id='word_1_543' title='bbox 989 5478 1048 5534; x_wconf 89' lang='lat' dir='ltr'>sui·</span> <span class='ocrx_word' id='word_1_544' title='bbox 1092 5493 1140 5549; x_wconf 81' lang='lat' dir='ltr'>¹en</span> <span class='ocrx_word' id='word_1_545' title='bbox 1156 5474 1273 5552; x_wconf 73' lang='lat' dir='ltr'>general</span> <span class='ocrx_word' id='word_1_546' title='bbox 1288 5474 1458 5534; x_wconf 78' lang='lat' dir='ltr'>l&#39;exdoution</span> <span class='ocrx_word' id='word_1_547' title='bbox 1480 5473 1531 5532; x_wconf 90' lang='lat' dir='ltr'>des</span> <span class='ocrx_word' id='word_1_548' title='bbox 1549 5475 1649 5548; x_wconf 87' lang='lat' dir='ltr'>peines</span> <span class='ocrx_word' id='word_1_549' title='bbox 1668 5474 1904 5548; x_wconf 76' lang='lat' dir='ltr'>ecclesiastiqnes</span> 
     </span>
     <span class='ocr_line' id='line_1_53' title="bbox 256 5561 1904 5640; baseline -0.001 -16"><span class='ocrx_word' id='word_1_550' title='bbox 256 5575 341 5625; x_wconf 78' lang='lat' dir='ltr'>rents</span> <span class='ocrx_word' id='word_1_551' title='bbox 356 5583 362 5622; x_wconf 95' lang='lat'><strong>:</strong></span> <span class='ocrx_word' id='word_1_552' title='bbox 427 5582 431 5590; x_wconf 88' lang='lat'><strong>·</strong></span> <span class='ocrx_word' id='word_1_553' title='bbox 1105 5581 1156 5640; x_wconf 87' lang='lat' dir='ltr'>per</span> <span class='ocrx_word' id='word_1_554' title='bbox 1170 5567 1197 5624; x_wconf 90' lang='lat' dir='ltr'>le</span> <span class='ocrx_word' id='word_1_555' title='bbox 1207 5565 1274 5624; x_wconf 90' lang='lat' dir='ltr'>bras</span> <span class='ocrx_word' id='word_1_556' title='bbox 1287 5563 1419 5636; x_wconf 77' lang='lat' dir='ltr'>seculier,</span> <span class='ocrx_word' id='word_1_557' title='bbox 1430 5577 1543 5621; x_wconf 87' lang='lat' dir='ltr'>comme</span> <span class='ocrx_word' id='word_1_558' title='bbox 1555 5579 1592 5621; x_wconf 94' lang='lat' dir='ltr'>on</span> <span class='ocrx_word' id='word_1_559' title='bbox 1603 5565 1629 5620; x_wconf 93' lang='lat' dir='ltr'>le</span> <span class='ocrx_word' id='word_1_560' title='bbox 1643 5563 1702 5622; x_wconf 84' lang='lat' dir='ltr'>voit</span> <span class='ocrx_word' id='word_1_561' title='bbox 1713 5561 1776 5636; x_wconf 73' lang='lat' dir='ltr'>deit</span> <span class='ocrx_word' id='word_1_562' title='bbox 1789 5562 1865 5622; x_wconf 86' lang='lat' dir='ltr'>dans</span> <span class='ocrx_word' id='word_1_563' title='bbox 1875 5565 1904 5622; x_wconf 90' lang='lat' dir='ltr'>le</span> 
     </span>
    </p>

    <p class='ocr_par' dir='ltr' id='par_1_8' title="bbox 295 5643 1901 5728">
     <span class='ocr_line' id='line_1_54' title="bbox 295 5643 1901 5728; baseline -0.002 -14"><span class='ocrx_word' id='word_1_564' title='bbox 295 5677 307 5705; x_wconf 77' lang='grc' dir='ltr'>ι</span> <span class='ocrx_word' id='word_1_565' title='bbox 324 5655 369 5714; x_wconf 85' lang='lat' dir='ltr'>bn</span> <span class='ocrx_word' id='word_1_566' title='bbox 385 5669 489 5727; x_wconf 82' lang='lat' dir='ltr'>moyen</span> <span class='ocrx_word' id='word_1_567' title='bbox 507 5656 573 5728; x_wconf 84' lang='lat' dir='ltr'>ige,</span> <span class='ocrx_word' id='word_1_568' title='bbox 586 5655 630 5713; x_wconf 87' lang='lat' dir='ltr'>les</span> <span class='ocrx_word' id='word_1_569' title='bbox 643 5643 723 5714; x_wconf 70' lang='lat' dir='ltr'>litate</span> <span class='ocrx_word' id='word_1_570' title='bbox 744 5669 776 5714; x_wconf 86' lang='lat' dir='ltr'>se</span> <span class='ocrx_word' id='word_1_571' title='bbox 795 5653 1050 5726; x_wconf 84' lang='lat' dir='ltr'>reconnaiesaient,</span> <span class='ocrx_word' id='word_1_572' title='bbox 1106 5656 1254 5715; x_wconf 69' lang='lat' dir='ltr'>Demeter</span> <span class='ocrx_word' id='word_1_573' title='bbox 1269 5653 1438 5714; x_wconf 70' lang='lat' dir='ltr'>childeberti</span> <span class='ocrx_word' id='word_1_574' title='bbox 1448 5651 1537 5728; x_wconf 77' lang='grc'><strong>(1196),</strong></span> <span class='ocrx_word' id='word_1_575' title='bbox 1547 5666 1574 5712; x_wconf 91' lang='lat' dir='ltr'>c.</span> <span class='ocrx_word' id='word_1_576' title='bbox 1587 5651 1604 5712; x_wconf 79' lang='lat' dir='ltr'>i</span> <span class='ocrx_word' id='word_1_577' title='bbox 1612 5667 1622 5726; x_wconf 84' lang='lat'><em>3</em></span> <span class='ocrx_word' id='word_1_578' title='bbox 1636 5650 1709 5712; x_wconf 87' lang='lat' dir='ltr'>dens</span> <span class='ocrx_word' id='word_1_579' title='bbox 1720 5651 1822 5726; x_wconf 80' lang='lat' dir='ltr'>Pepin,</span> <span class='ocrx_word' id='word_1_580' title='bbox 1834 5667 1901 5728; x_wconf 81' lang='lat' dir='ltr'>cap.</span> 
     </span>
    </p>
   </div>
   <div class='ocr_carea' id='block_1_8' title="bbox 0 0 2038 6290">
    <p class='ocr_par' dir='ltr' id='par_1_9' title="bbox 0 0 2038 6290">
     <span class='ocr_line' id='line_1_55' title="bbox 0 0 2038 6290; baseline 0 1"><span class='ocrx_word' id='word_1_581' title='bbox 0 0 2038 6290; x_wconf 95' lang='lat' dir='ltr'> </span> 
     </span>
    </p>
   </div>
  </div>
 </body>
</html>
