3978 6292
87 417 135 476 tat
687 416 915 477 EPISTOLAE.
938 417 1016 476 LIB.
1040 419 1095 478 111.
1654 422 1714 480 Ptiss

87 573 225 650 quantur.
241 573 360 634 Datum
380 573 482 636 Reate
497 575 572 636 VIII
587 573 661 636 idus
670 575 758 652 julii,
777 589 863 652 pon·

86 673 215 734 liticatus
229 671 334 734 nostri
350 687 439 732 anno
453 673 564 734 tertlo.

390 839 543 928 cdliii

115 977 161 1036 lo
172 975 290 1068 Sancti
313 977 457 1050 colpum
471 974 504 1036 ct
518 977 637 1036 Sancti
656 979 832 1040 Mtcboelts

239 1069 525 1132 dtscolceotorum
541 1070 689 1133 abbates.
741 1151 743 1157 Ι

361 1171 562 1245 ioJ'ulntns.
651 1165 656 1174 ·

252 1269 455 1334 pugnantium
467 1270 683 1338 murenulis]

84 1371 123 1426 liis
132 1367 244 1426 mandat
256 1377 287 1426 ut
300 1369 453 1428 informent
461 1371 496 1432 de
507 1373 633 1431 moribus
645 1371 771 1448 episcopi
780 1373 865 1429 Fesc-

350 1461 423 1519 lanae
442 1464 580 1521 ecolesiae.

115 1559 276 1620 Honorius
311 1561 503 1638 episcopus,
540 1576 656 1623 servus
691 1575 863 1623 servorum

81 1655 142 1721 bei.
155 1656 285 1718 dilectis
301 1657 380 1718 filiis
401 1660 514 1721 Sancti
530 1659 680 1736 (lalgani,
699 1659 731 1720 et
745 1659 777 1719 S.
795 1659 861 1718 Mi-

81 1751 194 1812 cbaelis
220 1753 496 1816 discalceatorum
518 1755 702 1827 abbatibus,
722 1755 862 1815 salutem

79 1853 110 1910 et
117 1851 327 1926 apostolicam
341 1851 615 1916 benedictionem.

918 577 1114 648 evocandos,
1145 577 1178 638 et
1202 577 1362 640 babentes
1389 593 1458 654 prae
1479 579 1587 640 oculis
1607 579 1711 641 solum

919 676 1032 746 Deum,
1049 673 1225 751 Inquiratis
1240 690 1339 752 super
1355 674 1537 751 praemissis
1559 675 1712 738 omnibus

918 769 1109 847 diligentius
1140 772 1328 844 veritatem,
1352 775 1385 833 et
1407 773 1492 850 quod
1517 773 1713 836 inveneritis

917 868 1710 946 pernostrasvobislitterasfideliterterminetis

919 966 1126 1042 praefigentes
1142 966 1246 1028 eidem
1261 967 1415 1044 episcopo
1436 969 1615 1030 terminum
1627 985 1713 1032 oom-

918 1063 1092 1140 petentem,
1110 1081 1173 1141 quo
1193 1065 1306 1126 nostro
1325 1067 1514 1142 conspectui
1531 1084 1566 1128 se
1588 1083 1713 1144 reprae-

918 1162 1043 1232 sentet,
1069 1165 1264 1239 recepturus
1290 1177 1350 1239 pro
1383 1177 1518 1224 suornm
1544 1165 1711 1242 exigentia

918 1259 1121 1320 meritorum.
1145 1260 1238 1321 Nulli
1269 1275 1349 1335 ergo
1376 1262 1510 1324 omnino
1541 1263 1711 1324 bominum

918 1357 1017 1417 liceat
1045 1357 1131 1418 hanc
1159 1358 1314 1435 paginam
1348 1360 1471 1420 nostrae
1498 1361 1711 1436 protectionis

917 1453 1110 1531 intringere,
1124 1456 1177 1516 vol
1194 1455 1225 1516 ei
1240 1471 1324 1518 ausu
1338 1457 1517 1519 temerario
1531 1459 1709 1521 contraire.

918 1552 953 1612 Si
969 1553 1043 1629 quis
1058 1555 1168 1614 autom
1191 1554 1254 1616 boc
1271 1555 1435 1616 attentare
1450 1559 1709 1633 praesumpserit,

917 1649 1177 1726 indignationem
1193 1652 1426 1728 omnipotentis
1447 1654 1517 1725 Dei,
1541 1670 1580 1715 ao
1598 1653 1713 1718 beato·
1763 1680 1768 1705 ι

915 1762 990 1808 rum
1000 1747 1089 1810 Petri
1102 1750 1135 1808 et
1151 1749 1247 1810 Pauli
1258 1751 1483 1826 apostolorum
1497 1754 1583 1828 ojus,
1600 1768 1637 1814 se
1652 1769 1713 1814 no·

916 1845 1002 1906 verit
1027 1846 1251 1907 incursurum.
1285 1849 1403 1908 Datum
1427 1849 1540 1920 Reate,
1569 1851 1613 1911 VI
1637 1835 1711 1912 idus

115 1948 265 2010 Ascendit
276 1949 317 2009 ad
327 1965 387 2010 nos
395 1951 522 2012 clamor
530 1949 681 2012 ecolesiae
690 1949 862 2012 Fesulanae
911 1943 1001 2019 julii,
1018 1943 1228 2044 pontificatus
1241 1943 1345 2005 nostri
1361 1961 1449 2006 anno
1464 1947 1571 2010 tertio.

78 2043 165 2106 lassae
174 2048 243 2122 jam
259 2062 278 2107 a
295 2048 456 2108 malorum
473 2049 692 2118 multitudine,
708 2065 781 2124 quae
796 2062 861 2108 non

77 2141 116 2202 ab
142 2142 243 2216 hoste,
268 2144 326 2205 sed
355 2145 397 2206 ab
423 2145 542 2218 amico,
559 2162 620 2208 noc
640 2145 681 2206 ab
700 2145 862 2206 extraneo

78 2239 201 2315 patitur,
216 2241 273 2302 sed
289 2258 308 2302 a
323 2257 456 2319 sponso,
473 2243 501 2304 si
516 2245 638 2315 tamen,
654 2242 710 2320 qul
726 2257 786 2303 sua
805 2259 862 2304 ra-

77 2337 130 2413 pit,
154 2337 196 2402 sit
219 2342 293 2417 ejus
319 2340 629 2413 dicendusamious‚
646 2339 698 2402 vel
721 2355 861 2417 sponsus

76 2435 215 2510 reputari
228 2436 357 2502 debeat.
367 2439 401 2500 ot
415 2453 480 2499 non
493 2437 716 2514 moeohus,qui
731 2453 860 2514 sponsae

76 2532 274 2596 honestatem
299 2538 415 2612 sponte
431 2537 656 2607 contemnens,
675 2533 712 2597 ut
725 2535 861 2598 illicitos

75 2633 232 2693 mercetur
252 2633 443 2709 amplexus,
472 2633 618 2711 prodigit
641 2632 749 2694 dotem
775 2636 858 2710 eius.

76 2727 153 2788 Nam
165 2729 250 2806 qnod
269 2730 342 2790 sine
362 2730 477 2791 dolore
498 2730 641 2808 plurimo
654 2731 779 2792 reterre
793 2747 860 2792 non

76 2839 253 2900 possumus,
276 2831 310 2890 et
323 2826 455 2900 rubore,
477 2827 671 2889 Fesulamus
687 2829 860 2906 episcopus

75 2923 230 2985 rationem
261 2926 491 2998 sensualitati,
522 2928 556 2988 et
589 2926 741 3002 spiritum
765 2927 860 2988 carni

73 3019 188 3082 diottur
215 3024 426 3099 usqueadeo
452 3022 645 3100 subjecIsse,
669 3023 755 3100 quod
774 3039 859 3085 con·

75 3119 189 3194 tempta
211 3120 377 3196 pontificis
399 3121 573 3197 gravitate,
595 3119 784 3182 carnalibus
802 3121 861 3181 de-

1241 2111 1390 2199 dcliv

974 2248 1027 2306 Ad
1040 2247 1224 2320 Rodulstcm
1234 2249 1268 2308 s.
1284 2249 1454 2310 lobannis
1466 2249 1503 2309 in
1524 2249 1649 2312 Vanam.

1209 2361 1240 2417 n
1254 2357 1318 2434 jun
1334 2361 1413 2418 asto.

930 2463 1068 2530 [Βοιιᾳιιιι
1081 2466 1185 2518 Recuoil
1197 2465 1398 2528 desHist.‚XIX,
1407 2467 1468 2528 689;
1481 2469 1580 2533 Regest.
1593 2469 1638 2521 lib.
1652 2471 1695 2530 III,

1237 2547 1310 2611 epist.
1320 2547 1390 2612 tin]

915 2643 1021 2701 &ardo
1034 2643 1070 2701 do
1080 2645 1171 2702 Brenn
1187 2644 1292 2702 bellum
1307 2659 1409 2718 gerere
1425 2661 1480 2704 non
1496 2643 1646 2707 desinente
1657 2649 1707 2706 ad·

949 2747 1049 2790 versus
1063 2733 1269 2804 tneobddum,
1282 2735 1446 2808 Campania
1465 2737 1609 2806 comitem,
1627 2755 1707 2796 man·

948 2820 997 2880 dat
1024 2823 1176 2891 Honorius,
1210 2830 1242 2880 ut
1264 2822 1397 2882 homines
1423 2825 1520 2882 comiti
1549 2825 1711 2897 iuramento

949 2910 1075 2968 adstricti
1094 2909 1188 2968 eidem
1200 2913 1335 2970 assistere
1344 2920 1485 2986 cogentum
1494 2913 1624 2984 viriliter,
1640 2931 1708 2988 pen·

948 2999 1033 3060 deute
1045 3015 1131 3058 causa
1147 3001 1284 3060 natalium
1300 3001 1447 3074 Pbilippae,
1459 3002 1555 3062 uxoris
1565 3003 1674 3062 lilrardi.

952 3117 1120 3178 Honorius
1130 3117 1304 3195 opiscopus
1307 3161 1369 3179 .....
1381 3117 1511 3180 dilectis
1522 3118 1600 3182 liliis
1611 3123 1712 3184 Sano-

73 3215 211 3288 sideriis,
226 3233 299 3294 quaa
322 3219 467 3280 militant
488 3218 647 3280 adversus
666 3218 811 3280 animam
823 3235 860 3281 se
912 3214 1109 3276 tlJobannis
1119 3214 1155 3276 in
1168 3215 1282 3276 Vincis
1290 3216 1538 3277 suessionensis
1547 3217 1708 3292 ecclesiae,

74 3311 252 3386 involvens
282 3331 402 3392 prava,
428 3331 501 3392 quae
526 3317 704 3385 nonlicet,
731 3318 857 3394 turpia,
913 3313 1018 3373 Vallis
1033 3313 1188 3385 secretae,
1210 3311 1395 3386 abbatibus,
1417 3314 1450 3375 et
1468 3314 1594 3378 decano
1609 3319 1710 3380 Sues·

71 3426 139 3486 qnae
155 3427 221 3473 non
240 3414 344 3484 docet,
368 3415 403 3474 et
419 3430 517 3484 vana,
539 3431 613 3491 qnae
628 3429 694 3475 non
714 3413 858 3492 expedit,
913 3409 1080 3472 sionensis
1092 3411 1253 3482 ecclesiae,
1271 3411 1424 3483 salutem,
1441 3413 1503 3474 oto.

72 3507 103 3568 in
117 3509 321 3571 aetatesenill
334 3510 529 3586 juventutes
551 3513 715 3588 operetur,
733 3513 767 3574 et
782 3512 860 3590 quia
953 3509 1033 3568 Cum
1065 3507 1187 3569 nobilis
1209 3507 1264 3570 vir
1290 3509 1436 3570 Erardus
1464 3510 1504 3572 do
1537 3513 1645 3574 Brona
1678 3517 1711 3578 et

71 3620 131 3666 non
155 3608 262 3683 potest
286 3608 359 3669 sine
387 3608 544 3684 gravibus
579 3609 764 3687 sumptibus
790 3611 859 3671 suis
913 3603 1068 3682 Philippa
1088 3620 1174 3666 uxor
1194 3607 1328 3682 sisset
1352 3606 1561 3684 coadjutores
1583 3625 1708 3683 eorum,

71 3703 288 3780 voluptatibus
324 3705 528 3777 satIsIacere
559 3707 671 3784 utpote
700 3707 756 3784 qui
793 3723 859 3769 non
914 3703 1264 3766 excommunicationis
1288 3706 1322 3766 et
1342 3704 1510 3768 interdicti
1529 3707 1711 3770 sententias

70 3799 170 3861 solum
207 3805 410 3864 secretorum
439 3819 574 3864 suorum
607 3803 770 3877 consciis,
801 3821 861 3866 ve-
912 3799 1165 3863 ineosotterras
1176 3816 1254 3861 suas
1265 3816 1324 3878 pro
1333 3801 1463 3862 damnis
1474 3803 1712 3880 otinjnriisno-

71 3911 138 3958 rum
153 3897 253 3960 etiam
269 3899 356 3968 aliis,
371 3917 413 3962 ne
426 3901 641 3978 ignominiam
653 3903 803 3965 revelent
814 3903 860 3980 ip·
912 3896 971 3958 bili
986 3897 1118 3958 mulieri
1140 3897 1492 3969 BIanchao‚comitissae
1507 3901 1707 3977 Campaniae.

71 3994 144 4067 sins,
168 3997 273 4058 multa
299 3999 428 4074 cogitur
452 3999 685 4061 damnabiliter
709 3999 856 4076 elargiri,
911 3993 1171 4066 soanachilde,
1190 3993 1359 4071 nnoajus,
1381 3995 1709 4068 illalibauewt'italt

71 4089 149 4154 bona
164 4094 314 4156 ecclesiae
329 4095 503 4158 Fesulanae
519 4112 602 4173 pene
617 4097 748 4174 penitus
763 4098 859 4158 dissi·
911 4091 1100 4167 Apostolica
1122 4091 1349 4168 promulgatas
1366 4093 1436 4170 jam
1461 4108 1521 4170 per
1538 4091 1708 4156 biennium

71 4193 165 4264 pavit,
183 4206 244 4252 neo
255 4193 429 4254 contentus
443 4209 498 4254 res
512 4193 663 4266 mobiles,
677 4193 795 4272 quibus
810 4195 859 4256 in·
912 4188 1180 4264 contempserint,
1195 4192 1229 4250 θῖ
1240 4189 1350 4250 adhuc
1358 4205 1487 4266 (1¹10q110
1497 4191 1709 4254 0011t0mnanl

69 4287 204 4350 cubabat
228 4304 439 4362 consumere,
463 4307 518 4352 res
546 4291 646 4354 etiam
674 4291 857 4354 immobiles
912 4284 1065 4348 cordibus
1085 4285 1261 4359 induratis·
1291 4285 1485 4348 di⁸0r0fi0ni
1506 4289 1626 4350 Vestrae
1650 4305 1708 4366 per

71 4386 311 4462 prodigamanu
322 4387 486 4461 dIstraxit,
502 4393 533 4451 et
549 4390 709 4467 quasdam
723 4391 858 4453 donarit
910 4382 1100 4461 Ap08tolita
1117 4383 1241 4460 scritta
1256 4383 1463 4455 mandamus,
1478 4387 1641 4460 quatenu-‘³
1653 4385 1707 4463 ἱρ-

70 4481 123 4542 sub
135 4484 339 4545 venditionis
354 4487 465 4563 specie
480 4487 643 4548 simulatae
663 4487 740 4550 aliis
755 4487 858 4548 nihil·
911 4481 981 4542 sius
996 4481 1175 4544 comitissae
1189 4497 1228 4542 ac
1240 4479 1301 4542 fllii
1321 4484 1393 4557 ejus
1420 4480 1572 4544 homines
1584 4483 1618 4544 ot
1631 4483 1707 4546 illos

70 4581 192 4641 ominus
214 4581 392 4643 intendatis
408 4583 442 4643 in
458 4582 677 4661 irreparabile
692 4585 859 4662 ipsiusec·
912 4578 967 4656 qui
989 4579 1113 4642 eisdem
1126 4577 1167 4640 ad
1183 4579 1246 4640 boc
1267 4578 1449 4654 juramenti
1472 4579 1607 4642 vinculo
1630 4583 1708 4644 sunt

71 4677 173 4739 olesiae
208 4679 452 4753 detrimontum,
491 4682 606 4743 contra
632 4684 857 4760 jnramontum
910 4677 1072 4748 adstricti,
1085 4677 1121 4738 ut
1132 4676 1196 4752 ipsi
1211 4675 1389 4737 comitissae
1404 4691 1444 4738 ac
1454 4676 1523 4738 illio
1536 4681 1608 4755 ojus
1622 4695 1707 4742 oon-

70 4775 231 4852 proprium
261 4779 386 4839 temere
410 4777 584 4851 veniendo,
605 4779 652 4842 ita
668 4780 752 4856 quod
773 4779 858 4842 slent
910 4773 963 4836 tra
995 4773 1169 4850 praelatum
1195 4772 1364 4834 lilrardum·
1392 4775 1425 4834 et
1458 4777 1531 4852 ejus
1561 4776 1707 4840 lautores

69 4873 208 4935 creditur
229 4873 297 4946 vix,
321 4875 373 4936 vel
397 4891 565 4953 nunquam
591 4879 664 4954 post
686 4877 857 4939 decessum
911 4869 1070 4932 assistant
1094 4869 1239 4932 viriliter
1265 4868 1299 4931 ot
1322 4871 1483 4946 potenter,
1513 4872 1543 4932 si
1570 4874 1705 4948 terram,

70 4966 166 5043 ipsius
181 4971 327 5049 episcopi
344 4972 485 5050 oritoni
498 4973 654 5036 velitsibi
668 4975 855 5049 succedere,
911 4983 1008 5046 quam
1022 4967 1202 5045 possident,
1216 4965 1411 5044 perturbare
1421 4973 1704 5048 praesumpserint.

71 5064 99 5125 in
119 5069 246 5131 tantum
271 5069 335 5131 orIt
357 5069 463 5147 ipsius
489 5072 640 5134 ecclesiae
664 5089 731 5135 non
750 5075 857 5136 solum
911 5066 1074 5144 pendente
1084 5081 1196 5127 coram
1207 5064 1302 5127 nobis
1311 5081 1412 5128 causa
1423 5067 1583 5132 itatalium
1594 5085 1708 5145 supra·

71 5163 178 5238 torma,
204 5167 262 5228 sed
292 5167 479 5230 substantia
502 5169 673 5232 annulata.
701 5172 857 5234 volentes
911 5165 1007 5226 dicite
1038 5163 1213 5240 Philillpffli
1255 5164 1417 5224 Μῡῐίθᾶῐὶὓ
1449 5165 1638 5242 prudenter,
1675 5169 1708 5230 et

69 5259 161 5336 igitur
188 5264 402 5336 descendere,
425 5281 466 5327 ac
481 5266 717 5331 videreutrum
733 5269 857 5330 clamor
911 5261 1091 5322 efficaciter
1116 5260 1280 5322 inducatis
1307 5275 1364 5322 008
1386 5261 1426 5320 ad
1449 5260 1495 5332 id,
1521 5261 1550 5322 si
1572 5277 1707 5330 necesse

70 5355 250 5435 hujusmodi
267 5363 401 5425 verimti
415 5365 552 5436 nitatur,
569 5365 763 5428 dIscretioni
776 5383 856 5429 ves·
910 5358 1022 5432 suerit,
1053 5374 1113 5436 1³0?
1133 5373 1309 5420 censuram
1342 5357 1618 5434 θθθὶθῧῖᾶὃῑὶθθωι
1644 5379 1707 5441 alt·

70 5457 121 5518 tras
135 5475 196 5536 per
206 5459 398 5536 Apostolica
412 5462 536 5539 scripta
549 5465 755 5535 mandamus,
769 5481 855 5541 qua·
910 5457 1089 5534 pellatione
1114 5457 1251 5527 remota,
1272 5457 1439 5531 cogentes.
1466 5457 1558 5527 Quod
1584 5459 1613 5520 si
1640 5477 1707 5524 non

70 5551 156 5616 lenm
175 5555 216 5616 ad
238 5557 413 5618 ecclesiam
439 5559 545 5635 ipsam
568 5563 789 5638 personanter
799 5579 858 5624 ac-
911 5571 1025 5617 omnes
1039 5555 1093 5615 bis
1104 5552 1325 5630 exequendis
1339 5552 1503 5615 interesse
1518 5559 1704 5632 potueritis,

71 5653 228 5726 cedentes,
241 5655 294 5716 vel
307 5655 336 5716 si
347 5656 409 5718 boc
430 5657 505 5718 sina
526 5659 685 5721 scandalo
700 5677 774 5722 esse
790 5677 856 5722 non
910 5653 974 5716 duo
990 5652 1136 5714 vestrum
1150 5665 1189 5712 ea
1200 5649 1417 5710 nihilominus
1427 5657 1664 5728 exsequantur.

71 5753 177 5824 potest,
194 5755 354 5814 vocantes
369 5771 451 5831 quos
472 5759 609 5833 propter
628 5757 690 5819 boc
702 5759 855 5820 sideritis
951 5753 1068 5816 Datum
1084 5749 1198 5820 Reate,
1215 5749 1242 5808 V
1259 5747 1333 5808 idus
1344 5747 1423 5823 julii
1438 5764 1525 5812 anno
1538 5751 1647 5814 tertio.
