4066 6290
715 283 943 345 EPISTOLAE.
968 285 1045 346 Lis.
1069 287 1107 347 V.

384 447 601 538 ccclxiv

163 588 214 648 Ad
229 586 443 666 meptstruot
457 591 491 650 S.
513 592 674 652 clericum
689 592 828 654 Bituit-

419 700 566 746 censeor.

375 805 410 862 29
425 807 506 879 april.
525 809 603 864 ital.

130 920 246 984 [liegest.,
259 917 307 969 lib.
320 916 352 980 V,
366 921 438 983 mist.
449 921 504 970 620.
519 922 575 971 hiss.
587 922 624 971 La
638 924 712 973 Perta
725 917 760 974 du
774 921 868 988 lircil]

147 1034 278 1108 indulget
303 1042 337 1093 ut
350 1035 407 1093 due
420 1036 559 1096 beneficia
574 1035 720 1110 possidere
733 1041 831 1112 possit.

134 1152 308 1226 Honorius,
340 1153 415 1225 etc,
445 1153 564 1216 dilecte
584 1155 652 1215 tiiie
669 1156 827 1231 magistre
852 1157 908 1220 S..

101 1243 212 1310 clerice
226 1249 447 1312 Bituricensis
462 1251 715 1329 archiepiscopi.

134 1347 178 1407 Ad
204 1346 430 1408 exhibendum
457 1349 518 1411 tibi
540 1349 683 1425 gratiam
709 1350 886 1426 specialem

101 1444 207 1505 merite
231 1445 298 1505 tuae
329 1444 502 1522 probitatis
526 1445 663 1519 inducti,
690 1449 887 1510 auctoritate

101 1541 153 1600 tibi
176 1543 390 1617 praesentium
405 1543 615 1620 indulgemus
631 1546 677 1617 ut,
695 1561 794 1622 quum
810 1545 888 1606 uni-

101 1654 166 1698 cum
183 1637 308 1700 habeas
324 1638 523 1702 beneficium
544 1657 657 1703 curam
671 1642 797 1703 habens
813 1642 888 1704 ani-

101 1750 218 1796 marum
237 1752 417 1809 annexam,
443 1739 529 1814 qued
549 1739 636 1800 sieut
655 1741 778 1800 asseris
799 1739 886 1801 ultra

103 1847 251 1893 summam
269 1835 404 1896 centum
426 1835 607 1896 solidorum
621 1839 786 1898 Toronen.
801 1853 889 1898 nun·

103 1945 189 2004 quam
215 1931 276 1992 tibi
302 1932 410 1993 valuit
437 1933 619 2005 annuatim,
646 1934 737 1994 aliud
760 1934 832 2007 tibi,
858 1935 887 1995 si

103 2028 249 2089 canonice
270 2029 443 2102 offeratur,
467 2032 586 2109 pessis,
601 2031 723 2095 statute
748 2031 886 2093 Consilii

102 2125 256 2197 generalis
291 2143 360 2188 nen
391 2126 552 2200 obstante,
577 2129 736 2206 recipere,
761 2129 886 2190 etcum

102 2219 153 2280 iile
171 2217 274 2282 libera
290 2225 447 2285 retinere.
463 2225 554 2285 Nulli
570 2241 660 2300 erge,
675 2225 750 2298 eto,
765 2226 886 2288 nestrae

104 2319 317 2380 concessionis
336 2320 529 2396 infringere.
547 2322 582 2382 si
597 2323 670 2398 quis
685 2325 806 2394 autem,
824 2323 885 2384 ete.

103 2414 210 2476 Datum
234 2417 402 2492 Laterani,
429 2420 475 2480 ill
506 2418 667 2512 kalendas
691 2420 772 2480 maii
799 2435 887 2481 anne

105 2512 217 2586 quinte.

390 2673 589 2761 'CCCLXV

189 2817 242 2876 Ae
264 2819 462 2890 episcopum
485 2817 786 2893 Aipoottncnsem.

375 2939 411 2995 29
421 2937 502 3010 april.
524 2939 603 2996 lsai.

162 3047 294 3112 [Sensum
310 3050 408 3102 nisam
421 3052 537 3117 diplom,
551 3057 570 3102 t.
583 3053 648 3116 n,p.
659 3051 713 3111 aar,
725 3065 752 3102 n.
765 3047 832 3116 ors]

108 3152 193 3212 lleoet
206 3165 233 3214 el
247 3156 378 3216 hortatur
388 3159 554 3232 episcopum
568 3159 687 3232 Argent.
704 3166 735 3215 ut
750 3157 886 3216 abodve-

135 3250 256 3303 catorum
269 3246 471 3305 vexationibus
486 3247 586 3305 liberet
598 3247 736 3304 eeclesias
750 3245 889 3304 secedim

136 3334 213 3390 eosic.

141 3449 886 3529 Honoriusepiseopus,servusserverumDei,

107 3548 275 3610 venerabili
286 3551 384 3611 fratri
402 3551 639 3625 argentinensi
657 3551 823 3628 episcope,
840 3563 890 3610 sa·

108 3638 197 3704 lutam
209 3649 241 3707 et
254 3647 472 3724 apostolicam
493 3647 768 3710 benedictionem.

141 3741 251 3805 Dilecti
262 3745 326 3806 filii
342 3744 523 3821 capitulum
533 3743 774 3819 argentinense
785 3741 890 3803 trans-

106 3836 198 3899 missa
218 3842 313 3904 nobis
344 3841 504 3918 petitione
536 3840 774 3912 monstrarunt,
803 3838 889 3916 qued

109 3933 242 4014 plerique
253 3940 405 4000 advocati
414 3939 630 4001 eeclesiarum
642 3938 707 4000 tusa
721 3937 887 4009 dioecesis,

109 4031 322 4098 advocationis
338 4035 533 4114 obsequium
545 4035 770 4113 pervertentes
786 4035 821 4095 in
836 4032 890 4095 de

109 4128 285 4194 minationis
313 4133 447 4204 abusus,
475 4133 635 4196 ecclesias
657 4133 748 4210 ipsas
773 4131 889 4192 multi'-

106 4223 228 4297 pliciter
242 4230 431 4309 opprimunt
445 4231 478 4291 et
494 4231 645 4306 affligunt
659 4229 692 4291 et
713 4229 772 4301 sie,
792 4243 892 4290 ecca-

109 4320 193 4384 siona
207 4328 257 4388 sui
272 4327 386 4400 oflicii,
404 4343 443 4389 eo
459 4327 629 4388 eiiioaeius
645 4325 804 4398 officiunt,
825 4342 890 4402 que

111 4418 162 4478 snb
175 4421 374 4486 detensionis
387 4425 550 4501 praetextu
560 4424 595 4484 in
607 4423 704 4485 benis
719 4423 892 4484 ecclesias·

110 4511 175 4576 licis
188 4517 323 4582 liberius
336 4519 597 4598 debacchantem
617 4535 692 4581 cum
713 4519 816 4595 igitur
833 4519 890 4579 in-

111 4611 220 4677 stantia
247 4619 361 4682 nestra
389 4618 582 4694 quetidiana
606 4617 650 4679 sit
675 4616 891 4678 ecclesiarum

112 4711 244 4775 emnium
258 4715 446 4777 sollicitudo
464 4715 633 4786 continua,
650 4713 891 4775 fraternitatem

111 4801 191 4868 tuam
212 4827 405 4885 menemus,
433 4812 466 4873 et
487 4811 660 4872 hortamur
686 4810 810 4873 attente
834 4825 893 4886 per

112 4901 285 4976 apostolica
300 4910 358 4972 tibi
374 4909 498 4986 scripta
512 4909 652 4970 tirmiter
666 4907 890 4983 praecipiende

112 5003 292 5069 mandantes
328 5007 501 5084 quatenus,
536 5005 682 5066 humano
708 5019 821 5066 amere
853 5019 893 5065 ac

115 5099 265 5166 mundane
278 5105 397 5166 timore
410 5102 611 5180 postpositis,
626 5101 784 5163 ecelesias
801 5101 893 5177 ipsas

1676 297 1734 360 794

942 445 1090 507 voeatias
1117 444 1178 508 tibi
1202 443 1243 508 de
1262 447 1383 512 caetere
1400 466 1521 514 uacare
1545 453 1733 534 contigerit,
1838 465 1839 468 ’

942 542 1025 602 nulli
1042 558 1099 604 eas
1121 542 1273 611 conterre
1294 562 1488 622 praesumas,
1511 552 1567 612 sed
1584 554 1734 618 ecclesis

941 639 1006 700 tuac
1019 639 1134 702 usibus
1158 641 1291 704 studeas
1305 645 1484 722 applicare,
1499 664 1620 711 cavens
1630 651 1735 712 nihil-

941 737 1071 798 ominus
1097 754 1139 799 ne
1160 755 1226 800 una
1252 742 1393 803 ecelesia
1422 745 1535 820 plures
1557 747 1734 810 advocates

941 837 1099 906 assumat,
1110 851 1171 897 nee
1180 837 1365 914 aliquemin
1375 839 1547 904 advocatia
1556 845 1734 908 succedere

941 931 1127 1008 adoptionis
1136 934 1213 1009 jnre
1229 936 1410 1010 permittas,
1425 954 1466 999 ne
1477 940 1630 1002 videatur
1641 941 1734 1002 locus

941 1027 1116 1090 calumniis
1130 1031 1294 1107 ampliari.
1310 1033 1427 1094 Datum
1441 1038 1609 1109 Laterani,
1623 1041 1668 1098 ΙΙΙ
1677 1037 1735 1099 ka·

941 1124 1055 1186 lendas
1065 1127 1155 1200 maii,
1170 1130 1383 1204 pontificatus
1392 1133 1496 1195 nestri
1507 1149 1595 1196 anne
1606 1135 1731 1212 quinte.

1231 1359 1445 1449 ccclxvi

1020 1499 1072 1560 Ad
1085 1503 1379 1576 archieptscepum
1389 1505 1653 1580 Bitortccissem.

1232 1623 1268 1680 29
1286 1623 1368 1696 april.
1386 1626 1464 1683 nn.

973 1733 1094 1797 [hegesm
1104 1733 1149 1784 lib.
1160 1735 1191 1794 V,
1202 1735 1275 1800 epist.
1286 1737 1342 1786 tae.
1359 1737 1417 1788 blss.
1431 1739 1467 1790 La
1475 1739 1550 1790 Parte
1559 1739 1594 1790 du
1604 1741 1699 1805 rosh]

942 1840 1022 1897 Facit
1047 1839 1075 1897 ei
1101 1847 1270 1914 potestatem
1295 1843 1331 1900 ad
1354 1840 1476 1902 liberam
1497 1855 1526 1903 et
1542 1855 1734 1919 spontaneam

974 1927 1193 2002 prwendarom
1217 1933 1377 1990 cessionem
1401 1948 1451 1992 aas
1470 1937 1600 2007 persenis
1621 1935 1734 1993 idoneis

976 2016 1155 2090 providendi.

982 2136 1088 2205 Quum
1114 2134 1305 2213 frequenter
1327 2139 1512 2216 contingat,
1538 2140 1575 2202 ut
1598 2141 1732 2218 quidam

942 2231 1127 2293 obtinentes
1138 2231 1332 2310 praebendas
1344 2236 1378 2295 in
1392 2235 1552 2309 ecclesiis,
1564 2238 1600 2297 iu
1616 2238 1734 2315 quibus

941 2327 1088 2390 residere
1099 2345 1165 2390 nen
1176 2333 1324 2406 possunt,
1334 2334 1568 2408 easresignare
1576 2334 1735 2400 diiibrant

942 2441 984 2486 ne
1000 2425 1215 2488 conserantur
1225 2427 1383 2512 indignis,
1396 2445 1456 2507 nos
1467 2429 1507 2492 de
1521 2433 1579 2492 tua
1597 2433 1735 2495 caritate
1857 2479 1861 2488 .

941 2525 1095 2598 gerentes
1111 2523 1264 2585 fiduciam
1274 2526 1451 2602 specialem
1464 2529 1661 2590 auctoritate
1673 2529 1734 2592 tibi

943 2621 1156 2696 praesentium
1172 2620 1393 2696 indulgemus
1415 2624 1451 2684 ut
1463 2625 1504 2684 ad
1520 2626 1735 2700 spontaneam

942 2719 975 2777 st
988 2716 1127 2777 liberam
1143 2718 1402 2793 resignationem
1418 2719 1562 2791 illerum,
1578 2722 1634 2798 qui
1649 2736 1736 2798 prae-

941 2812 1078 2885 bendas,
1095 2829 1154 2874 seu
1166 2814 1233 2874 alia
1246 2814 1407 2874 beneficia
1418 2815 1568 2878 obtinent
1584 2819 1619 2878 in
1632 2819 1735 2881 eecle-

943 2911 1001 2970 siis
1010 2910 1071 2972 tibi
1081 2910 1357 2986 legadieeeesana
1369 2910 1734 2988 subjectis,ea‚sublate

943 3007 1120 3084 cujuslibet
1152 3007 1385 3085 appellationis
1406 3011 1438 3072 et
1464 3012 1735 3076 centradictionis

943 3105 1123 3177 obstaculo,
1140 3105 1248 3182 pessis
1264 3106 1392 3166 idoneis
1404 3107 1555 3169 conferre
1571 3111 1733 3186 persenis.

942 3202 1034 3264 Nulli
1050 3218 1141 3278 erge,
1153 3202 1230 3274 ete,
1244 3203 1367 3264 nestrae
1382 3206 1606 3266 concessionis
1622 3207 1737 3269 inirin-

943 3316 1033 3376 gere.
1060 3301 1093 3360 Si
1119 3299 1327 3377 quisautem‚
1350 3302 1411 3362 etc.
1434 3303 1551 3363 Datum
1567 3304 1734 3376 Laterani,

944 3398 989 3458 Ill
1012 3397 1174 3458 kalendas
1193 3397 1284 3470 maii,
1302 3397 1514 3476 pontificatus
1529 3401 1634 3462 nostri
1649 3415 1737 3462 auno

944 3495 1071 3571 quinte.

1225 3725 1459 3812 dcclxvii

975 3867 1027 3926 Ad
1042 3865 1208 3926 decenam
1223 3866 1257 3927 et
1271 3870 1452 3928 ceoeotees
1467 3869 1501 3928 8.
1517 3869 1644 3930 Martae
1662 3871 1703 3929 dc

1263 3965 1424 4026 Ceo-oeteo.

1227 4083 1263 4142 30
1277 4085 1358 4158 april.
1375 4085 1454 4142 1221.

1032 4197 1191 4263 [lleinemam
1203 4198 1286 4250 Codex
1296 4198 1462 4258 Anlraltinus,
1474 4213 1499 4262 p.
1511 4197 1552 4258 ta,
1563 4213 1589 4249 n.
1600 4199 1652 4265 bh]

945 4315 1003 4372 Eos
1024 4312 1217 4386 protegendos
1236 4314 1364 4386 suscipit,
1388 4320 1416 4371 et
1437 4307 1490 4370 'sub
1511 4313 1587 4371 beati
1609 4315 1684 4372 Petri
1704 4329 1738 4374 ac

1157 4415 1209 4456 sua
1225 4400 1400 4471 protectione
1415 4401 1525 4472 recipit.

985 4516 1152 4578 Honorius
1161 4516 1346 4592 episcopus,
1357 4532 1473 4578 servus
1481 4533 1652 4580 servorum
1665 4519 1737 4593 Dei,

946 4613 1075 4674 dilectis
1099 4612 1177 4672 filiis
1201 4613 1326 4673 decane
1351 4613 1384 4674 et
1411 4614 1582 4674 canonicis
1609 4615 1738 4678 Sanctae

946 4710 1061 4772 Mariae
1074 4709 1115 4770 de
1130 4709 1295 4780 ceewich,
1313 4708 1455 4772 salutem
1472 4711 1506 4772 et
1524 4711 1739 4788 apostolicam

946 4805 1220 4868 benedictionem.

987 4907 1093 4975 Quum
1116 4918 1136 4962 a
1155 4901 1251 4962 nobis
1265 4903 1388 4978 petitur
1400 4903 1486 4979 qued
1498 4905 1623 4980 Justum
1638 4903 1689 4965 est
1708 4903 1741 4964 et

947 4996 1135 5068 honestum,
1156 4998 1224 5057 tam
1248 4997 1343 5072 vigor
1367 4997 1531 5072 aequitatis
1547 5012 1643 5074 quam
1659 4997 1740 5058 erdo

947 5096 1053 5170 exigit
1067 5093 1219 5166 rationis
1237 5093 1321 5154 ulid
1341 5109 1401 5169 per
1421 5093 1677 5154 sollicitudinem
1690 5091 1741 5154 ei-

115 5189 148 5251 de
158 5197 385 5264 advocatorum
396 5199 628 5263 vexationibus
636 5199 749 5261 taliter
759 5198 893 5260 studeas
948 5191 1016 5253 ficii
1031 5190 1136 5252 nestri
1149 5191 1189 5251 ad
1206 5190 1350 5252 debiturn
1363 5189 1563 5266 perducatur
1574 5189 1737 5268 effectum.

116 5285 285 5371 defensare,
302 5298 389 5376 quod
418 5314 484 5358 nen
503 5297 612 5374 pessis
632 5297 672 5358 de
691 5295 894 5371 negligentia
948 5289 1142 5366 Eaprepter,
1163 5289 1277 5349 dilecti
1297 5288 1334 5348 iu
1358 5288 1497 5348 Domine
1523 5285 1596 5359 lilii,
1622 5288 1741 5349 vestris

115 5391 894 5472 reprebendi,sedpotiusmerearisdediligentia
945 5387 1045 5465 justis
1070 5384 1347 5462 postulationibus
1379 5385 1474 5458 grato
1506 5385 1742 5446 concurrentes

118 5493 400 5555 commonentus
425 5493 497 5554 haec
512 5491 709 5554 auctoritate
732 5489 793 5551 tibi
808 5505 896 5566 prae-
950 5500 1100 5556 assensu,
1117 5498 1276 5562 personas
1300 5482 1429 5542 vestras
1442 5480 1475 5542 et
1495 5481 1604 5542 lecum
1626 5481 1662 5544 in
1677 5496 1742 5558 quo

118 5583 245 5649 sentium
257 5590 395 5653 tirmiter
415 5589 615 5662 inhibemus,
634 5589 670 5652 ut
683 5589 711 5649 si
727 5603 810 5664 quas
830 5586 894 5647 ad·
950 5583 1063 5644 diuino
1085 5583 1165 5646 estis
1192 5579 1349 5656 obsequie
1371 5578 1563 5656 mancipati,
1585 5593 1744 5640 cumom-
