<?xml version="1.0" encoding="UTF-8"?>
<!DOCTYPE html PUBLIC "-//W3C//DTD XHTML 1.0 Transitional//EN"
    "http://www.w3.org/TR/xhtml1/DTD/xhtml1-transitional.dtd">
<html xmlns="http://www.w3.org/1999/xhtml" xml:lang="en" lang="en">
 <head>
  <title>
</title>
<meta http-equiv="Content-Type" content="text/html;charset=utf-8" />
  <meta name='ocr-system' content='tesseract 3.04.00' />
  <meta name='ocr-capabilities' content='ocr_page ocr_carea ocr_par ocr_line ocrx_word'/>
</head>
<body>
  <div class='ocr_page' id='page_1' title='image "./mediiaevibiblio01bottgoog_0074.png"; bbox 0 0 4088 6306; ppageno 0'>
   <div class='ocr_carea' id='block_1_1' title="bbox 111 337 165 400">
    <p class='ocr_par' dir='ltr' id='par_1_1' title="bbox 111 337 165 400">
     <span class='ocr_line' id='line_1_1' title="bbox 111 337 165 400; baseline 0 0"><span class='ocrx_word' id='word_1_1' title='bbox 111 337 165 400; x_wconf 79' lang='grc'>121</span> 
     </span>
    </p>
   </div>
   <div class='ocr_carea' id='block_1_2' title="bbox 108 497 915 5752">
    <p class='ocr_par' dir='ltr' id='par_1_2' title="bbox 108 497 912 1344">
     <span class='ocr_line' id='line_1_2' title="bbox 108 497 910 577; baseline 0.002 -17"><span class='ocrx_word' id='word_1_2' title='bbox 108 499 173 560; x_wconf 92' lang='lat' dir='ltr'>bus</span> <span class='ocrx_word' id='word_1_3' title='bbox 188 501 222 562; x_wconf 89' lang='lat' dir='ltr'>et</span> <span class='ocrx_word' id='word_1_4' title='bbox 245 497 371 562; x_wconf 85' lang='lat' dir='ltr'>illibata</span> <span class='ocrx_word' id='word_1_5' title='bbox 396 497 623 576; x_wconf 85' lang='lat' dir='ltr'>permaneant.</span> <span class='ocrx_word' id='word_1_6' title='bbox 646 499 682 560; x_wconf 92' lang='lat' dir='ltr'>Iu</span> <span class='ocrx_word' id='word_1_7' title='bbox 702 498 822 577; x_wconf 86' lang='lat' dir='ltr'>quibus</span> <span class='ocrx_word' id='word_1_8' title='bbox 838 497 910 562; x_wconf 86' lang='lat' dir='ltr'>haec</span> 
     </span>
     <span class='ocr_line' id='line_1_3' title="bbox 110 596 907 674; baseline -0.001 -15"><span class='ocrx_word' id='word_1_9' title='bbox 110 599 260 674; x_wconf 89' lang='lat' dir='ltr'>propriis</span> <span class='ocrx_word' id='word_1_10' title='bbox 289 597 445 658; x_wconf 80' lang='lat' dir='ltr'>duximus</span> <span class='ocrx_word' id='word_1_11' title='bbox 476 596 692 674; x_wconf 82' lang='lat' dir='ltr'>exprimenda</span> <span class='ocrx_word' id='word_1_12' title='bbox 721 597 907 666; x_wconf 81' lang='lat' dir='ltr'>vocabulis,</span> 
     </span>
     <span class='ocr_line' id='line_1_4' title="bbox 110 693 910 772; baseline 0.003 -18"><span class='ocrx_word' id='word_1_13' title='bbox 110 694 224 756; x_wconf 92' lang='lat' dir='ltr'>locum</span> <span class='ocrx_word' id='word_1_14' title='bbox 240 695 348 772; x_wconf 90' lang='lat' dir='ltr'>ipsum</span> <span class='ocrx_word' id='word_1_15' title='bbox 361 695 395 755; x_wconf 92' lang='lat' dir='ltr'>in</span> <span class='ocrx_word' id='word_1_16' title='bbox 412 710 476 772; x_wconf 88' lang='grc'>000</span> <span class='ocrx_word' id='word_1_17' title='bbox 490 693 662 772; x_wconf 89' lang='lat' dir='ltr'>praefatum</span> <span class='ocrx_word' id='word_1_18' title='bbox 673 695 910 756; x_wconf 89' lang='lat' dir='ltr'>monasterium</span> 
     </span>
     <span class='ocr_line' id='line_1_5' title="bbox 112 791 911 868; baseline 0.005 -18"><span class='ocrx_word' id='word_1_19' title='bbox 112 793 217 854; x_wconf 90' lang='lat' dir='ltr'>situm</span> <span class='ocrx_word' id='word_1_20' title='bbox 234 793 295 864; x_wconf 90' lang='grc'><strong>031,</strong></span> <span class='ocrx_word' id='word_1_21' title='bbox 306 809 380 853; x_wconf 92' lang='lat' dir='ltr'>cum</span> <span class='ocrx_word' id='word_1_22' title='bbox 396 791 549 853; x_wconf 92' lang='lat' dir='ltr'>omnibus</span> <span class='ocrx_word' id='word_1_23' title='bbox 564 792 774 868; x_wconf 79' lang='lat' dir='ltr'>pertinentiis</span> <span class='ocrx_word' id='word_1_24' title='bbox 789 793 859 853; x_wconf 89' lang='lat' dir='ltr'>suis</span> <span class='ocrx_word' id='word_1_25' title='bbox 871 809 911 854; x_wconf 91' lang='grc'>30</span> 
     </span>
     <span class='ocr_line' id='line_1_6' title="bbox 111 889 908 968; baseline -0.003 -16"><span class='ocrx_word' id='word_1_26' title='bbox 111 891 217 952; x_wconf 87' lang='lat' dir='ltr'>etiam</span> <span class='ocrx_word' id='word_1_27' title='bbox 252 890 434 966; x_wconf 85' lang='lat' dir='ltr'>graminis,</span> <span class='ocrx_word' id='word_1_28' title='bbox 470 889 755 968; x_wconf 86' lang='lat' dir='ltr'>possessionibus,</span> <span class='ocrx_word' id='word_1_29' title='bbox 789 891 908 967; x_wconf 89' lang='lat' dir='ltr'>pratis,</span> 
     </span>
     <span class='ocr_line' id='line_1_7' title="bbox 111 987 912 1083; baseline 0.002 -37"><span class='ocrx_word' id='word_1_30' title='bbox 111 989 234 1060; x_wconf 76' lang='lat' dir='ltr'>vineis,</span> <span class='ocrx_word' id='word_1_31' title='bbox 247 988 358 1083; x_wconf 71' lang='lat' dir='ltr'>terris,</span> <span class='ocrx_word' id='word_1_32' title='bbox 380 987 585 1062; x_wconf 87' lang='lat' dir='ltr'>nemoribus,</span> <span class='ocrx_word' id='word_1_33' title='bbox 603 989 766 1064; x_wconf 79' lang='lat' dir='ltr'>usuagiis,</span> <span class='ocrx_word' id='word_1_34' title='bbox 787 989 912 1078; x_wconf 69' lang='grc'><strong>31003-</strong></span> 
     </span>
     <span class='ocr_line' id='line_1_8' title="bbox 112 1085 910 1164; baseline -0.003 -16"><span class='ocrx_word' id='word_1_35' title='bbox 112 1086 186 1148; x_wconf 90' lang='lat' dir='ltr'>cuis</span> <span class='ocrx_word' id='word_1_36' title='bbox 202 1086 345 1148; x_wconf 73' lang='lat' dir='ltr'>incasto</span> <span class='ocrx_word' id='word_1_37' title='bbox 360 1087 392 1148; x_wconf 89' lang='lat' dir='ltr'>ot</span> <span class='ocrx_word' id='word_1_38' title='bbox 406 1087 516 1162; x_wconf 90' lang='lat' dir='ltr'>plano,</span> <span class='ocrx_word' id='word_1_39' title='bbox 533 1085 567 1146; x_wconf 93' lang='lat' dir='ltr'>in</span> <span class='ocrx_word' id='word_1_40' title='bbox 582 1087 679 1164; x_wconf 86' lang='lat' dir='ltr'>aquis</span> <span class='ocrx_word' id='word_1_41' title='bbox 695 1087 728 1148; x_wconf 90' lang='grc'>01</span> <span class='ocrx_word' id='word_1_42' title='bbox 743 1086 910 1147; x_wconf 86' lang='lat' dir='ltr'>molendi-</span> 
     </span>
     <span class='ocr_line' id='line_1_9' title="bbox 112 1182 912 1256; baseline 0.001 -12"><span class='ocrx_word' id='word_1_43' title='bbox 112 1185 178 1256; x_wconf 90' lang='lat' dir='ltr'>nis,</span> <span class='ocrx_word' id='word_1_44' title='bbox 195 1183 230 1244; x_wconf 94' lang='lat' dir='ltr'>in</span> <span class='ocrx_word' id='word_1_45' title='bbox 245 1183 310 1244; x_wconf 86' lang='lat' dir='ltr'>viis</span> <span class='ocrx_word' id='word_1_46' title='bbox 323 1184 492 1246; x_wconf 88' lang='lat' dir='ltr'>etsemitis</span> <span class='ocrx_word' id='word_1_47' title='bbox 508 1184 541 1246; x_wconf 91' lang='lat' dir='ltr'>et</span> <span class='ocrx_word' id='word_1_48' title='bbox 553 1182 706 1244; x_wconf 92' lang='lat' dir='ltr'>omnibus</span> <span class='ocrx_word' id='word_1_49' title='bbox 717 1184 794 1246; x_wconf 87' lang='lat' dir='ltr'>aliis</span> <span class='ocrx_word' id='word_1_50' title='bbox 810 1184 912 1245; x_wconf 89' lang='lat' dir='ltr'>liber-</span> 
     </span>
     <span class='ocr_line' id='line_1_10' title="bbox 112 1280 661 1344; baseline 0 -2"><span class='ocrx_word' id='word_1_51' title='bbox 112 1281 239 1342; x_wconf 88' lang='lat' dir='ltr'>tatibus</span> <span class='ocrx_word' id='word_1_52' title='bbox 254 1283 287 1342; x_wconf 92' lang='lat' dir='ltr'>et</span> <span class='ocrx_word' id='word_1_53' title='bbox 300 1280 565 1344; x_wconf 84' lang='lat' dir='ltr'>immunitatibus</span> <span class='ocrx_word' id='word_1_54' title='bbox 579 1281 661 1342; x_wconf 90' lang='lat' dir='ltr'>suis.</span> 
     </span>
    </p>

    <p class='ocr_par' dir='ltr' id='par_1_3' title="bbox 110 1378 913 2122">
     <span class='ocr_line' id='line_1_11' title="bbox 154 1378 912 1457; baseline 0 -17"><span class='ocrx_word' id='word_1_55' title='bbox 154 1381 244 1440; x_wconf 90' lang='lat' dir='ltr'>Sane</span> <span class='ocrx_word' id='word_1_56' title='bbox 268 1378 420 1440; x_wconf 90' lang='lat' dir='ltr'>laborum</span> <span class='ocrx_word' id='word_1_57' title='bbox 443 1379 628 1440; x_wconf 85' lang='lat' dir='ltr'>vestrorum</span> <span class='ocrx_word' id='word_1_58' title='bbox 658 1395 739 1456; x_wconf 91' lang='grc'><strong>0003</strong></span> <span class='ocrx_word' id='word_1_59' title='bbox 768 1379 912 1457; x_wconf 89' lang='lat' dir='ltr'>propriis</span> 
     </span>
     <span class='ocr_line' id='line_1_12' title="bbox 112 1475 913 1554; baseline 0.002 -18"><span class='ocrx_word' id='word_1_60' title='bbox 112 1475 270 1537; x_wconf 86' lang='lat' dir='ltr'>manibus</span> <span class='ocrx_word' id='word_1_61' title='bbox 294 1476 352 1537; x_wconf 89' lang='lat' dir='ltr'>aut</span> <span class='ocrx_word' id='word_1_62' title='bbox 375 1476 559 1553; x_wconf 83' lang='lat' dir='ltr'>sumptibus</span> <span class='ocrx_word' id='word_1_63' title='bbox 574 1476 694 1549; x_wconf 92' lang='lat' dir='ltr'>colitis,</span> <span class='ocrx_word' id='word_1_64' title='bbox 716 1475 757 1537; x_wconf 91' lang='lat' dir='ltr'>de</span> <span class='ocrx_word' id='word_1_65' title='bbox 779 1493 913 1554; x_wconf 86' lang='lat' dir='ltr'>posses-</span> 
     </span>
     <span class='ocr_line' id='line_1_13' title="bbox 113 1572 912 1651; baseline 0.004 -18"><span class='ocrx_word' id='word_1_66' title='bbox 113 1573 267 1634; x_wconf 86' lang='lat' dir='ltr'>sionibus</span> <span class='ocrx_word' id='word_1_67' title='bbox 295 1572 418 1635; x_wconf 91' lang='lat' dir='ltr'>habitis</span> <span class='ocrx_word' id='word_1_68' title='bbox 442 1575 519 1636; x_wconf 90' lang='lat' dir='ltr'>ante</span> <span class='ocrx_word' id='word_1_69' title='bbox 545 1574 729 1636; x_wconf 87' lang='lat' dir='ltr'>Concilium</span> <span class='ocrx_word' id='word_1_70' title='bbox 756 1576 912 1651; x_wconf 79' lang='lat' dir='ltr'>generale</span> 
     </span>
     <span class='ocr_line' id='line_1_14' title="bbox 112 1670 912 1750; baseline 0.004 -19"><span class='ocrx_word' id='word_1_71' title='bbox 112 1671 186 1731; x_wconf 83' lang='lat' dir='ltr'>sive</span> <span class='ocrx_word' id='word_1_72' title='bbox 211 1670 252 1732; x_wconf 94' lang='lat' dir='ltr'>de</span> <span class='ocrx_word' id='word_1_73' title='bbox 276 1671 367 1732; x_wconf 89' lang='lat' dir='ltr'>ornis</span> <span class='ocrx_word' id='word_1_74' title='bbox 387 1673 420 1733; x_wconf 90' lang='lat' dir='ltr'>et</span> <span class='ocrx_word' id='word_1_75' title='bbox 442 1672 596 1747; x_wconf 81' lang='lat' dir='ltr'>virgultis</span> <span class='ocrx_word' id='word_1_76' title='bbox 620 1672 653 1733; x_wconf 88' lang='lat' dir='ltr'>et</span> <span class='ocrx_word' id='word_1_77' title='bbox 673 1671 912 1750; x_wconf 90' lang='lat' dir='ltr'>piscationibus</span> 
     </span>
     <span class='ocr_line' id='line_1_15' title="bbox 110 1766 913 1832; baseline 0.005 -4"><span class='ocrx_word' id='word_1_78' title='bbox 110 1768 234 1830; x_wconf 76' lang='lat' dir='ltr'>restris</span> <span class='ocrx_word' id='word_1_79' title='bbox 254 1766 307 1830; x_wconf 79' lang='lat' dir='ltr'>vel</span> <span class='ocrx_word' id='word_1_80' title='bbox 327 1768 367 1830; x_wconf 92' lang='grc'>10</span> <span class='ocrx_word' id='word_1_81' title='bbox 385 1767 596 1830; x_wconf 84' lang='lat' dir='ltr'>nutrimentis</span> <span class='ocrx_word' id='word_1_82' title='bbox 616 1768 810 1832; x_wconf 88' lang='lat' dir='ltr'>animalium</span> <span class='ocrx_word' id='word_1_83' title='bbox 835 1787 913 1832; x_wconf 85' lang='lat' dir='ltr'>ves·</span> 
     </span>
     <span class='ocr_line' id='line_1_16' title="bbox 110 1865 912 1938; baseline 0.002 -11"><span class='ocrx_word' id='word_1_84' title='bbox 110 1869 253 1938; x_wconf 89' lang='lat' dir='ltr'>trorum,</span> <span class='ocrx_word' id='word_1_85' title='bbox 280 1865 463 1928; x_wconf 89' lang='lat' dir='ltr'>autetiam</span> <span class='ocrx_word' id='word_1_86' title='bbox 488 1865 528 1927; x_wconf 93' lang='lat' dir='ltr'>de</span> <span class='ocrx_word' id='word_1_87' title='bbox 555 1865 729 1928; x_wconf 84' lang='lat' dir='ltr'>novalibus</span> <span class='ocrx_word' id='word_1_88' title='bbox 754 1867 867 1928; x_wconf 90' lang='lat' dir='ltr'>nullus</span> <span class='ocrx_word' id='word_1_89' title='bbox 892 1884 912 1929; x_wconf 87' lang='lat' dir='ltr'>a</span> 
     </span>
     <span class='ocr_line' id='line_1_17' title="bbox 111 1962 911 2042; baseline 0.005 -20"><span class='ocrx_word' id='word_1_90' title='bbox 111 1962 208 2023; x_wconf 79' lang='lat' dir='ltr'>robis</span> <span class='ocrx_word' id='word_1_91' title='bbox 223 1962 370 2025; x_wconf 90' lang='lat' dir='ltr'>decimas</span> <span class='ocrx_word' id='word_1_92' title='bbox 385 1963 523 2041; x_wconf 79' lang='lat' dir='ltr'>exigere</span> <span class='ocrx_word' id='word_1_93' title='bbox 538 1965 590 2026; x_wconf 89' lang='lat' dir='ltr'>vel</span> <span class='ocrx_word' id='word_1_94' title='bbox 605 1965 804 2042; x_wconf 86' lang='lat' dir='ltr'>extorquere</span> <span class='ocrx_word' id='word_1_95' title='bbox 819 1981 911 2042; x_wconf 87' lang='lat' dir='ltr'>prae·</span> 
     </span>
     <span class='ocr_line' id='line_1_18' title="bbox 112 2061 236 2122; baseline 0 -2"><span class='ocrx_word' id='word_1_96' title='bbox 112 2061 236 2122; x_wconf 91' lang='lat' dir='ltr'>sumat.</span> 
     </span>
    </p>

    <p class='ocr_par' dir='ltr' id='par_1_4' title="bbox 110 2158 915 5557">
     <span class='ocr_line' id='line_1_19' title="bbox 153 2158 911 2236; baseline 0 -16"><span class='ocrx_word' id='word_1_97' title='bbox 153 2158 248 2220; x_wconf 85' lang='lat' dir='ltr'>Licet</span> <span class='ocrx_word' id='word_1_98' title='bbox 262 2175 392 2236; x_wconf 89' lang='grc'><strong>000003</strong></span> <span class='ocrx_word' id='word_1_99' title='bbox 407 2158 501 2221; x_wconf 80' lang='lat' dir='ltr'>robis</span> <span class='ocrx_word' id='word_1_100' title='bbox 517 2160 657 2222; x_wconf 89' lang='lat' dir='ltr'>clericos</span> <span class='ocrx_word' id='word_1_101' title='bbox 672 2160 725 2222; x_wconf 86' lang='lat' dir='ltr'>vel</span> <span class='ocrx_word' id='word_1_102' title='bbox 742 2159 846 2223; x_wconf 89' lang='lat' dir='ltr'>laicos</span> <span class='ocrx_word' id='word_1_103' title='bbox 865 2159 911 2221; x_wconf 94' lang='lat' dir='ltr'>li-</span> 
     </span>
     <span class='ocr_line' id='line_1_20' title="bbox 110 2255 912 2337; baseline 0.005 -21"><span class='ocrx_word' id='word_1_104' title='bbox 110 2255 213 2318; x_wconf 85' lang='lat' dir='ltr'>beros</span> <span class='ocrx_word' id='word_1_105' title='bbox 238 2259 271 2318; x_wconf 91' lang='grc'>01</span> <span class='ocrx_word' id='word_1_106' title='bbox 297 2256 465 2318; x_wconf 89' lang='lat' dir='ltr'>absolutos</span> <span class='ocrx_word' id='word_1_107' title='bbox 489 2273 508 2318; x_wconf 92' lang='lat' dir='ltr'>e</span> <span class='ocrx_word' id='word_1_108' title='bbox 534 2258 656 2320; x_wconf 75' lang='lat' dir='ltr'>saeculo</span> <span class='ocrx_word' id='word_1_109' title='bbox 680 2259 845 2337; x_wconf 81' lang='lat' dir='ltr'>fugientes</span> <span class='ocrx_word' id='word_1_110' title='bbox 871 2259 912 2320; x_wconf 89' lang='lat' dir='ltr'>ad</span> 
     </span>
     <span class='ocr_line' id='line_1_21' title="bbox 113 2352 912 2433; baseline 0.005 -20"><span class='ocrx_word' id='word_1_111' title='bbox 113 2352 369 2414; x_wconf 81' lang='lat' dir='ltr'>conversionem</span> <span class='ocrx_word' id='word_1_112' title='bbox 390 2352 540 2431; x_wconf 89' lang='lat' dir='ltr'>recipere</span> <span class='ocrx_word' id='word_1_113' title='bbox 556 2356 589 2416; x_wconf 93' lang='grc'>01</span> <span class='ocrx_word' id='word_1_114' title='bbox 605 2371 662 2416; x_wconf 93' lang='grc'>003</span> <span class='ocrx_word' id='word_1_115' title='bbox 682 2354 805 2433; x_wconf 83' lang='grc'><strong>313000</strong></span> <span class='ocrx_word' id='word_1_116' title='bbox 827 2371 912 2417; x_wconf 92' lang='lat' dir='ltr'>con-</span> 
     </span>
     <span class='ocr_line' id='line_1_22' title="bbox 112 2449 914 2530; baseline 0.005 -20"><span class='ocrx_word' id='word_1_117' title='bbox 112 2449 313 2512; x_wconf 88' lang='lat' dir='ltr'>tradictione</span> <span class='ocrx_word' id='word_1_118' title='bbox 339 2451 497 2512; x_wconf 89' lang='lat' dir='ltr'>retinere.</span> <span class='ocrx_word' id='word_1_119' title='bbox 527 2451 747 2513; x_wconf 88' lang='lat' dir='ltr'>Prohibemus</span> <span class='ocrx_word' id='word_1_120' title='bbox 776 2452 914 2530; x_wconf 89' lang='lat' dir='ltr'>insuper</span> 
     </span>
     <span class='ocr_line' id='line_1_23' title="bbox 113 2547 912 2626; baseline 0.005 -18"><span class='ocrx_word' id='word_1_121' title='bbox 113 2550 149 2609; x_wconf 91' lang='grc'>01</span> <span class='ocrx_word' id='word_1_122' title='bbox 163 2547 250 2608; x_wconf 90' lang='lat' dir='ltr'>nulli</span> <span class='ocrx_word' id='word_1_123' title='bbox 267 2548 407 2610; x_wconf 81' lang='lat' dir='ltr'>fratrum</span> <span class='ocrx_word' id='word_1_124' title='bbox 421 2549 620 2622; x_wconf 81' lang='lat' dir='ltr'>vestrorum,</span> <span class='ocrx_word' id='word_1_125' title='bbox 641 2551 716 2626; x_wconf 91' lang='lat' dir='ltr'>post</span> <span class='ocrx_word' id='word_1_126' title='bbox 737 2549 858 2612; x_wconf 89' lang='lat' dir='ltr'>factam</span> <span class='ocrx_word' id='word_1_127' title='bbox 877 2551 912 2612; x_wconf 91' lang='lat' dir='ltr'>in</span> 
     </span>
     <span class='ocr_line' id='line_1_24' title="bbox 112 2644 912 2724; baseline 0.005 -18"><span class='ocrx_word' id='word_1_128' title='bbox 112 2644 320 2707; x_wconf 89' lang='lat' dir='ltr'>monasterio</span> <span class='ocrx_word' id='word_1_129' title='bbox 332 2647 443 2708; x_wconf 88' lang='lat' dir='ltr'>vestro</span> <span class='ocrx_word' id='word_1_130' title='bbox 456 2646 707 2724; x_wconf 77' lang='lat' dir='ltr'>professionem,</span> <span class='ocrx_word' id='word_1_131' title='bbox 719 2646 770 2709; x_wconf 88' lang='lat' dir='ltr'>fas</span> <span class='ocrx_word' id='word_1_132' title='bbox 785 2648 829 2710; x_wconf 90' lang='lat' dir='ltr'>sit</span> <span class='ocrx_word' id='word_1_133' title='bbox 841 2649 912 2710; x_wconf 89' lang='lat' dir='ltr'>sine</span> 
     </span>
     <span class='ocr_line' id='line_1_25' title="bbox 111 2742 911 2817; baseline 0.004 -13"><span class='ocrx_word' id='word_1_134' title='bbox 111 2742 245 2804; x_wconf 90' lang='lat' dir='ltr'>abbatis</span> <span class='ocrx_word' id='word_1_135' title='bbox 264 2743 317 2804; x_wconf 91' lang='lat' dir='ltr'>sui</span> <span class='ocrx_word' id='word_1_136' title='bbox 341 2743 488 2817; x_wconf 90' lang='lat' dir='ltr'>licentia,</span> <span class='ocrx_word' id='word_1_137' title='bbox 509 2744 549 2806; x_wconf 92' lang='lat' dir='ltr'>de</span> <span class='ocrx_word' id='word_1_138' title='bbox 569 2745 684 2807; x_wconf 90' lang='lat' dir='ltr'>eodem</span> <span class='ocrx_word' id='word_1_139' title='bbox 706 2746 779 2808; x_wconf 94' lang='lat' dir='ltr'>loco</span> <span class='ocrx_word' id='word_1_140' title='bbox 799 2747 911 2808; x_wconf 91' lang='lat' dir='ltr'>disce-</span> 
     </span>
     <span class='ocr_line' id='line_1_26' title="bbox 110 2841 912 2920; baseline 0.005 -19"><span class='ocrx_word' id='word_1_141' title='bbox 110 2841 212 2915; x_wconf 86' lang='lat' dir='ltr'>dere;</span> <span class='ocrx_word' id='word_1_142' title='bbox 236 2841 459 2904; x_wconf 86' lang='lat' dir='ltr'>discedentem</span> <span class='ocrx_word' id='word_1_143' title='bbox 485 2858 565 2904; x_wconf 84' lang='lat' dir='ltr'>vero</span> <span class='ocrx_word' id='word_1_144' title='bbox 592 2842 716 2920; x_wconf 84' lang='lat' dir='ltr'>absque</span> <span class='ocrx_word' id='word_1_145' title='bbox 745 2844 912 2906; x_wconf 92' lang='lat' dir='ltr'>communi</span> 
     </span>
     <span class='ocr_line' id='line_1_27' title="bbox 113 2937 914 3004; baseline 0.007 -7"><span class='ocrx_word' id='word_1_146' title='bbox 113 2937 305 3000; x_wconf 89' lang='lat' dir='ltr'>litterarum</span> <span class='ocrx_word' id='word_1_147' title='bbox 315 2941 500 3000; x_wconf 78' lang='lat' dir='ltr'>vestrarum</span> <span class='ocrx_word' id='word_1_148' title='bbox 509 2941 662 3002; x_wconf 90' lang='lat' dir='ltr'>cautione</span> <span class='ocrx_word' id='word_1_149' title='bbox 673 2940 914 3004; x_wconf 89' lang='lat' dir='ltr'>nullusaudeat</span> 
     </span>
     <span class='ocr_line' id='line_1_28' title="bbox 113 3036 911 3116; baseline 0.006 -20"><span class='ocrx_word' id='word_1_150' title='bbox 113 3036 273 3098; x_wconf 86' lang='lat' dir='ltr'>retinere.</span> <span class='ocrx_word' id='word_1_151' title='bbox 301 3037 436 3108; x_wconf 91' lang='lat' dir='ltr'>Quodsi</span> <span class='ocrx_word' id='word_1_152' title='bbox 457 3037 531 3115; x_wconf 87' lang='lat' dir='ltr'>quis</span> <span class='ocrx_word' id='word_1_153' title='bbox 552 3038 698 3100; x_wconf 89' lang='lat' dir='ltr'>retinere</span> <span class='ocrx_word' id='word_1_154' title='bbox 721 3039 805 3102; x_wconf 87' lang='lat' dir='ltr'>forte</span> <span class='ocrx_word' id='word_1_155' title='bbox 822 3056 911 3116; x_wconf 83' lang='lat' dir='ltr'>prae-</span> 
     </span>
     <span class='ocr_line' id='line_1_29' title="bbox 111 3134 914 3214; baseline 0.006 -21"><span class='ocrx_word' id='word_1_156' title='bbox 111 3135 306 3210; x_wconf 86' lang='lat' dir='ltr'>sumpserit,</span> <span class='ocrx_word' id='word_1_157' title='bbox 328 3134 455 3197; x_wconf 88' lang='lat' dir='ltr'>licitum</span> <span class='ocrx_word' id='word_1_158' title='bbox 470 3135 564 3196; x_wconf 85' lang='lat' dir='ltr'>vobis</span> <span class='ocrx_word' id='word_1_159' title='bbox 580 3136 672 3198; x_wconf 91' lang='lat' dir='ltr'>sitin</span> <span class='ocrx_word' id='word_1_160' title='bbox 687 3137 777 3214; x_wconf 90' lang='lat' dir='ltr'>ipsos</span> <span class='ocrx_word' id='word_1_161' title='bbox 797 3153 914 3198; x_wconf 92' lang='lat' dir='ltr'>mona-</span> 
     </span>
     <span class='ocr_line' id='line_1_30' title="bbox 114 3232 912 3310; baseline 0.005 -18"><span class='ocrx_word' id='word_1_162' title='bbox 114 3232 197 3292; x_wconf 91' lang='lat' dir='ltr'>chos</span> <span class='ocrx_word' id='word_1_163' title='bbox 222 3232 275 3292; x_wconf 85' lang='lat' dir='ltr'>vel</span> <span class='ocrx_word' id='word_1_164' title='bbox 298 3247 476 3295; x_wconf 87' lang='lat' dir='ltr'>conversos</span> <span class='ocrx_word' id='word_1_165' title='bbox 500 3234 689 3310; x_wconf 81' lang='lat' dir='ltr'>regularem</span> <span class='ocrx_word' id='word_1_166' title='bbox 714 3235 912 3297; x_wconf 87' lang='lat' dir='ltr'>sententiam</span> 
     </span>
     <span class='ocr_line' id='line_1_31' title="bbox 114 3329 913 3406; baseline 0.006 -17"><span class='ocrx_word' id='word_1_167' title='bbox 114 3329 341 3406; x_wconf 83' lang='lat' dir='ltr'>promulgare,</span> <span class='ocrx_word' id='word_1_168' title='bbox 357 3330 441 3393; x_wconf 86' lang='lat' dir='ltr'>illud</span> <span class='ocrx_word' id='word_1_169' title='bbox 455 3330 639 3394; x_wconf 88' lang='lat' dir='ltr'>districtius</span> <span class='ocrx_word' id='word_1_170' title='bbox 653 3331 854 3406; x_wconf 86' lang='lat' dir='ltr'>inhibentes,</span> <span class='ocrx_word' id='word_1_171' title='bbox 871 3349 913 3394; x_wconf 88' lang='lat' dir='ltr'>ne</span> 
     </span>
     <span class='ocr_line' id='line_1_32' title="bbox 114 3426 913 3505; baseline 0.005 -17"><span class='ocrx_word' id='word_1_172' title='bbox 114 3431 225 3488; x_wconf 89' lang='lat' dir='ltr'>terras</span> <span class='ocrx_word' id='word_1_173' title='bbox 248 3443 308 3488; x_wconf 91' lang='lat' dir='ltr'>seu</span> <span class='ocrx_word' id='word_1_174' title='bbox 337 3427 505 3505; x_wconf 85' lang='lat' dir='ltr'>quodlibet</span> <span class='ocrx_word' id='word_1_175' title='bbox 532 3426 729 3490; x_wconf 88' lang='lat' dir='ltr'>beneficium</span> <span class='ocrx_word' id='word_1_176' title='bbox 762 3432 913 3494; x_wconf 86' lang='lat' dir='ltr'>ecclesiae</span> 
     </span>
     <span class='ocr_line' id='line_1_33' title="bbox 113 3524 914 3606; baseline 0.007 -23"><span class='ocrx_word' id='word_1_177' title='bbox 113 3525 238 3586; x_wconf 77' lang='lat' dir='ltr'>restrae</span> <span class='ocrx_word' id='word_1_178' title='bbox 261 3524 416 3586; x_wconf 91' lang='lat' dir='ltr'>collatum</span> <span class='ocrx_word' id='word_1_179' title='bbox 441 3526 542 3588; x_wconf 90' lang='lat' dir='ltr'>liceat</span> <span class='ocrx_word' id='word_1_180' title='bbox 565 3527 668 3588; x_wconf 89' lang='lat' dir='ltr'>alicui</span> <span class='ocrx_word' id='word_1_181' title='bbox 693 3529 914 3606; x_wconf 85' lang='lat' dir='ltr'>personaliter</span> 
     </span>
     <span class='ocr_line' id='line_1_34' title="bbox 113 3621 914 3703; baseline 0.009 -22"><span class='ocrx_word' id='word_1_182' title='bbox 113 3621 198 3682; x_wconf 90' lang='lat' dir='ltr'>dare</span> <span class='ocrx_word' id='word_1_183' title='bbox 209 3621 281 3683; x_wconf 87' lang='lat' dir='ltr'>sive</span> <span class='ocrx_word' id='word_1_184' title='bbox 295 3622 363 3685; x_wconf 94' lang='lat' dir='ltr'>alio</span> <span class='ocrx_word' id='word_1_185' title='bbox 373 3623 471 3684; x_wconf 91' lang='lat' dir='ltr'>modo</span> <span class='ocrx_word' id='word_1_186' title='bbox 486 3623 683 3698; x_wconf 87' lang='lat' dir='ltr'>abalienari,</span> <span class='ocrx_word' id='word_1_187' title='bbox 696 3625 820 3703; x_wconf 87' lang='lat' dir='ltr'>absque</span> <span class='ocrx_word' id='word_1_188' title='bbox 833 3643 914 3688; x_wconf 92' lang='lat' dir='ltr'>con·</span> 
     </span>
     <span class='ocr_line' id='line_1_35' title="bbox 113 3720 913 3800; baseline 0.008 -20"><span class='ocrx_word' id='word_1_189' title='bbox 113 3735 220 3780; x_wconf 82' lang='lat' dir='ltr'>sensu</span> <span class='ocrx_word' id='word_1_190' title='bbox 234 3720 336 3782; x_wconf 91' lang='lat' dir='ltr'>totius</span> <span class='ocrx_word' id='word_1_191' title='bbox 351 3720 489 3798; x_wconf 89' lang='lat' dir='ltr'>capituli</span> <span class='ocrx_word' id='word_1_192' title='bbox 502 3721 556 3782; x_wconf 89' lang='lat' dir='ltr'>vel</span> <span class='ocrx_word' id='word_1_193' title='bbox 568 3723 705 3800; x_wconf 69' lang='lat' dir='ltr'>madoris</span> <span class='ocrx_word' id='word_1_194' title='bbox 715 3739 758 3784; x_wconf 92' lang='lat' dir='ltr'>an</span> <span class='ocrx_word' id='word_1_195' title='bbox 769 3723 913 3786; x_wconf 88' lang='lat' dir='ltr'>sanioris</span> 
     </span>
     <span class='ocr_line' id='line_1_36' title="bbox 115 3817 912 3897; baseline 0.006 -20"><span class='ocrx_word' id='word_1_196' title='bbox 115 3817 224 3893; x_wconf 91' lang='lat' dir='ltr'>partis</span> <span class='ocrx_word' id='word_1_197' title='bbox 244 3817 370 3894; x_wconf 86' lang='lat' dir='ltr'>ipsius;</span> <span class='ocrx_word' id='word_1_198' title='bbox 392 3819 509 3897; x_wconf 87' lang='lat' dir='ltr'>siquae</span> <span class='ocrx_word' id='word_1_199' title='bbox 533 3835 614 3884; x_wconf 80' lang='lat' dir='ltr'>vero</span> <span class='ocrx_word' id='word_1_200' title='bbox 640 3821 836 3884; x_wconf 86' lang='lat' dir='ltr'>donationes</span> <span class='ocrx_word' id='word_1_201' title='bbox 860 3822 912 3883; x_wconf 81' lang='lat' dir='ltr'>vel</span> 
     </span>
     <span class='ocr_line' id='line_1_37' title="bbox 114 3913 913 3994; baseline 0.01 -20"><span class='ocrx_word' id='word_1_202' title='bbox 114 3913 350 3988; x_wconf 82' lang='lat' dir='ltr'>alienationes,</span> <span class='ocrx_word' id='word_1_203' title='bbox 367 3917 467 3978; x_wconf 90' lang='lat' dir='ltr'>aliter</span> <span class='ocrx_word' id='word_1_204' title='bbox 481 3933 579 3994; x_wconf 88' lang='lat' dir='ltr'>quam</span> <span class='ocrx_word' id='word_1_205' title='bbox 594 3918 717 3980; x_wconf 89' lang='lat' dir='ltr'>dictum</span> <span class='ocrx_word' id='word_1_206' title='bbox 732 3921 794 3992; x_wconf 88' lang='lat' dir='ltr'>est,</span> <span class='ocrx_word' id='word_1_207' title='bbox 817 3919 913 3982; x_wconf 85' lang='lat' dir='ltr'>factae</span> 
     </span>
     <span class='ocr_line' id='line_1_38' title="bbox 115 4012 914 4081; baseline 0.009 -9"><span class='ocrx_word' id='word_1_208' title='bbox 115 4012 253 4081; x_wconf 89' lang='lat' dir='ltr'>fuerint,</span> <span class='ocrx_word' id='word_1_209' title='bbox 269 4029 327 4074; x_wconf 89' lang='lat' dir='ltr'>eas</span> <span class='ocrx_word' id='word_1_210' title='bbox 341 4013 456 4075; x_wconf 88' lang='lat' dir='ltr'>irritas</span> <span class='ocrx_word' id='word_1_211' title='bbox 478 4029 553 4076; x_wconf 87' lang='lat' dir='ltr'>esse</span> <span class='ocrx_word' id='word_1_212' title='bbox 570 4031 755 4078; x_wconf 87' lang='lat' dir='ltr'>censemus.</span> <span class='ocrx_word' id='word_1_213' title='bbox 777 4017 826 4078; x_wconf 86' lang='lat' dir='ltr'>Ad</span> <span class='ocrx_word' id='word_1_214' title='bbox 842 4018 914 4080; x_wconf 87' lang='lat' dir='ltr'>haec</span> 
     </span>
     <span class='ocr_line' id='line_1_39' title="bbox 115 4109 913 4191; baseline 0.009 -22"><span class='ocrx_word' id='word_1_215' title='bbox 115 4109 220 4170; x_wconf 87' lang='lat' dir='ltr'>etiam</span> <span class='ocrx_word' id='word_1_216' title='bbox 246 4109 477 4188; x_wconf 90' lang='lat' dir='ltr'>prohibemus,</span> <span class='ocrx_word' id='word_1_217' title='bbox 514 4127 556 4174; x_wconf 92' lang='lat' dir='ltr'>ne</span> <span class='ocrx_word' id='word_1_218' title='bbox 582 4113 704 4191; x_wconf 85' lang='lat' dir='ltr'>aliquis</span> <span class='ocrx_word' id='word_1_219' title='bbox 730 4115 913 4176; x_wconf 89' lang='lat' dir='ltr'>monachus</span> 
     </span>
     <span class='ocr_line' id='line_1_40' title="bbox 115 4205 915 4287; baseline 0.01 -21"><span class='ocrx_word' id='word_1_220' title='bbox 115 4205 189 4267; x_wconf 84' lang='lat' dir='ltr'>sive</span> <span class='ocrx_word' id='word_1_221' title='bbox 204 4222 384 4269; x_wconf 86' lang='lat' dir='ltr'>conversus</span> <span class='ocrx_word' id='word_1_222' title='bbox 407 4207 467 4270; x_wconf 85' lang='lat' dir='ltr'>sub</span> <span class='ocrx_word' id='word_1_223' title='bbox 489 4209 699 4287; x_wconf 87' lang='lat' dir='ltr'>possessione</span> <span class='ocrx_word' id='word_1_224' title='bbox 719 4212 915 4274; x_wconf 73' lang='grc'><strong>103113310-</strong></span> 
     </span>
     <span class='ocr_line' id='line_1_41' title="bbox 114 4303 913 4371; baseline 0.01 -8"><span class='ocrx_word' id='word_1_225' title='bbox 114 4303 188 4364; x_wconf 89' lang='lat' dir='ltr'>mui</span> <span class='ocrx_word' id='word_1_226' title='bbox 203 4304 381 4366; x_wconf 89' lang='lat' dir='ltr'>adstrictus</span> <span class='ocrx_word' id='word_1_227' title='bbox 396 4305 470 4368; x_wconf 92' lang='lat' dir='ltr'>sine</span> <span class='ocrx_word' id='word_1_228' title='bbox 484 4309 690 4371; x_wconf 89' lang='lat' dir='ltr'>consensuet</span> <span class='ocrx_word' id='word_1_229' title='bbox 699 4308 834 4371; x_wconf 91' lang='lat' dir='ltr'>licentia</span> <span class='ocrx_word' id='word_1_230' title='bbox 849 4309 913 4371; x_wconf 88' lang='lat' dir='ltr'>eb-</span> 
     </span>
     <span class='ocr_line' id='line_1_42' title="bbox 115 4400 913 4485; baseline 0.01 -23"><span class='ocrx_word' id='word_1_231' title='bbox 115 4400 206 4462; x_wconf 91' lang='lat' dir='ltr'>batis</span> <span class='ocrx_word' id='word_1_232' title='bbox 228 4403 261 4464; x_wconf 91' lang='grc'>01</span> <span class='ocrx_word' id='word_1_233' title='bbox 284 4403 422 4480; x_wconf 90' lang='lat' dir='ltr'>majoris</span> <span class='ocrx_word' id='word_1_234' title='bbox 447 4405 551 4482; x_wconf 87' lang='lat' dir='ltr'>partis</span> <span class='ocrx_word' id='word_1_235' title='bbox 574 4406 677 4468; x_wconf 82' lang='lat' dir='ltr'>vestri</span> <span class='ocrx_word' id='word_1_236' title='bbox 697 4406 835 4484; x_wconf 88' lang='lat' dir='ltr'>capituli</span> <span class='ocrx_word' id='word_1_237' title='bbox 854 4425 913 4485; x_wconf 89' lang='lat' dir='ltr'>pro</span> 
     </span>
     <span class='ocr_line' id='line_1_43' title="bbox 114 4499 913 4582; baseline 0.009 -23"><span class='ocrx_word' id='word_1_238' title='bbox 114 4499 231 4576; x_wconf 86' lang='lat' dir='ltr'>aliquo</span> <span class='ocrx_word' id='word_1_239' title='bbox 246 4499 446 4578; x_wconf 80' lang='lat' dir='ltr'>tideJubeat,</span> <span class='ocrx_word' id='word_1_240' title='bbox 469 4503 528 4564; x_wconf 90' lang='lat' dir='ltr'>aut</span> <span class='ocrx_word' id='word_1_241' title='bbox 545 4501 586 4564; x_wconf 91' lang='lat' dir='ltr'>ab</span> <span class='ocrx_word' id='word_1_242' title='bbox 606 4503 719 4582; x_wconf 90' lang='grc'><strong>311000</strong></span> <span class='ocrx_word' id='word_1_243' title='bbox 739 4506 913 4582; x_wconf 87' lang='lat' dir='ltr'>pecuniam</span> 
     </span>
     <span class='ocr_line' id='line_1_44' title="bbox 114 4597 915 4679; baseline 0.009 -22"><span class='ocrx_word' id='word_1_244' title='bbox 114 4597 233 4658; x_wconf 92' lang='lat' dir='ltr'>mutuo</span> <span class='ocrx_word' id='word_1_245' title='bbox 245 4597 398 4675; x_wconf 86' lang='lat' dir='ltr'>accipiat,</span> <span class='ocrx_word' id='word_1_246' title='bbox 409 4599 496 4662; x_wconf 89' lang='lat' dir='ltr'>ultra</span> <span class='ocrx_word' id='word_1_247' title='bbox 509 4601 651 4677; x_wconf 90' lang='lat' dir='ltr'>pretium</span> <span class='ocrx_word' id='word_1_248' title='bbox 665 4602 801 4679; x_wconf 87' lang='lat' dir='ltr'>capituli</span> <span class='ocrx_word' id='word_1_249' title='bbox 810 4603 915 4666; x_wconf 81' lang='lat' dir='ltr'>vestri</span> 
     </span>
     <span class='ocr_line' id='line_1_45' title="bbox 114 4692 914 4776; baseline 0.01 -22"><span class='ocrx_word' id='word_1_250' title='bbox 114 4692 326 4770; x_wconf 85' lang='lat' dir='ltr'>providentia</span> <span class='ocrx_word' id='word_1_251' title='bbox 341 4696 566 4770; x_wconf 90' lang='lat' dir='ltr'>constitutum,</span> <span class='ocrx_word' id='word_1_252' title='bbox 576 4698 641 4759; x_wconf 91' lang='lat' dir='ltr'>nisi</span> <span class='ocrx_word' id='word_1_253' title='bbox 656 4700 791 4776; x_wconf 86' lang='lat' dir='ltr'>propter</span> <span class='ocrx_word' id='word_1_254' title='bbox 805 4701 914 4762; x_wconf 89' lang='lat' dir='ltr'>mani-</span> 
     </span>
     <span class='ocr_line' id='line_1_46' title="bbox 115 4793 913 4876; baseline 0.01 -23"><span class='ocrx_word' id='word_1_255' title='bbox 115 4793 237 4853; x_wconf 90' lang='lat' dir='ltr'>festam</span> <span class='ocrx_word' id='word_1_256' title='bbox 262 4794 378 4856; x_wconf 89' lang='lat' dir='ltr'>domus</span> <span class='ocrx_word' id='word_1_257' title='bbox 406 4797 525 4857; x_wconf 83' lang='lat' dir='ltr'>vestrae</span> <span class='ocrx_word' id='word_1_258' title='bbox 550 4795 746 4870; x_wconf 87' lang='lat' dir='ltr'>utilitatem;</span> <span class='ocrx_word' id='word_1_259' title='bbox 770 4799 855 4876; x_wconf 86' lang='lat' dir='ltr'>quod</span> <span class='ocrx_word' id='word_1_260' title='bbox 885 4800 913 4861; x_wconf 86' lang='lat' dir='ltr'>si</span> 
     </span>
     <span class='ocr_line' id='line_1_47' title="bbox 115 4890 915 4971; baseline 0.01 -21"><span class='ocrx_word' id='word_1_261' title='bbox 115 4890 229 4951; x_wconf 87' lang='lat' dir='ltr'>facere</span> <span class='ocrx_word' id='word_1_262' title='bbox 258 4890 341 4954; x_wconf 89' lang='lat' dir='ltr'>forto</span> <span class='ocrx_word' id='word_1_263' title='bbox 369 4894 636 4971; x_wconf 82' lang='lat' dir='ltr'>praesumpserit,</span> <span class='ocrx_word' id='word_1_264' title='bbox 665 4911 732 4956; x_wconf 90' lang='lat' dir='ltr'>non</span> <span class='ocrx_word' id='word_1_265' title='bbox 761 4897 915 4960; x_wconf 90' lang='lat' dir='ltr'>teneatur</span> 
     </span>
     <span class='ocr_line' id='line_1_48' title="bbox 115 4987 912 5070; baseline 0.009 -21"><span class='ocrx_word' id='word_1_266' title='bbox 115 4987 301 5050; x_wconf 79' lang='lat' dir='ltr'>conventus</span> <span class='ocrx_word' id='word_1_267' title='bbox 324 5005 383 5066; x_wconf 92' lang='lat' dir='ltr'>pro</span> <span class='ocrx_word' id='word_1_268' title='bbox 406 4989 459 5050; x_wconf 92' lang='lat' dir='ltr'>bis</span> <span class='ocrx_word' id='word_1_269' title='bbox 475 4990 686 5068; x_wconf 88' lang='lat' dir='ltr'>aliquatenus</span> <span class='ocrx_word' id='word_1_270' title='bbox 701 4989 912 5070; x_wconf 83' lang='lat' dir='ltr'>respondere.</span> 
     </span>
     <span class='ocr_line' id='line_1_49' title="bbox 116 5085 913 5169; baseline 0.009 -22"><span class='ocrx_word' id='word_1_271' title='bbox 116 5085 261 5147; x_wconf 91' lang='lat' dir='ltr'>Licitum</span> <span class='ocrx_word' id='word_1_272' title='bbox 284 5087 445 5163; x_wconf 77' lang='lat' dir='ltr'>praeterea</span> <span class='ocrx_word' id='word_1_273' title='bbox 465 5087 509 5149; x_wconf 90' lang='lat' dir='ltr'>sit</span> <span class='ocrx_word' id='word_1_274' title='bbox 531 5087 625 5150; x_wconf 83' lang='lat' dir='ltr'>vobis</span> <span class='ocrx_word' id='word_1_275' title='bbox 646 5089 682 5149; x_wconf 90' lang='lat' dir='ltr'>ln</span> <span class='ocrx_word' id='word_1_276' title='bbox 702 5091 812 5153; x_wconf 91' lang='lat' dir='ltr'>causis</span> <span class='ocrx_word' id='word_1_277' title='bbox 831 5107 913 5169; x_wconf 91' lang='lat' dir='ltr'>pro-</span> 
     </span>
     <span class='ocr_line' id='line_1_50' title="bbox 116 5182 913 5260; baseline 0.011 -18"><span class='ocrx_word' id='word_1_278' title='bbox 116 5182 201 5260; x_wconf 91' lang='lat' dir='ltr'>priis</span> <span class='ocrx_word' id='word_1_279' title='bbox 221 5183 292 5244; x_wconf 87' lang='lat' dir='ltr'>sive</span> <span class='ocrx_word' id='word_1_280' title='bbox 316 5184 448 5246; x_wconf 84' lang='lat' dir='ltr'>civilem</span> <span class='ocrx_word' id='word_1_281' title='bbox 477 5184 548 5247; x_wconf 83' lang='lat' dir='ltr'>sive</span> <span class='ocrx_word' id='word_1_282' title='bbox 572 5186 780 5250; x_wconf 89' lang='lat' dir='ltr'>criminalem</span> <span class='ocrx_word' id='word_1_283' title='bbox 802 5190 913 5251; x_wconf 90' lang='lat' dir='ltr'>conti-</span> 
     </span>
     <span class='ocr_line' id='line_1_51' title="bbox 117 5281 915 5358; baseline 0.011 -18"><span class='ocrx_word' id='word_1_284' title='bbox 117 5281 220 5342; x_wconf 85' lang='lat' dir='ltr'>neant</span> <span class='ocrx_word' id='word_1_285' title='bbox 235 5281 461 5358; x_wconf 85' lang='lat' dir='ltr'>quaestionem,</span> <span class='ocrx_word' id='word_1_286' title='bbox 484 5281 625 5346; x_wconf 82' lang='lat' dir='ltr'>fratrum</span> <span class='ocrx_word' id='word_1_287' title='bbox 645 5287 832 5348; x_wconf 83' lang='lat' dir='ltr'>vestrorum</span> <span class='ocrx_word' id='word_1_288' title='bbox 846 5288 915 5348; x_wconf 90' lang='grc'><strong>103-</strong></span> 
     </span>
     <span class='ocr_line' id='line_1_52' title="bbox 116 5377 913 5461; baseline 0.011 -24"><span class='ocrx_word' id='word_1_289' title='bbox 116 5377 268 5438; x_wconf 90' lang='lat' dir='ltr'>timoniis</span> <span class='ocrx_word' id='word_1_290' title='bbox 300 5379 360 5448; x_wconf 92' lang='lat' dir='ltr'>uti,</span> <span class='ocrx_word' id='word_1_291' title='bbox 385 5395 428 5442; x_wconf 91' lang='lat' dir='ltr'>ne</span> <span class='ocrx_word' id='word_1_292' title='bbox 455 5397 516 5456; x_wconf 91' lang='lat' dir='ltr'>pro</span> <span class='ocrx_word' id='word_1_293' title='bbox 542 5381 673 5446; x_wconf 88' lang='lat' dir='ltr'>defectu</span> <span class='ocrx_word' id='word_1_294' title='bbox 698 5384 831 5445; x_wconf 90' lang='lat' dir='ltr'>testium</span> <span class='ocrx_word' id='word_1_295' title='bbox 855 5387 913 5461; x_wconf 87' lang='lat' dir='ltr'>jus</span> 
     </span>
     <span class='ocr_line' id='line_1_53' title="bbox 116 5476 743 5557; baseline 0.008 -21"><span class='ocrx_word' id='word_1_296' title='bbox 116 5477 265 5536; x_wconf 85' lang='lat' dir='ltr'>vestrum</span> <span class='ocrx_word' id='word_1_297' title='bbox 280 5476 316 5536; x_wconf 94' lang='lat' dir='ltr'>in</span> <span class='ocrx_word' id='word_1_298' title='bbox 326 5477 440 5555; x_wconf 89' lang='grc'><strong>311000</strong></span> <span class='ocrx_word' id='word_1_299' title='bbox 455 5478 566 5541; x_wconf 83' lang='lat' dir='ltr'>valeat</span> <span class='ocrx_word' id='word_1_300' title='bbox 580 5479 743 5557; x_wconf 89' lang='lat' dir='ltr'>deperire.</span> 
     </span>
    </p>

    <p class='ocr_par' dir='ltr' id='par_1_5' title="bbox 118 5573 913 5752">
     <span class='ocr_line' id='line_1_54' title="bbox 159 5573 913 5654; baseline 0.009 -21"><span class='ocrx_word' id='word_1_301' title='bbox 159 5573 299 5649; x_wconf 89' lang='lat' dir='ltr'>Insuper</span> <span class='ocrx_word' id='word_1_302' title='bbox 308 5575 506 5638; x_wconf 88' lang='lat' dir='ltr'>auctoritato</span> <span class='ocrx_word' id='word_1_303' title='bbox 520 5577 709 5654; x_wconf 76' lang='lat' dir='ltr'>Apostolica</span> <span class='ocrx_word' id='word_1_304' title='bbox 724 5577 913 5640; x_wconf 88' lang='lat' dir='ltr'>inhibemus</span> 
     </span>
     <span class='ocr_line' id='line_1_55' title="bbox 118 5669 912 5752; baseline 0.009 -23"><span class='ocrx_word' id='word_1_305' title='bbox 118 5686 160 5730; x_wconf 89' lang='lat' dir='ltr'>ne</span> <span class='ocrx_word' id='word_1_306' title='bbox 176 5669 264 5728; x_wconf 86' lang='lat' dir='ltr'>nllus</span> <span class='ocrx_word' id='word_1_307' title='bbox 290 5671 465 5751; x_wconf 87' lang='lat' dir='ltr'>episcopus</span> <span class='ocrx_word' id='word_1_308' title='bbox 486 5674 539 5736; x_wconf 78' lang='lat' dir='ltr'>rel</span> <span class='ocrx_word' id='word_1_309' title='bbox 561 5673 628 5736; x_wconf 89' lang='lat' dir='ltr'>alia</span> <span class='ocrx_word' id='word_1_310' title='bbox 650 5675 804 5752; x_wconf 75' lang='lat' dir='ltr'>qualibet</span> <span class='ocrx_word' id='word_1_311' title='bbox 831 5691 912 5752; x_wconf 91' lang='lat' dir='ltr'>per-</span> 
     </span>
    </p>
   </div>
   <div class='ocr_carea' id='block_1_3' title="bbox 731 339 1143 415">
    <p class='ocr_par' dir='ltr' id='par_1_6' title="bbox 731 339 1143 415">
     <span class='ocr_line' id='line_1_56' title="bbox 731 339 1143 415; baseline 0.007 -17"><span class='ocrx_word' id='word_1_312' title='bbox 731 339 959 415; x_wconf 74' lang='lat' dir='ltr'><strong>EPISTOLAE.</strong></span> <span class='ocrx_word' id='word_1_313' title='bbox 984 341 1061 400; x_wconf 85' lang='lat' dir='ltr'><strong>LIB.</strong></span> <span class='ocrx_word' id='word_1_314' title='bbox 1085 341 1143 401; x_wconf 83' lang='lat' dir='ltr'>Ill.</span> 
     </span>
    </p>
   </div>
   <div class='ocr_carea' id='block_1_4' title="bbox 1705 345 1762 404">
    <p class='ocr_par' dir='ltr' id='par_1_7' title="bbox 1705 345 1762 404">
     <span class='ocr_line' id='line_1_57' title="bbox 1705 345 1762 404; baseline -0.018 0"><span class='ocrx_word' id='word_1_315' title='bbox 1705 345 1762 404; x_wconf 87' lang='grc'>122</span> 
     </span>
    </p>
   </div>
   <div class='ocr_carea' id='block_1_5' title="bbox 965 499 1807 5753">
    <p class='ocr_par' dir='ltr' id='par_1_8' title="bbox 965 499 1807 5753">
     <span class='ocr_line' id='line_1_58' title="bbox 965 499 1761 578; baseline 0.005 -18"><span class='ocrx_word' id='word_1_316' title='bbox 965 515 1046 560; x_wconf 87' lang='grc'><strong>3000</strong></span> <span class='ocrx_word' id='word_1_317' title='bbox 1075 500 1117 562; x_wconf 87' lang='grc'>31</span> <span class='ocrx_word' id='word_1_318' title='bbox 1142 499 1286 578; x_wconf 74' lang='lat' dir='ltr'>synodos</span> <span class='ocrx_word' id='word_1_319' title='bbox 1316 501 1370 562; x_wconf 86' lang='lat' dir='ltr'>vel</span> <span class='ocrx_word' id='word_1_320' title='bbox 1401 503 1585 564; x_wconf 84' lang='lat' dir='ltr'>conventus</span> <span class='ocrx_word' id='word_1_321' title='bbox 1611 502 1761 564; x_wconf 85' lang='lat' dir='ltr'>forenses</span> 
     </span>
     <span class='ocr_line' id='line_1_59' title="bbox 966 597 1762 676; baseline 0.003 -18"><span class='ocrx_word' id='word_1_322' title='bbox 966 613 1025 658; x_wconf 87' lang='lat' dir='ltr'>vos</span> <span class='ocrx_word' id='word_1_323' title='bbox 1044 597 1104 670; x_wconf 87' lang='lat' dir='ltr'>ire,</span> <span class='ocrx_word' id='word_1_324' title='bbox 1125 598 1178 659; x_wconf 81' lang='lat' dir='ltr'>rel</span> <span class='ocrx_word' id='word_1_325' title='bbox 1194 597 1321 674; x_wconf 91' lang='lat' dir='ltr'>judicio</span> <span class='ocrx_word' id='word_1_326' title='bbox 1339 598 1494 659; x_wconf 77' lang='lat' dir='ltr'>saeculari</span> <span class='ocrx_word' id='word_1_327' title='bbox 1510 599 1762 676; x_wconf 72' lang='grc'><strong>1013300010-</strong></span> 
     </span>
     <span class='ocr_line' id='line_1_60' title="bbox 966 694 1761 772; baseline 0.003 -16"><span class='ocrx_word' id='word_1_328' title='bbox 966 696 1039 771; x_wconf 92' lang='lat' dir='ltr'>pria</span> <span class='ocrx_word' id='word_1_329' title='bbox 1062 694 1247 758; x_wconf 91' lang='lat' dir='ltr'>substantia</span> <span class='ocrx_word' id='word_1_330' title='bbox 1273 696 1325 757; x_wconf 87' lang='lat' dir='ltr'>vel</span> <span class='ocrx_word' id='word_1_331' title='bbox 1350 696 1617 772; x_wconf 91' lang='lat' dir='ltr'>possessionibus</span> <span class='ocrx_word' id='word_1_332' title='bbox 1641 699 1761 760; x_wconf 89' lang='lat' dir='ltr'>vestris</span> 
     </span>
     <span class='ocr_line' id='line_1_61' title="bbox 966 792 1762 870; baseline 0.005 -18"><span class='ocrx_word' id='word_1_333' title='bbox 966 792 1139 870; x_wconf 89' lang='lat' dir='ltr'>subjacere</span> <span class='ocrx_word' id='word_1_334' title='bbox 1159 793 1345 870; x_wconf 91' lang='lat' dir='ltr'>compellat,</span> <span class='ocrx_word' id='word_1_335' title='bbox 1363 809 1424 854; x_wconf 85' lang='lat' dir='ltr'>nec</span> <span class='ocrx_word' id='word_1_336' title='bbox 1440 794 1480 854; x_wconf 87' lang='lat' dir='ltr'>ad</span> <span class='ocrx_word' id='word_1_337' title='bbox 1496 794 1611 856; x_wconf 88' lang='lat' dir='ltr'>domos</span> <span class='ocrx_word' id='word_1_338' title='bbox 1632 798 1762 858; x_wconf 85' lang='lat' dir='ltr'>vestras</span> 
     </span>
     <span class='ocr_line' id='line_1_62' title="bbox 966 891 1761 966; baseline 0.004 -15"><span class='ocrx_word' id='word_1_339' title='bbox 966 906 1066 952; x_wconf 86' lang='lat' dir='ltr'>causa</span> <span class='ocrx_word' id='word_1_340' title='bbox 1086 891 1212 952; x_wconf 87' lang='lat' dir='ltr'>ordinis</span> <span class='ocrx_word' id='word_1_341' title='bbox 1228 891 1429 962; x_wconf 88' lang='lat' dir='ltr'>celebrandi,</span> <span class='ocrx_word' id='word_1_342' title='bbox 1447 907 1566 954; x_wconf 89' lang='lat' dir='ltr'>causas</span> <span class='ocrx_word' id='word_1_343' title='bbox 1583 893 1761 966; x_wconf 88' lang='lat' dir='ltr'>tractandi,</span> 
     </span>
     <span class='ocr_line' id='line_1_63' title="bbox 965 988 1762 1066; baseline 0.004 -17"><span class='ocrx_word' id='word_1_344' title='bbox 965 988 1018 1049; x_wconf 84' lang='lat' dir='ltr'>vel</span> <span class='ocrx_word' id='word_1_345' title='bbox 1038 992 1220 1050; x_wconf 87' lang='lat' dir='ltr'>conventus</span> <span class='ocrx_word' id='word_1_346' title='bbox 1238 989 1367 1066; x_wconf 88' lang='lat' dir='ltr'>aliquos</span> <span class='ocrx_word' id='word_1_347' title='bbox 1392 989 1541 1066; x_wconf 90' lang='lat' dir='ltr'>publicos</span> <span class='ocrx_word' id='word_1_348' title='bbox 1557 993 1762 1053; x_wconf 82' lang='lat' dir='ltr'>convocandi</span> 
     </span>
     <span class='ocr_line' id='line_1_64' title="bbox 966 1086 1762 1163; baseline 0.008 -17"><span class='ocrx_word' id='word_1_349' title='bbox 966 1086 1081 1147; x_wconf 89' lang='lat' dir='ltr'>venire</span> <span class='ocrx_word' id='word_1_350' title='bbox 1110 1087 1303 1163; x_wconf 87' lang='lat' dir='ltr'>praesumat,</span> <span class='ocrx_word' id='word_1_351' title='bbox 1329 1103 1390 1148; x_wconf 92' lang='lat' dir='ltr'>nec</span> <span class='ocrx_word' id='word_1_352' title='bbox 1417 1088 1607 1163; x_wconf 85' lang='lat' dir='ltr'>regularem</span> <span class='ocrx_word' id='word_1_353' title='bbox 1632 1088 1762 1152; x_wconf 88' lang='lat' dir='ltr'>abbatis</span> 
     </span>
     <span class='ocr_line' id='line_1_65' title="bbox 966 1183 1764 1260; baseline 0.003 -17"><span class='ocrx_word' id='word_1_354' title='bbox 966 1184 1068 1245; x_wconf 86' lang='lat' dir='ltr'>vestri</span> <span class='ocrx_word' id='word_1_355' title='bbox 1095 1183 1291 1246; x_wconf 85' lang='lat' dir='ltr'>electionem</span> <span class='ocrx_word' id='word_1_356' title='bbox 1318 1183 1487 1260; x_wconf 87' lang='lat' dir='ltr'>impediat,</span> <span class='ocrx_word' id='word_1_357' title='bbox 1515 1188 1573 1247; x_wconf 89' lang='lat' dir='ltr'>aut</span> <span class='ocrx_word' id='word_1_358' title='bbox 1598 1185 1639 1246; x_wconf 92' lang='grc'>10</span> <span class='ocrx_word' id='word_1_359' title='bbox 1664 1186 1764 1247; x_wconf 55' lang='lat' dir='ltr'>instia</span> 
     </span>
     <span class='ocr_line' id='line_1_66' title="bbox 966 1281 1763 1360; baseline 0 -16"><span class='ocrx_word' id='word_1_360' title='bbox 966 1281 1088 1344; x_wconf 91' lang='lat' dir='ltr'>tuendo</span> <span class='ocrx_word' id='word_1_361' title='bbox 1104 1283 1157 1342; x_wconf 84' lang='lat' dir='ltr'>vel</span> <span class='ocrx_word' id='word_1_362' title='bbox 1172 1282 1372 1343; x_wconf 82' lang='lat' dir='ltr'>removendo</span> <span class='ocrx_word' id='word_1_363' title='bbox 1392 1297 1442 1354; x_wconf 91' lang='lat' dir='ltr'>eo,</span> <span class='ocrx_word' id='word_1_364' title='bbox 1464 1282 1520 1358; x_wconf 85' lang='lat' dir='ltr'>qui</span> <span class='ocrx_word' id='word_1_365' title='bbox 1540 1298 1599 1359; x_wconf 89' lang='lat' dir='ltr'>pro</span> <span class='ocrx_word' id='word_1_366' title='bbox 1614 1285 1763 1360; x_wconf 87' lang='lat' dir='ltr'>tempore</span> 
     </span>
     <span class='ocr_line' id='line_1_67' title="bbox 966 1378 1762 1442; baseline 0.003 -2"><span class='ocrx_word' id='word_1_367' title='bbox 966 1378 1067 1440; x_wconf 90' lang='lat' dir='ltr'>fuerit</span> <span class='ocrx_word' id='word_1_368' title='bbox 1081 1380 1197 1442; x_wconf 89' lang='lat' dir='ltr'>contra</span> <span class='ocrx_word' id='word_1_369' title='bbox 1212 1379 1333 1441; x_wconf 90' lang='lat' dir='ltr'>statuta</span> <span class='ocrx_word' id='word_1_370' title='bbox 1345 1379 1575 1441; x_wconf 80' lang='lat' dir='ltr'>cisterciensis</span> <span class='ocrx_word' id='word_1_371' title='bbox 1588 1380 1716 1442; x_wconf 86' lang='lat' dir='ltr'>ordinis</span> <span class='ocrx_word' id='word_1_372' title='bbox 1732 1381 1762 1442; x_wconf 94' lang='lat' dir='ltr'>si</span> 
     </span>
     <span class='ocr_line' id='line_1_68' title="bbox 966 1476 1760 1554; baseline 0.001 -17"><span class='ocrx_word' id='word_1_373' title='bbox 966 1477 1178 1554; x_wconf 85' lang='lat' dir='ltr'>aliquatenus</span> <span class='ocrx_word' id='word_1_374' title='bbox 1197 1476 1406 1539; x_wconf 90' lang='lat' dir='ltr'>intromittat.</span> <span class='ocrx_word' id='word_1_375' title='bbox 1429 1476 1464 1543; x_wconf 81' lang='lat' dir='ltr'>Si</span> <span class='ocrx_word' id='word_1_376' title='bbox 1479 1492 1560 1539; x_wconf 77' lang='lat' dir='ltr'>sero</span> <span class='ocrx_word' id='word_1_377' title='bbox 1574 1477 1760 1554; x_wconf 89' lang='lat' dir='ltr'>episcopus,</span> 
     </span>
     <span class='ocr_line' id='line_1_69' title="bbox 967 1574 1762 1652; baseline 0.001 -16"><span class='ocrx_word' id='word_1_378' title='bbox 967 1574 1002 1636; x_wconf 95' lang='lat' dir='ltr'>in</span> <span class='ocrx_word' id='word_1_379' title='bbox 1017 1578 1112 1652; x_wconf 89' lang='lat' dir='ltr'>cujus</span> <span class='ocrx_word' id='word_1_380' title='bbox 1125 1574 1284 1651; x_wconf 90' lang='lat' dir='ltr'>parochia</span> <span class='ocrx_word' id='word_1_381' title='bbox 1298 1574 1414 1638; x_wconf 93' lang='lat' dir='ltr'>domus</span> <span class='ocrx_word' id='word_1_382' title='bbox 1427 1577 1540 1637; x_wconf 84' lang='lat' dir='ltr'>vestra</span> <span class='ocrx_word' id='word_1_383' title='bbox 1554 1575 1689 1637; x_wconf 90' lang='lat' dir='ltr'>fundata</span> <span class='ocrx_word' id='word_1_384' title='bbox 1701 1577 1762 1646; x_wconf 89' lang='lat' dir='ltr'>est,</span> 
     </span>
     <span class='ocr_line' id='line_1_70' title="bbox 967 1672 1762 1750; baseline 0.001 -16"><span class='ocrx_word' id='word_1_385' title='bbox 967 1689 1042 1734; x_wconf 91' lang='lat' dir='ltr'>cum</span> <span class='ocrx_word' id='word_1_386' title='bbox 1057 1672 1245 1736; x_wconf 88' lang='lat' dir='ltr'>humilitate</span> <span class='ocrx_word' id='word_1_387' title='bbox 1259 1688 1299 1734; x_wconf 91' lang='lat' dir='ltr'>ac</span> <span class='ocrx_word' id='word_1_388' title='bbox 1316 1672 1491 1734; x_wconf 87' lang='lat' dir='ltr'>devotione</span> <span class='ocrx_word' id='word_1_389' title='bbox 1506 1689 1579 1750; x_wconf 88' lang='grc'><strong>0033</strong></span> <span class='ocrx_word' id='word_1_390' title='bbox 1596 1674 1762 1743; x_wconf 86' lang='lat' dir='ltr'>convenit,</span> 
     </span>
     <span class='ocr_line' id='line_1_71' title="bbox 966 1769 1764 1848; baseline 0.004 -17"><span class='ocrx_word' id='word_1_391' title='bbox 966 1770 1158 1848; x_wconf 90' lang='lat' dir='ltr'>requisitus,</span> <span class='ocrx_word' id='word_1_392' title='bbox 1173 1769 1387 1832; x_wconf 87' lang='lat' dir='ltr'>substitutum</span> <span class='ocrx_word' id='word_1_393' title='bbox 1400 1769 1552 1832; x_wconf 85' lang='lat' dir='ltr'>abbatem</span> <span class='ocrx_word' id='word_1_394' title='bbox 1566 1770 1764 1834; x_wconf 88' lang='lat' dir='ltr'>benedicere</span> 
     </span>
     <span class='ocr_line' id='line_1_72' title="bbox 967 1867 1761 1945; baseline 0 -15"><span class='ocrx_word' id='word_1_395' title='bbox 967 1869 1000 1930; x_wconf 94' lang='lat' dir='ltr'>et</span> <span class='ocrx_word' id='word_1_396' title='bbox 1009 1867 1076 1929; x_wconf 86' lang='lat' dir='ltr'>alia</span> <span class='ocrx_word' id='word_1_397' title='bbox 1087 1883 1160 1945; x_wconf 85' lang='lat' dir='ltr'>quae</span> <span class='ocrx_word' id='word_1_398' title='bbox 1171 1867 1212 1928; x_wconf 89' lang='lat' dir='ltr'>ad</span> <span class='ocrx_word' id='word_1_399' title='bbox 1225 1867 1371 1929; x_wconf 88' lang='lat' dir='ltr'>officium</span> <span class='ocrx_word' id='word_1_400' title='bbox 1383 1868 1573 1944; x_wconf 88' lang='lat' dir='ltr'>episcopale</span> <span class='ocrx_word' id='word_1_401' title='bbox 1582 1869 1761 1945; x_wconf 90' lang='lat' dir='ltr'>pertinent,</span> 
     </span>
     <span class='ocr_line' id='line_1_73' title="bbox 966 1963 1762 2038; baseline 0.001 -11"><span class='ocrx_word' id='word_1_402' title='bbox 966 1965 1060 2028; x_wconf 79' lang='lat' dir='ltr'>vobis</span> <span class='ocrx_word' id='word_1_403' title='bbox 1080 1963 1231 2026; x_wconf 89' lang='lat' dir='ltr'>conferre</span> <span class='ocrx_word' id='word_1_404' title='bbox 1251 1967 1417 2038; x_wconf 89' lang='lat' dir='ltr'>renueret,</span> <span class='ocrx_word' id='word_1_405' title='bbox 1444 1965 1572 2028; x_wconf 90' lang='lat' dir='ltr'>licitum</span> <span class='ocrx_word' id='word_1_406' title='bbox 1594 1967 1637 2028; x_wconf 91' lang='lat' dir='ltr'>sit</span> <span class='ocrx_word' id='word_1_407' title='bbox 1654 1966 1762 2028; x_wconf 88' lang='lat' dir='ltr'>eidem</span> 
     </span>
     <span class='ocr_line' id='line_1_74' title="bbox 967 2062 1762 2140; baseline 0 -15"><span class='ocrx_word' id='word_1_408' title='bbox 967 2062 1088 2135; x_wconf 88' lang='lat' dir='ltr'>abbati,</span> <span class='ocrx_word' id='word_1_409' title='bbox 1112 2062 1141 2123; x_wconf 92' lang='grc'>31</span> <span class='ocrx_word' id='word_1_410' title='bbox 1165 2063 1275 2124; x_wconf 74' lang='lat' dir='ltr'>tamur</span> <span class='ocrx_word' id='word_1_411' title='bbox 1297 2063 1453 2124; x_wconf 83' lang='lat' dir='ltr'>sacerdos</span> <span class='ocrx_word' id='word_1_412' title='bbox 1476 2062 1587 2136; x_wconf 89' lang='lat' dir='ltr'>fuerit,</span> <span class='ocrx_word' id='word_1_413' title='bbox 1609 2064 1762 2140; x_wconf 87' lang='lat' dir='ltr'>proprios</span> 
     </span>
     <span class='ocr_line' id='line_1_75' title="bbox 967 2159 1762 2238; baseline 0 -16"><span class='ocrx_word' id='word_1_414' title='bbox 967 2159 1111 2222; x_wconf 82' lang='lat' dir='ltr'>novitios</span> <span class='ocrx_word' id='word_1_415' title='bbox 1125 2159 1323 2222; x_wconf 84' lang='lat' dir='ltr'>benedicere</span> <span class='ocrx_word' id='word_1_416' title='bbox 1341 2161 1373 2222; x_wconf 88' lang='grc'>31</span> <span class='ocrx_word' id='word_1_417' title='bbox 1388 2161 1454 2221; x_wconf 89' lang='grc'><strong>3110</strong></span> <span class='ocrx_word' id='word_1_418' title='bbox 1471 2176 1543 2238; x_wconf 81' lang='lat' dir='ltr'>quae</span> <span class='ocrx_word' id='word_1_419' title='bbox 1557 2160 1600 2222; x_wconf 89' lang='lat' dir='ltr'>ad</span> <span class='ocrx_word' id='word_1_420' title='bbox 1616 2160 1762 2223; x_wconf 81' lang='lat' dir='ltr'>officium</span> 
     </span>
     <span class='ocr_line' id='line_1_76' title="bbox 967 2255 1763 2334; baseline 0.001 -16"><span class='ocrx_word' id='word_1_421' title='bbox 967 2274 1064 2318; x_wconf 89' lang='lat' dir='ltr'>suum</span> <span class='ocrx_word' id='word_1_422' title='bbox 1086 2257 1264 2334; x_wconf 87' lang='lat' dir='ltr'>pertinent,</span> <span class='ocrx_word' id='word_1_423' title='bbox 1291 2271 1447 2318; x_wconf 90' lang='lat' dir='ltr'>coercere</span> <span class='ocrx_word' id='word_1_424' title='bbox 1472 2258 1505 2320; x_wconf 89' lang='grc'>01</span> <span class='ocrx_word' id='word_1_425' title='bbox 1529 2255 1624 2319; x_wconf 87' lang='lat' dir='ltr'>vobis</span> <span class='ocrx_word' id='word_1_426' title='bbox 1651 2259 1763 2320; x_wconf 88' lang='lat' dir='ltr'>omnia</span> 
     </span>
     <span class='ocr_line' id='line_1_77' title="bbox 968 2353 1764 2432; baseline 0.001 -16"><span class='ocrx_word' id='word_1_427' title='bbox 968 2355 1009 2416; x_wconf 91' lang='lat' dir='ltr'>ab</span> <span class='ocrx_word' id='word_1_428' title='bbox 1032 2355 1098 2417; x_wconf 89' lang='lat' dir='ltr'>alio</span> <span class='ocrx_word' id='word_1_429' title='bbox 1124 2354 1279 2432; x_wconf 91' lang='lat' dir='ltr'>episcopo</span> <span class='ocrx_word' id='word_1_430' title='bbox 1300 2353 1483 2432; x_wconf 87' lang='lat' dir='ltr'>percipere,</span> <span class='ocrx_word' id='word_1_431' title='bbox 1512 2371 1585 2432; x_wconf 86' lang='grc'><strong>0030</strong></span> <span class='ocrx_word' id='word_1_432' title='bbox 1610 2371 1629 2416; x_wconf 91' lang='lat' dir='ltr'>a</span> <span class='ocrx_word' id='word_1_433' title='bbox 1653 2357 1764 2418; x_wconf 82' lang='lat' dir='ltr'>restro</span> 
     </span>
     <span class='ocr_line' id='line_1_78' title="bbox 967 2451 1762 2530; baseline 0 -16"><span class='ocrx_word' id='word_1_434' title='bbox 967 2452 1092 2514; x_wconf 88' lang='lat' dir='ltr'>fuerint</span> <span class='ocrx_word' id='word_1_435' title='bbox 1107 2451 1253 2514; x_wconf 87' lang='lat' dir='ltr'>indebita</span> <span class='ocrx_word' id='word_1_436' title='bbox 1268 2452 1442 2528; x_wconf 84' lang='lat' dir='ltr'>denegata.</span> <span class='ocrx_word' id='word_1_437' title='bbox 1457 2451 1542 2514; x_wconf 90' lang='lat' dir='ltr'>Illud</span> <span class='ocrx_word' id='word_1_438' title='bbox 1553 2453 1762 2530; x_wconf 79' lang='lat' dir='ltr'>adJicientes,</span> 
     </span>
     <span class='ocr_line' id='line_1_79' title="bbox 969 2549 1765 2628; baseline 0 -16"><span class='ocrx_word' id='word_1_439' title='bbox 969 2552 1004 2614; x_wconf 91' lang='lat' dir='ltr'>ut</span> <span class='ocrx_word' id='word_1_440' title='bbox 1022 2550 1057 2610; x_wconf 93' lang='lat' dir='ltr'>in</span> <span class='ocrx_word' id='word_1_441' title='bbox 1081 2549 1282 2626; x_wconf 89' lang='lat' dir='ltr'>recipiendis</span> <span class='ocrx_word' id='word_1_442' title='bbox 1301 2549 1564 2628; x_wconf 88' lang='lat' dir='ltr'>professionibus</span> <span class='ocrx_word' id='word_1_443' title='bbox 1582 2550 1765 2628; x_wconf 74' lang='grc'><strong>0003110-</strong></span> 
     </span>
     <span class='ocr_line' id='line_1_80' title="bbox 968 2646 1767 2712; baseline -0.003 -2"><span class='ocrx_word' id='word_1_444' title='bbox 968 2647 1108 2710; x_wconf 91' lang='lat' dir='ltr'>nedictis</span> <span class='ocrx_word' id='word_1_445' title='bbox 1121 2647 1154 2709; x_wconf 86' lang='lat' dir='ltr'>et</span> <span class='ocrx_word' id='word_1_446' title='bbox 1167 2646 1402 2710; x_wconf 88' lang='lat' dir='ltr'>benedicendis</span> <span class='ocrx_word' id='word_1_447' title='bbox 1413 2646 1587 2710; x_wconf 88' lang='lat' dir='ltr'>abbatibus</span> <span class='ocrx_word' id='word_1_448' title='bbox 1602 2647 1767 2712; x_wconf 82' lang='lat' dir='ltr'>exbiben-</span> 
     </span>
     <span class='ocr_line' id='line_1_81' title="bbox 967 2745 1766 2822; baseline 0 -14"><span class='ocrx_word' id='word_1_449' title='bbox 967 2747 1033 2818; x_wconf 90' lang='lat' dir='ltr'>tur,</span> <span class='ocrx_word' id='word_1_450' title='bbox 1047 2761 1086 2808; x_wconf 90' lang='lat' dir='ltr'>ea</span> <span class='ocrx_word' id='word_1_451' title='bbox 1097 2745 1198 2807; x_wconf 89' lang='lat' dir='ltr'>fuerit</span> <span class='ocrx_word' id='word_1_452' title='bbox 1209 2745 1355 2822; x_wconf 92' lang='lat' dir='ltr'>episcopi</span> <span class='ocrx_word' id='word_1_453' title='bbox 1368 2745 1484 2818; x_wconf 86' lang='lat' dir='ltr'>forma,</span> <span class='ocrx_word' id='word_1_454' title='bbox 1496 2761 1537 2808; x_wconf 88' lang='lat' dir='ltr'>ea</span> <span class='ocrx_word' id='word_1_455' title='bbox 1549 2747 1766 2822; x_wconf 80' lang='lat' dir='ltr'>expressione</span> 
     </span>
     <span class='ocr_line' id='line_1_82' title="bbox 968 2843 1765 2922; baseline 0 -16"><span class='ocrx_word' id='word_1_456' title='bbox 968 2844 1133 2915; x_wconf 87' lang='lat' dir='ltr'>contenta,</span> <span class='ocrx_word' id='word_1_457' title='bbox 1153 2859 1225 2922; x_wconf 88' lang='lat' dir='ltr'>quae</span> <span class='ocrx_word' id='word_1_458' title='bbox 1246 2843 1289 2904; x_wconf 91' lang='lat' dir='ltr'>ab</span> <span class='ocrx_word' id='word_1_459' title='bbox 1313 2843 1443 2919; x_wconf 81' lang='lat' dir='ltr'>origine</span> <span class='ocrx_word' id='word_1_460' title='bbox 1463 2843 1590 2906; x_wconf 91' lang='lat' dir='ltr'>ordinis</span> <span class='ocrx_word' id='word_1_461' title='bbox 1613 2845 1765 2906; x_wconf 89' lang='lat' dir='ltr'>noscitur</span> 
     </span>
     <span class='ocr_line' id='line_1_83' title="bbox 968 2939 1762 3018; baseline 0 -16"><span class='ocrx_word' id='word_1_462' title='bbox 968 2941 1129 3014; x_wconf 91' lang='grc'><strong>103111013,</strong></span> <span class='ocrx_word' id='word_1_463' title='bbox 1147 2941 1183 3004; x_wconf 89' lang='grc'>01</span> <span class='ocrx_word' id='word_1_464' title='bbox 1197 2939 1324 3002; x_wconf 88' lang='grc'><strong>30111001</strong></span> <span class='ocrx_word' id='word_1_465' title='bbox 1341 2940 1477 3003; x_wconf 84' lang='lat' dir='ltr'>abbates</span> <span class='ocrx_word' id='word_1_466' title='bbox 1499 2942 1575 3018; x_wconf 85' lang='lat' dir='ltr'>ipsi,</span> <span class='ocrx_word' id='word_1_467' title='bbox 1589 2942 1683 3002; x_wconf 84' lang='lat' dir='ltr'>salvo</span> <span class='ocrx_word' id='word_1_468' title='bbox 1701 2957 1762 3003; x_wconf 94' lang='lat' dir='ltr'>or-</span> 
     </span>
     <span class='ocr_line' id='line_1_84' title="bbox 968 3037 1765 3116; baseline 0 -16"><span class='ocrx_word' id='word_1_469' title='bbox 968 3039 1044 3100; x_wconf 87' lang='lat' dir='ltr'>dine</span> <span class='ocrx_word' id='word_1_470' title='bbox 1059 3055 1119 3100; x_wconf 89' lang='lat' dir='ltr'>suo</span> <span class='ocrx_word' id='word_1_471' title='bbox 1134 3037 1283 3116; x_wconf 85' lang='lat' dir='ltr'>profiteri</span> <span class='ocrx_word' id='word_1_472' title='bbox 1298 3037 1450 3111; x_wconf 89' lang='lat' dir='ltr'>debeant,</span> <span class='ocrx_word' id='word_1_473' title='bbox 1465 3040 1498 3101; x_wconf 90' lang='lat' dir='ltr'>et</span> <span class='ocrx_word' id='word_1_474' title='bbox 1512 3041 1628 3101; x_wconf 90' lang='lat' dir='ltr'>contra</span> <span class='ocrx_word' id='word_1_475' title='bbox 1641 3039 1765 3100; x_wconf 90' lang='lat' dir='ltr'>statuta</span> 
     </span>
     <span class='ocr_line' id='line_1_85' title="bbox 968 3133 1765 3212; baseline -0.001 -15"><span class='ocrx_word' id='word_1_476' title='bbox 968 3135 1095 3197; x_wconf 90' lang='lat' dir='ltr'>ordinis</span> <span class='ocrx_word' id='word_1_477' title='bbox 1130 3135 1182 3197; x_wconf 90' lang='lat' dir='ltr'>sui</span> <span class='ocrx_word' id='word_1_478' title='bbox 1218 3133 1343 3198; x_wconf 88' lang='lat' dir='ltr'>nullam</span> <span class='ocrx_word' id='word_1_479' title='bbox 1379 3134 1618 3212; x_wconf 85' lang='lat' dir='ltr'>professionem</span> <span class='ocrx_word' id='word_1_480' title='bbox 1654 3135 1765 3196; x_wconf 87' lang='lat' dir='ltr'>facere</span> 
     </span>
     <span class='ocr_line' id='line_1_86' title="bbox 968 3232 1767 3312; baseline 0 -17"><span class='ocrx_word' id='word_1_481' title='bbox 968 3233 1220 3312; x_wconf 89' lang='lat' dir='ltr'>compellantur.</span> <span class='ocrx_word' id='word_1_482' title='bbox 1256 3234 1322 3294; x_wconf 91' lang='lat' dir='ltr'>Pro</span> <span class='ocrx_word' id='word_1_483' title='bbox 1351 3232 1658 3294; x_wconf 88' lang='lat' dir='ltr'>consecrationibus</span> <span class='ocrx_word' id='word_1_484' title='bbox 1685 3248 1767 3295; x_wconf 82' lang='lat' dir='ltr'>raro</span> 
     </span>
     <span class='ocr_line' id='line_1_87' title="bbox 968 3330 1765 3408; baseline -0.003 -14"><span class='ocrx_word' id='word_1_485' title='bbox 968 3331 1125 3394; x_wconf 85' lang='lat' dir='ltr'>altarium</span> <span class='ocrx_word' id='word_1_486' title='bbox 1152 3331 1205 3394; x_wconf 84' lang='lat' dir='ltr'>vel</span> <span class='ocrx_word' id='word_1_487' title='bbox 1230 3330 1464 3403; x_wconf 88' lang='lat' dir='ltr'>ecclesiarum,</span> <span class='ocrx_word' id='word_1_488' title='bbox 1495 3331 1566 3392; x_wconf 83' lang='lat' dir='ltr'>sive</span> <span class='ocrx_word' id='word_1_489' title='bbox 1598 3347 1657 3408; x_wconf 90' lang='lat' dir='ltr'>pro</span> <span class='ocrx_word' id='word_1_490' title='bbox 1690 3331 1765 3392; x_wconf 90' lang='lat' dir='ltr'>oleo</span> 
     </span>
     <span class='ocr_line' id='line_1_88' title="bbox 969 3426 1765 3506; baseline -0.001 -16"><span class='ocrx_word' id='word_1_491' title='bbox 969 3429 1083 3490; x_wconf 87' lang='lat' dir='ltr'>sancto</span> <span class='ocrx_word' id='word_1_492' title='bbox 1097 3428 1131 3490; x_wconf 90' lang='lat' dir='ltr'>et</span> <span class='ocrx_word' id='word_1_493' title='bbox 1144 3427 1293 3506; x_wconf 87' lang='lat' dir='ltr'>quolibet</span> <span class='ocrx_word' id='word_1_494' title='bbox 1312 3426 1380 3488; x_wconf 92' lang='lat' dir='ltr'>alio</span> <span class='ocrx_word' id='word_1_495' title='bbox 1405 3427 1631 3490; x_wconf 89' lang='lat' dir='ltr'>ecclesiastico</span> <span class='ocrx_word' id='word_1_496' title='bbox 1647 3443 1765 3489; x_wconf 90' lang='lat' dir='ltr'>sacra-</span> 
     </span>
     <span class='ocr_line' id='line_1_89' title="bbox 968 3524 1766 3589; baseline -0.003 -1"><span class='ocrx_word' id='word_1_497' title='bbox 968 3527 1079 3589; x_wconf 89' lang='lat' dir='ltr'>mento</span> <span class='ocrx_word' id='word_1_498' title='bbox 1094 3525 1205 3588; x_wconf 88' lang='lat' dir='ltr'>nullus</span> <span class='ocrx_word' id='word_1_499' title='bbox 1220 3542 1240 3587; x_wconf 90' lang='lat' dir='ltr'>a</span> <span class='ocrx_word' id='word_1_500' title='bbox 1254 3525 1348 3589; x_wconf 83' lang='lat' dir='ltr'>vobis</span> <span class='ocrx_word' id='word_1_501' title='bbox 1362 3524 1423 3588; x_wconf 88' lang='lat' dir='ltr'>sub</span> <span class='ocrx_word' id='word_1_502' title='bbox 1438 3524 1574 3588; x_wconf 90' lang='lat' dir='ltr'>obtentu</span> <span class='ocrx_word' id='word_1_503' title='bbox 1586 3527 1766 3588; x_wconf 87' lang='lat' dir='ltr'>consuetu-</span> 
     </span>
     <span class='ocr_line' id='line_1_90' title="bbox 968 3622 1763 3701; baseline -0.001 -16"><span class='ocrx_word' id='word_1_504' title='bbox 968 3624 1067 3696; x_wconf 93' lang='lat' dir='ltr'>dinis,</span> <span class='ocrx_word' id='word_1_505' title='bbox 1083 3624 1135 3686; x_wconf 82' lang='lat' dir='ltr'>vel</span> <span class='ocrx_word' id='word_1_506' title='bbox 1151 3624 1218 3684; x_wconf 89' lang='grc'><strong>3110</strong></span> <span class='ocrx_word' id='word_1_507' title='bbox 1233 3622 1381 3701; x_wconf 86' lang='grc'><strong>00011101</strong></span> <span class='ocrx_word' id='word_1_508' title='bbox 1395 3623 1491 3684; x_wconf 89' lang='lat' dir='ltr'>modo</span> <span class='ocrx_word' id='word_1_509' title='bbox 1504 3622 1684 3700; x_wconf 89' lang='lat' dir='ltr'>quidquam</span> <span class='ocrx_word' id='word_1_510' title='bbox 1699 3639 1763 3684; x_wconf 91' lang='lat' dir='ltr'>au·</span> 
     </span>
     <span class='ocr_line' id='line_1_91' title="bbox 968 3719 1765 3799; baseline 0 -16"><span class='ocrx_word' id='word_1_511' title='bbox 968 3721 1045 3784; x_wconf 88' lang='grc'><strong>1031</strong></span> <span class='ocrx_word' id='word_1_512' title='bbox 1053 3724 1267 3799; x_wconf 68' lang='grc' dir='ltr'><strong>031000000ος</strong></span> <span class='ocrx_word' id='word_1_513' title='bbox 1278 3720 1334 3782; x_wconf 90' lang='grc'>331</span> <span class='ocrx_word' id='word_1_514' title='bbox 1346 3720 1418 3782; x_wconf 85' lang='lat' dir='ltr'>haec</span> <span class='ocrx_word' id='word_1_515' title='bbox 1431 3720 1542 3782; x_wconf 91' lang='lat' dir='ltr'>omnia</span> <span class='ocrx_word' id='word_1_516' title='bbox 1552 3721 1656 3796; x_wconf 77' lang='lat' dir='ltr'>gratis</span> <span class='ocrx_word' id='word_1_517' title='bbox 1668 3719 1765 3784; x_wconf 81' lang='lat' dir='ltr'>vobis</span> 
     </span>
     <span class='ocr_line' id='line_1_92' title="bbox 968 3817 1764 3896; baseline -0.003 -16"><span class='ocrx_word' id='word_1_518' title='bbox 968 3821 1142 3896; x_wconf 91' lang='lat' dir='ltr'>episcopus</span> <span class='ocrx_word' id='word_1_519' title='bbox 1171 3817 1380 3880; x_wconf 88' lang='lat' dir='ltr'>dioecesanus</span> <span class='ocrx_word' id='word_1_520' title='bbox 1409 3818 1588 3896; x_wconf 88' lang='lat' dir='ltr'>impendat,</span> <span class='ocrx_word' id='word_1_521' title='bbox 1615 3817 1764 3896; x_wconf 85' lang='lat' dir='ltr'>alioquin</span> 
     </span>
     <span class='ocr_line' id='line_1_93' title="bbox 968 3914 1774 3993; baseline -0.004 -15"><span class='ocrx_word' id='word_1_522' title='bbox 968 3917 1069 3979; x_wconf 89' lang='lat' dir='ltr'>liceat</span> <span class='ocrx_word' id='word_1_523' title='bbox 1089 3915 1186 3977; x_wconf 81' lang='lat' dir='ltr'>vobis</span> <span class='ocrx_word' id='word_1_524' title='bbox 1206 3929 1445 3993; x_wconf 86' lang='lat' dir='ltr'>quemcumque</span> <span class='ocrx_word' id='word_1_525' title='bbox 1467 3914 1652 3976; x_wconf 89' lang='lat' dir='ltr'>malueritis</span> <span class='ocrx_word' id='word_1_526' title='bbox 1671 3914 1774 3976; x_wconf 45' lang='lat' dir='ltr'>adire*</span> 
     </span>
     <span class='ocr_line' id='line_1_94' title="bbox 968 4010 1766 4089; baseline -0.005 -13"><span class='ocrx_word' id='word_1_527' title='bbox 968 4010 1160 4084; x_wconf 89' lang='lat' dir='ltr'>antistitem,</span> <span class='ocrx_word' id='word_1_528' title='bbox 1181 4012 1323 4088; x_wconf 83' lang='lat' dir='ltr'>gratiam</span> <span class='ocrx_word' id='word_1_529' title='bbox 1336 4013 1370 4074; x_wconf 91' lang='lat' dir='ltr'>et</span> <span class='ocrx_word' id='word_1_530' title='bbox 1386 4011 1651 4075; x_wconf 90' lang='lat' dir='ltr'>communionem</span> <span class='ocrx_word' id='word_1_531' title='bbox 1664 4013 1766 4089; x_wconf 83' lang='lat' dir='ltr'>Apos-</span> 
     </span>
     <span class='ocr_line' id='line_1_95' title="bbox 967 4108 1764 4192; baseline -0.004 -19"><span class='ocrx_word' id='word_1_532' title='bbox 967 4111 1077 4173; x_wconf 86' lang='lat' dir='ltr'>tolicae</span> <span class='ocrx_word' id='word_1_533' title='bbox 1105 4109 1200 4172; x_wconf 86' lang='lat' dir='ltr'>Sedis</span> <span class='ocrx_word' id='word_1_534' title='bbox 1223 4108 1410 4182; x_wconf 89' lang='lat' dir='ltr'>habentem,</span> <span class='ocrx_word' id='word_1_535' title='bbox 1439 4108 1496 4186; x_wconf 90' lang='grc'>001</span> <span class='ocrx_word' id='word_1_536' title='bbox 1520 4110 1633 4170; x_wconf 86' lang='lat' dir='ltr'>nostre</span> <span class='ocrx_word' id='word_1_537' title='bbox 1659 4108 1764 4192; x_wconf 80' lang='lat' dir='ltr'>fretus</span> 
     </span>
     <span class='ocr_line' id='line_1_96' title="bbox 967 4205 1764 4286; baseline -0.004 -16"><span class='ocrx_word' id='word_1_538' title='bbox 967 4209 1167 4271; x_wconf 90' lang='lat' dir='ltr'>auctoritate</span> <span class='ocrx_word' id='word_1_539' title='bbox 1187 4206 1292 4281; x_wconf 92' lang='lat' dir='ltr'>nobis,</span> <span class='ocrx_word' id='word_1_540' title='bbox 1310 4207 1396 4286; x_wconf 88' lang='lat' dir='ltr'>quod</span> <span class='ocrx_word' id='word_1_541' title='bbox 1417 4205 1613 4285; x_wconf 90' lang='lat' dir='ltr'>postulatur,</span> <span class='ocrx_word' id='word_1_542' title='bbox 1631 4207 1764 4284; x_wconf 92' lang='lat' dir='ltr'>impen-</span> 
     </span>
     <span class='ocr_line' id='line_1_97' title="bbox 969 4302 1764 4382; baseline -0.006 -13"><span class='ocrx_word' id='word_1_543' title='bbox 969 4307 1035 4369; x_wconf 92' lang='lat' dir='ltr'>dat.</span> <span class='ocrx_word' id='word_1_544' title='bbox 1050 4305 1141 4378; x_wconf 91' lang='lat' dir='ltr'>Quod</span> <span class='ocrx_word' id='word_1_545' title='bbox 1158 4307 1186 4366; x_wconf 90' lang='lat' dir='ltr'>si</span> <span class='ocrx_word' id='word_1_546' title='bbox 1202 4305 1297 4368; x_wconf 90' lang='lat' dir='ltr'>sedes</span> <span class='ocrx_word' id='word_1_547' title='bbox 1320 4304 1501 4370; x_wconf 86' lang='lat' dir='ltr'>dioecesani</span> <span class='ocrx_word' id='word_1_548' title='bbox 1516 4304 1663 4382; x_wconf 91' lang='lat' dir='ltr'>episcopi</span> <span class='ocrx_word' id='word_1_549' title='bbox 1679 4302 1764 4366; x_wconf 90' lang='lat' dir='ltr'>forte</span> 
     </span>
     <span class='ocr_line' id='line_1_98' title="bbox 968 4401 1763 4482; baseline -0.009 -14"><span class='ocrx_word' id='word_1_550' title='bbox 968 4405 1149 4482; x_wconf 79' lang='lat' dir='ltr'>vacaverit,</span> <span class='ocrx_word' id='word_1_551' title='bbox 1166 4403 1299 4466; x_wconf 89' lang='lat' dir='ltr'>interim</span> <span class='ocrx_word' id='word_1_552' title='bbox 1321 4403 1433 4464; x_wconf 89' lang='lat' dir='ltr'>omnia</span> <span class='ocrx_word' id='word_1_553' title='bbox 1457 4401 1685 4463; x_wconf 85' lang='lat' dir='ltr'>ecclesiastica</span> <span class='ocrx_word' id='word_1_554' title='bbox 1704 4416 1763 4461; x_wconf 89' lang='lat' dir='ltr'>sa-</span> 
     </span>
     <span class='ocr_line' id='line_1_99' title="bbox 968 4487 1807 4577; baseline -0.005 -13"><span class='ocrx_word' id='word_1_555' title='bbox 968 4504 1139 4565; x_wconf 87' lang='lat' dir='ltr'>cramenta</span> <span class='ocrx_word' id='word_1_556' title='bbox 1153 4517 1173 4562; x_wconf 89' lang='lat' dir='ltr'>a</span> <span class='ocrx_word' id='word_1_557' title='bbox 1186 4500 1307 4562; x_wconf 84' lang='lat' dir='ltr'>vicinis</span> <span class='ocrx_word' id='word_1_558' title='bbox 1322 4499 1485 4577; x_wconf 90' lang='lat' dir='ltr'>episcopis</span> <span class='ocrx_word' id='word_1_559' title='bbox 1498 4499 1649 4576; x_wconf 86' lang='lat' dir='ltr'>accipere</span> <span class='ocrx_word' id='word_1_560' title='bbox 1662 4497 1766 4560; x_wconf 88' lang='lat' dir='ltr'>libore</span> <span class='ocrx_word' id='word_1_561' title='bbox 1801 4487 1807 4494; x_wconf 69' lang='grc'><em>’</em></span> 
     </span>
     <span class='ocr_line' id='line_1_100' title="bbox 969 4596 1763 4677; baseline -0.01 -13"><span class='ocrx_word' id='word_1_562' title='bbox 969 4603 1002 4664; x_wconf 87' lang='grc'>31</span> <span class='ocrx_word' id='word_1_563' title='bbox 1015 4600 1140 4677; x_wconf 84' lang='lat' dir='ltr'>absque</span> <span class='ocrx_word' id='word_1_564' title='bbox 1155 4597 1416 4660; x_wconf 88' lang='lat' dir='ltr'>contradictione</span> <span class='ocrx_word' id='word_1_565' title='bbox 1429 4596 1575 4674; x_wconf 90' lang='lat' dir='ltr'>possitis,</span> <span class='ocrx_word' id='word_1_566' title='bbox 1592 4596 1641 4658; x_wconf 87' lang='lat' dir='ltr'>sio</span> <span class='ocrx_word' id='word_1_567' title='bbox 1652 4597 1763 4658; x_wconf 88' lang='lat' dir='ltr'>tamen</span> 
     </span>
     <span class='ocr_line' id='line_1_101' title="bbox 969 4694 1765 4773; baseline -0.003 -15"><span class='ocrx_word' id='word_1_568' title='bbox 969 4699 1005 4760; x_wconf 90' lang='lat' dir='ltr'>ut</span> <span class='ocrx_word' id='word_1_569' title='bbox 1028 4714 1070 4760; x_wconf 86' lang='lat' dir='ltr'>ex</span> <span class='ocrx_word' id='word_1_570' title='bbox 1093 4696 1156 4758; x_wconf 92' lang='lat' dir='ltr'>hoc</span> <span class='ocrx_word' id='word_1_571' title='bbox 1179 4696 1215 4758; x_wconf 96' lang='lat' dir='ltr'>in</span> <span class='ocrx_word' id='word_1_572' title='bbox 1237 4697 1404 4773; x_wconf 87' lang='lat' dir='ltr'>posterum</span> <span class='ocrx_word' id='word_1_573' title='bbox 1429 4695 1573 4772; x_wconf 90' lang='lat' dir='ltr'>propriis</span> <span class='ocrx_word' id='word_1_574' title='bbox 1599 4694 1765 4771; x_wconf 89' lang='lat' dir='ltr'>episcopis</span> 
     </span>
     <span class='ocr_line' id='line_1_102' title="bbox 969 4791 1765 4871; baseline -0.005 -15"><span class='ocrx_word' id='word_1_575' title='bbox 969 4795 1097 4856; x_wconf 92' lang='lat' dir='ltr'>nullum</span> <span class='ocrx_word' id='word_1_576' title='bbox 1115 4792 1345 4871; x_wconf 83' lang='lat' dir='ltr'>praejudicium</span> <span class='ocrx_word' id='word_1_577' title='bbox 1368 4793 1558 4868; x_wconf 79' lang='lat' dir='ltr'>generetur,</span> <span class='ocrx_word' id='word_1_578' title='bbox 1579 4791 1658 4868; x_wconf 90' lang='grc'><strong>0013</strong></span> <span class='ocrx_word' id='word_1_579' title='bbox 1683 4807 1765 4853; x_wconf 85' lang='lat' dir='ltr'>vero</span> 
     </span>
     <span class='ocr_line' id='line_1_103' title="bbox 969 4889 1764 4968; baseline -0.005 -14"><span class='ocrx_word' id='word_1_580' title='bbox 969 4893 1133 4954; x_wconf 91' lang='lat' dir='ltr'>interdum</span> <span class='ocrx_word' id='word_1_581' title='bbox 1153 4889 1363 4968; x_wconf 90' lang='lat' dir='ltr'>propriorum</span> <span class='ocrx_word' id='word_1_582' title='bbox 1384 4889 1614 4967; x_wconf 88' lang='lat' dir='ltr'>episcoporum</span> <span class='ocrx_word' id='word_1_583' title='bbox 1634 4889 1764 4967; x_wconf 87' lang='lat' dir='ltr'>copiam</span> 
     </span>
     <span class='ocr_line' id='line_1_104' title="bbox 969 4987 1766 5066; baseline -0.004 -15"><span class='ocrx_word' id='word_1_584' title='bbox 969 5007 1036 5052; x_wconf 92' lang='lat' dir='ltr'>non</span> <span class='ocrx_word' id='word_1_585' title='bbox 1059 4989 1200 5061; x_wconf 81' lang='lat' dir='ltr'>hebetia,</span> <span class='ocrx_word' id='word_1_586' title='bbox 1224 4989 1253 5048; x_wconf 91' lang='lat' dir='ltr'>si</span> <span class='ocrx_word' id='word_1_587' title='bbox 1277 5004 1374 5066; x_wconf 86' lang='lat' dir='ltr'>quem</span> <span class='ocrx_word' id='word_1_588' title='bbox 1396 4987 1587 5064; x_wconf 89' lang='lat' dir='ltr'>episcopum</span> <span class='ocrx_word' id='word_1_589' title='bbox 1608 4989 1766 5048; x_wconf 83' lang='lat' dir='ltr'>Romanae</span> 
     </span>
     <span class='ocr_line' id='line_1_105' title="bbox 970 5085 1764 5163; baseline -0.008 -13"><span class='ocrx_word' id='word_1_590' title='bbox 970 5088 1076 5158; x_wconf 83' lang='lat' dir='ltr'>Sedis,</span> <span class='ocrx_word' id='word_1_591' title='bbox 1084 5089 1120 5150; x_wconf 94' lang='lat' dir='ltr'>ut</span> <span class='ocrx_word' id='word_1_592' title='bbox 1130 5086 1285 5156; x_wconf 82' lang='lat' dir='ltr'>diximus,</span> <span class='ocrx_word' id='word_1_593' title='bbox 1298 5085 1440 5163; x_wconf 82' lang='lat' dir='ltr'>gratiam</span> <span class='ocrx_word' id='word_1_594' title='bbox 1453 5087 1487 5148; x_wconf 88' lang='lat' dir='ltr'>et</span> <span class='ocrx_word' id='word_1_595' title='bbox 1498 5085 1764 5148; x_wconf 90' lang='lat' dir='ltr'>communionem</span> 
     </span>
     <span class='ocr_line' id='line_1_106' title="bbox 969 5181 1767 5261; baseline -0.008 -14"><span class='ocrx_word' id='word_1_596' title='bbox 969 5185 1157 5258; x_wconf 89' lang='lat' dir='ltr'>habentem,</span> <span class='ocrx_word' id='word_1_597' title='bbox 1181 5184 1271 5246; x_wconf 90' lang='lat' dir='ltr'>etde</span> <span class='ocrx_word' id='word_1_598' title='bbox 1291 5199 1356 5261; x_wconf 92' lang='grc'>000</span> <span class='ocrx_word' id='word_1_599' title='bbox 1380 5183 1511 5260; x_wconf 89' lang='lat' dir='ltr'>plenam</span> <span class='ocrx_word' id='word_1_600' title='bbox 1532 5181 1684 5243; x_wconf 87' lang='lat' dir='ltr'>notitiam</span> <span class='ocrx_word' id='word_1_601' title='bbox 1700 5181 1767 5242; x_wconf 93' lang='lat' dir='ltr'>ha-</span> 
     </span>
     <span class='ocr_line' id='line_1_107' title="bbox 969 5278 1768 5360; baseline -0.009 -14"><span class='ocrx_word' id='word_1_602' title='bbox 969 5285 1075 5346; x_wconf 88' lang='lat' dir='ltr'>beatis</span> <span class='ocrx_word' id='word_1_603' title='bbox 1104 5298 1164 5360; x_wconf 87' lang='lat' dir='ltr'>per</span> <span class='ocrx_word' id='word_1_604' title='bbox 1187 5298 1247 5343; x_wconf 86' lang='lat' dir='ltr'>vos</span> <span class='ocrx_word' id='word_1_605' title='bbox 1274 5281 1421 5343; x_wconf 89' lang='lat' dir='ltr'>transire</span> <span class='ocrx_word' id='word_1_606' title='bbox 1447 5279 1636 5355; x_wconf 77' lang='lat' dir='ltr'>contigerit,</span> <span class='ocrx_word' id='word_1_607' title='bbox 1662 5278 1703 5339; x_wconf 88' lang='lat' dir='ltr'>ab</span> <span class='ocrx_word' id='word_1_608' title='bbox 1727 5295 1768 5340; x_wconf 93' lang='lat' dir='ltr'>eo</span> 
     </span>
     <span class='ocr_line' id='line_1_108' title="bbox 968 5377 1767 5450; baseline -0.006 -7"><span class='ocrx_word' id='word_1_609' title='bbox 968 5380 1210 5444; x_wconf 87' lang='lat' dir='ltr'>benedictionis</span> <span class='ocrx_word' id='word_1_610' title='bbox 1247 5394 1417 5450; x_wconf 88' lang='lat' dir='ltr'>vasorum,</span> <span class='ocrx_word' id='word_1_611' title='bbox 1444 5378 1477 5439; x_wconf 92' lang='lat' dir='ltr'>et</span> <span class='ocrx_word' id='word_1_612' title='bbox 1500 5377 1653 5448; x_wconf 89' lang='lat' dir='ltr'>vestium,</span> <span class='ocrx_word' id='word_1_613' title='bbox 1684 5392 1767 5438; x_wconf 87' lang='lat' dir='ltr'>con-</span> 
     </span>
     <span class='ocr_line' id='line_1_109' title="bbox 969 5475 1766 5549; baseline -0.009 -7"><span class='ocrx_word' id='word_1_614' title='bbox 969 5481 1174 5542; x_wconf 87' lang='lat' dir='ltr'>secrationes</span> <span class='ocrx_word' id='word_1_615' title='bbox 1196 5477 1365 5549; x_wconf 87' lang='lat' dir='ltr'>altarium,</span> <span class='ocrx_word' id='word_1_616' title='bbox 1392 5475 1621 5537; x_wconf 91' lang='lat' dir='ltr'>ordinationes</span> <span class='ocrx_word' id='word_1_617' title='bbox 1645 5489 1766 5536; x_wconf 88' lang='lat' dir='ltr'>mona-</span> 
     </span>
     <span class='ocr_line' id='line_1_110' title="bbox 968 5571 1770 5650; baseline -0.01 -10"><span class='ocrx_word' id='word_1_618' title='bbox 968 5579 1119 5645; x_wconf 91' lang='lat' dir='ltr'>chorum,</span> <span class='ocrx_word' id='word_1_619' title='bbox 1133 5575 1334 5637; x_wconf 88' lang='lat' dir='ltr'>auctoritate</span> <span class='ocrx_word' id='word_1_620' title='bbox 1349 5572 1547 5650; x_wconf 84' lang='lat' dir='ltr'>Apostolicae</span> <span class='ocrx_word' id='word_1_621' title='bbox 1562 5572 1658 5634; x_wconf 89' lang='lat' dir='ltr'>Sedis</span> <span class='ocrx_word' id='word_1_622' title='bbox 1681 5571 1770 5632; x_wconf 82' lang='lat' dir='ltr'>reci-</span> 
     </span>
     <span class='ocr_line' id='line_1_111' title="bbox 969 5673 1195 5753; baseline -0.018 -17"><span class='ocrx_word' id='word_1_623' title='bbox 969 5691 1046 5753; x_wconf 88' lang='lat' dir='ltr'>pere</span> <span class='ocrx_word' id='word_1_624' title='bbox 1062 5673 1195 5736; x_wconf 80' lang='lat' dir='ltr'>ruistis.</span> 
     </span>
    </p>
   </div>
   <div class='ocr_carea' id='block_1_6' title="bbox 0 0 2054 6306">
    <p class='ocr_par' dir='ltr' id='par_1_9' title="bbox 0 0 2054 6306">
     <span class='ocr_line' id='line_1_112' title="bbox 0 0 2054 6306; baseline 0 0"><span class='ocrx_word' id='word_1_625' title='bbox 0 0 2054 6306; x_wconf 95' lang='lat' dir='ltr'> </span> 
     </span>
    </p>
   </div>
  </div>
 </body>
</html>
