3952 6350
55 319 105 379 665

667 316 895 378 nrrsrohAE.
920 317 997 377 LlB.
1021 319 1059 379 V.

1615 323 1676 384 666

54 472 315 536 11666661666666
330 473 634 551 Hierosolymitani,
646 473 830 536 salutemet
884 445 958 535 rum
974 475 1063 538 Petri
1077 477 1109 538 66
1121 476 1216 559 Pauli
1230 478 1454 554 apostolorum
1469 483 1540 556 ejus
1558 496 1593 542 se
1610 497 1676 543 no-

884 573 971 634 verit
985 573 1208 634 incursurum.
1224 576 1341 635 Datum
1357 577 1523 649 Laterani,
1538 579 1596 640 XV
1607 578 1674 641 kal.

885 668 1057 742 februarii,
1075 670 1285 746 pontificatus
1300 673 1406 733 nostri
1421 689 1508 734 anno
1522 675 1648 751 quinte.

54 570 253 649 apostolicam
266 571 541 634 benedictionem.

87 669 236 740 Quotiens
257 683 276 727 a
298 667 394 734 nohis
410 667 542 744 petitur,
566 668 652 744 6666
676 659 830 744 religioni

54 766 81 828 et
103 764 262 826 honestati
284 765 464 827 convenire
487 764 702 840 dignoscitur,
720 765 831 826 animo

55 879 105 922 nos
131 861 223 922 decet
247 861 363 922 libenti
388 861 568 922 concedere
593 863 627 922 et
650 861 831 938 petentium

54 957 212 1020 desideriis
233 973 415 1033 congruum
437 959 632 1033 suffragium
655 958 828 1034 impertiri.

54 1053 230 1130 Eapropter,
255 1053 367 1116 dilecti
388 1054 423 1112 in
448 1046 587 1136 Domino
615 1051 686 1120 11111,
712 1052 832 1114 6666616

52 1151 137 1228 justis
152 1149 427 1225 postulationibus
443 1149 622 1210 clementer
640 1150 830 1220 annuimus,

55 1249 81 1308 et
95 1247 220 1306 domum
234 1246 390 1318 vestram,
408 1247 443 1306 in
458 1261 522 1322 qua
537 1246 617 1308 estis
630 1245 670 1306 66
686 1245 834 1306 661166-

55 1343 117 1403 dem
130 1344 162 1404 66
170 1343 312 1418 gloriam
323 1345 355 1404 et
370 1342 595 1404 defensionem
607 1357 741 1404 suorum
756 1340 833 1402 1166

55 1441 124 1500 bum
140 1441 171 1502 et
191 1439 398 1500 liberandam
419 1439 478 1501 Dei
493 1439 674 1500 Ecclesiam
694 1453 834 1513 congre-

55 1538 124 1612 gati,
140 1553 211 1598 cum
234 1536 387 1597 omnibus
405 1535 669 1614 possessionibus
687 1537 720 1597 et
738 1534 833 1596 bonis

55 1635 125 1704 suis,
141 1650 213 1710 quae
229 1633 264 1694 in
280 1617 532 1710 praesentiarum
547 1632 693 1708 legitime
711 1632 834 1693 666666

55 1731 264 1806 cognoscitur,
290 1733 349 1792 666
376 1731 411 1790 16
440 1730 587 1794 futurum
620 1730 834 1791 concessione

56 1827 245 1903 pontificum,
272 1827 471 1888 liberalitate
491 1842 606 1902 regum
630 1827 682 1887 661
709 1825 836 1902 princi-

56 1940 131 1999 pum,
158 1922 327 1985 oblatione
356 1923 514 1994 fidelium,
545 1939 604 1984 seu
631 1923 706 1983 aliis
734 1921 834 1998 justis

55 2021 159 2092 nodis,
177 2021 358 2096 praestante
373 2021 524 2090 Domino,
546 2019 667 2096 poterit
682 2018 833 2094 adipisci,

55 2120 111 2178 tam
125 2119 215 2178 trans
230 2132 323 2178 marc
342 2131 440 2193 quam
456 2117 503 2176 cis
525 2132 629 2203 mare,
645 2114 739 2186 vobis
755 2131 836 2176 auce

56 2214 174 2275 toritate
194 2213 386 2289 Apostolica
406 2211 655 2283 confirmamus,
668 2215 704 2273 ut
717 2227 837 2288 perpe-

55 2311 111 2372 tuis
129 2310 249 2372 futuris
267 2309 472 2386 temporibus
488 2309 549 2370 sub
563 2309 760 2384 Apostolicae
776 2311 837 2368 Se-

56 2407 98 2466 dis
115 2407 214 2468 tutela
234 2408 269 2468 66
292 2407 495 2485 protectione
510 2406 702 2470 consistant.
719 2407 761 2466 Ut
775 2420 837 2465 au-

56 2505 110 2564 tem
132 2504 223 2565 66616
249 2503 290 2564 66
313 2519 427 2563 curam
449 2503 637 2564 animarum
652 2502 836 2563 vestrarum

56 2603 84 2662 et
107 2601 219 2664 salutis
246 2600 486 2678 plenitudinem
514 2600 598 2660 nihil
620 2599 717 2671 desit,
740 2599 838 2676 atque

57 2698 271 2759 ecclesiastica
298 2697 507 2758 sacramenta
533 2699 565 2757 et
591 2696 703 2758 616166
728 2695 837 2756 officia

58 2796 154 2856 666666
174 2810 273 2857 66666
293 2794 437 2869 collegio
458 2793 678 2855 exhibeantur
699 2808 839 2855 commo·

57 2891 130 2964 dius,
155 2892 345 2964 statuimus,
372 2892 408 2953 ut
433 2892 532 2952 liceat
554 2889 648 2952 vobis
681 2890 838 2950 honestos

56 2989 181 3050 clericos
212 2991 249 3050 et
279 2987 479 3060 sacerdotes,
511 2987 693 3048 secundum
722 2990 836 3058 Deum,

58 3089 201 3160 quantum
223 3085 268 3146 ad
285 3087 429 3147 vestram
447 3085 684 3146 conscientiam
703 3083 840 3144 ordina-

56 3183 107 3250 tos,
119 3183 347 3259 undecumque
362 3181 473 3244 advos
485 3183 657 3244 uenientes
670 3181 839 3258 suscipere

56 3280 153 3340 ettam
164 3281 198 3342 in
209 3279 390 3357 principali
401 3278 497 3340 domo
508 3281 619 3341 vestra
631 3294 728 3355 quam
739 3278 839 3340 etiarn

57 3375 297 3438 inobedientiis
320 3377 352 3438 et
373 3377 456 3437 locis
477 3375 541 3436 sibi
561 3374 701 3437 subditis
724 3375 839 3436 66616-

58 3487 120 3534 cum
134 3474 270 3545 habere,
286 3471 472 3545 dummodo,
487 3473 516 3532 si
532 3473 672 3534 aricino
688 3473 765 3545 sint,
782 3488 839 3534 eos

58 3584 74 3628 a
99 3571 238 3648 propriis
274 3571 441 3648 episcopis
476 3569 651 3646 expetatis,
674 3569 840 3646 iidemque

58 3667 207 3729 661116111
229 3667 432 3745 professioni
455 3667 508 3727 661
532 3665 641 3727 ordini
664 3667 840 3728 teneantur

59 3761 191 3826 obnoxii.
207 3765 374 3826 Praeterea
391 3764 475 3824 nulli
488 3779 639 3840 personae
650 3764 746 3824 extra
758 3778 839 3822 666-

58 3861 133 3922 trum
156 3861 338 3939 capitulum
363 3859 607 3936 sintsuhjecti,
625 3859 762 3937 tibique,
789 3859 841 3920 di-

59 3955 131 4018 lecte
145 3959 179 4019 in
196 3959 338 4019 Domino
356 3957 403 4018 fili
425 3958 594 4032 magister,
612 3957 744 4034 tuisque
759 3973 839 4017 suc-

59 4056 409 4132 cessoribus‚tanquam
420 4055 578 4130 magistro
588 4055 621 4114 66
631 4054 768 4131 praelato
780 4069 839 4116 suo

60 4149 207 4226 deferant,
221 4152 402 4214 secundum
418 4151 520 4212 vestri
535 4150 662 4212 ordinis
677 4150 838 4214 instituta.

61 4249 240 4326 Quicunque
259 4263 339 4310 vero
367 4249 402 4308 in
426 4247 616 4310 coemeterio
635 4249 744 4310 666166
772 4248 842 4308 ele·

59 4346 157 4416 gerini
178 4345 325 4424 sepeliri,
354 4345 395 4407 ad
420 4346 623 4422 sepulturam
645 4344 839 4421 recipiendi,

61 4439 208 4504 educendi
232 4444 266 4504 66
289 4442 484 4519 6666116661,
514 4441 578 4502 6161
605 4440 689 4504 16666
713 4457 842 4504 excom·

61 4539 206 4602 municati
220 4540 274 4602 661
298 4539 494 4600 nominatim
517 4538 641 4600 fuerint
661 4539 839 4611 interdicti,

62 4637 222 4698 autetiam
238 4635 362 4713 publici
380 4635 538 4707 usurarii,
555 4634 743 4698 facultatem
758 4636 843 4698 libe-

61 4743 123 4791 ram
145 4733 307 4804 habeatis,
325 4733 417 4792 66166
437 4732 548 4794 tamen
563 4733 693 4809 justitia
709 4733 841 4794 illarum

62 4829 278 4901 ecclesiarum,
299 4829 456 4906 aquibus
477 4831 681 4890 mortuorum
704 4845 842 4906 corpora

63 4928 276 4988 assumuntur.
307 4926 522 4987 Decernimus
559 4941 649 5002 ergo,
685 4927 721 4988 66
759 4927 841 4987 66111

63 5022 185 5083 666166
199 5021 370 5084 hominum
386 5021 485 5084 liceat
499 5021 587 5082 hanc
599 5023 755 5099 paginam
770 5038 844 5083 nos·

63 5115 115 5177 166
128 5111 385 5180 confirmationis
400 5119 433 5181 et
454 5118 698 5180 constitutionis
717 5117 842 5180 infrin-

64 5216 216 5284 general
239 5215 270 5276 ei
293 5231 377 5276 ausu
401 5215 578 5277 temerario
605 5217 780 5278 contraire.
809 5216 843 5277 Si

64 5309 128 5382 quis
157 5314 266 5373 autem
295 5312 358 5372 hoc
390 5313 556 5374 attentare
582 5314 842 5389 praesumpserit,

64 5401 312 5480 indignationem
336 5406 570 5484 omnipotentis
597 5407 655 5467 Dei
675 5407 708 5469 et
730 5406 846 5469 beato-

98 5541 134 5615 (i)
153 5543 322 5604 Redevance
334 5561 405 5618 pour
419 5545 579 5605 l’entretien
595 5544 646 5604 666
660 5544 799 5606 66666166.

1214 882 1350 970 CCVII

965 1016 1017 1074 Ad
1036 1016 1318 1090 archiepiscopos,
1335 1019 1517 1091 66666666,
1534 1020 1568 1080 et
1588 1064 1596 1079 .

1184 1127 1288 1201 6661.
1307 1130 1384 1188 66.

1069 1231 1277 1296 [simurr0‚1.0.,
1289 1235 1380 1298 pros,
1394 1236 1498 1300 1666]

888 1340 972 1399 Vetat
986 1337 1022 1395 66
1037 1337 1145 1396 ordinis
1164 1339 1331 1398 Theutonici
1349 1341 1433 1398 rebus
1452 1344 1621 1416 caucagium
1637 1344 1678 1418 (l)
1743 1345 1745 1350 '

923 1427 1022 1499 exigi;
1049 1425 1130 1498 16666
1152 1428 1271 1484 61661666
1296 1428 1477 1488 interdictum
1500 1431 1536 1488 oh
1560 1433 1680 1490 61616666

925 1512 1027 1572 fratres
1039 1516 1177 1572 emissum
1192 1513 1396 1588 despumantes
1410 1520 1564 1591 compesci.

929 1630 1095 1691 Honorius
1106 1632 1290 1708 episcopus,
1303 1648 1418 1694 servus
1429 1651 1599 1697 servorum
1608 1639 1678 1708 Dei,

889 1726 1134 1789 venerabilibus
1171 1728 1328 1790 fratribus
1363 1730 1621 1809 archiepiscopis
1650 1736 1684 1796 et

890 1823 1054 1904 episcopis
1070 1826 1103 1885 et
1117 1825 1245 1887 dilectis
1262 1825 1339 1886 filiis
1354 1826 1538 1901 abbatibus,
1555 1831 1681 1906 priori·

889 1921 961 1993 hus,
981 1922 1126 1994 decanis,
1148 1922 1393 1984 archidiaconis
1416 1927 1450 1985 et
1470 1925 1546 1986 aliis
1570 1927 1681 1988 ecole-

890 2019 1015 2079 siarum
1031 2019 1189 2095 praelatis,
1212 2019 1354 2096 666666
1376 2021 1495 2082 litterae
1512 2022 1585 2083 istae
1607 2039 1684 2099 per-

889 2115 1052 2187 venerint,
1069 2115 1209 2178 salutem
1232 2118 1265 2178 et
1286 2116 1501 2193 apostolicam
1524 2117 1682 2182 benedic-

892 2213 1025 2274 tionem.

931 2309 1117 2385 Religiosos
1129 2310 1230 2382 viros,
1241 2309 1360 2372 fratres
1373 2311 1553 2388 Hospitalis
1567 2311 1682 2376 domus

893 2407 1021 2467 Sanctae
1032 2407 1146 2468 Mariae
1159 2407 1438 2469 Theutonicorum
1448 2410 1685 2486 Hierosolymi-

890 2504 972 2576 tani‚
994 2519 1053 2580 pro
1075 2504 1237 2580 religione
1260 2507 1293 2567 et
1314 2505 1486 2568 honestato
1513 2522 1573 2568 666
1591 2507 1683 2569 tanto

892 2601 1088 2677 propensius
1104 2618 1124 2662 a
1137 2602 1358 2677 malignorum
1372 2603 1563 2664 incursibus
1577 2612 1686 2681 prote·

892 2713 971 2774 gere
985 2699 1138 2758 volumus
1150 2701 1182 2759 et
1196 2699 1294 2770 66661,
1310 2701 1433 2776 666616
1448 2701 1615 2776 puriorem
1631 2701 1685 2762 de·

892 2795 1059 2857 rollonem
1076 2797 1165 2856 circa
1181 2811 1242 2856 nos
1256 2799 1287 2858 et
1301 2797 1483 2857 Romanam
1500 2797 1684 2860 Ecclesiam

893 2891 1051 2952 exhibere
1080 2895 1273 2954 noscuntur.
1301 2893 1380 2954 Inde
1404 2893 1565 2971 6666666
1588 2894 1683 2958 vobis

893 3004 953 3066 per
964 2989 1153 3066 Apostolioa
1167 2991 1289 3066 scripta
1306 2991 1528 3066 praecipiendo
1545 2992 1686 3053 manda·

892 3101 976 3158 mus,
1001 3086 1163 3162 quatenus
1185 3087 1352 3147 universis
1377 3087 1588 3164 parochianis
1608 3103 1687 3150 666-

893 3183 954 3245 tris
970 3181 1030 3243 sub
1050 3181 1318 3244 interminatione
1336 3183 1556 3246 anathematis
1571 3185 1687 3263 prohi-

893 3280 972 3341 bere
996 3280 1130 3352 curetis,
1158 3295 1200 3340 ne
1226 3295 1246 3339 a
1273 3280 1420 3357 praefatis
1446 3280 1605 3342 fratribus
1632 3281 1686 3344 661

894 3393 1009 3438 eorum
1019 3375 1221 3448 hominibus,
1235 3375 1274 3436 66
1287 3376 1498 3446 victualibus,
1506 3379 1687 3440 vestimen-

893 3475 948 3546 616,
964 3473 1155 3551 pecudibus,
1171 3489 1230 3534 seu
1242 3472 1282 3534 de
1295 3474 1371 3534 aliis
1384 3472 1482 3535 rebus
1495 3475 1685 3536 eorumdem

895 3572 1033 3632 fratrum
1058 3569 1172 3631 usibus
1199 3571 1375 3646 deputatis,
1397 3573 1602 3648 caucagium,
1627 3588 1686 3634 seu

895 3667 1122 3744 aliquamlibet
1154 3667 1438 3738 consuetudinem,
1475 3669 1609 3744 exigere
1634 3669 1687 3730 vel

895 3767 1092 3840 extorquere
1105 3765 1317 3841 praesumant.
1331 3765 1366 3825 Si
1377 3765 1432 3841 qui
1446 3767 1556 3826 autem
1571 3767 1687 3827 contra

894 3860 1150 3938 prohibitionem
1172 3862 1319 3923 nostram
1331 3862 1447 3922 venire
1460 3875 1687 3939 6666666666-

894 3957 971 4028 6166,
990 3973 1081 4018 6666
1097 3957 1354 4034 praesumptione
1367 3972 1427 4017 sua
1444 3973 1510 4018 non
1526 3957 1688 4019 differatis

895 4070 954 4131 per
975 4053 1328 4115 excommunicationis
1360 4053 1559 4116 sententiam
1590 4070 1687 4116 coer·

895 4165 982 4218 cere,
1007 4149 1040 4210 et
1065 4149 1219 4210 interris
1241 4163 1368 4222 eorum,
1394 4149 1423 4210 si
1450 4165 1531 4227 quas
1554 4149 1686 4224 habent,

895 4246 1006 4308 omnia
1021 4245 1134 4307 616166
1155 4247 1276 4322 praeter
1290 4244 1452 4322 baptisma
1474 4247 1688 4323 parvulorum

895 4344 928 4404 et
940 4342 1152 4420 poenitentias
1168 4343 1379 4403 morientium
1393 4342 1595 4419 prohibeatis
1611 4343 1688 4405 offi-

896 4441 948 4503 cia
963 4439 1134 4501 celebrari.
1153 4439 1202 4500 Ad
1224 4439 1306 4511 666,
1324 4441 1412 4516 6616,
1430 4440 1516 4502 61666
1538 4440 1688 4517 praedicti

896 4537 1015 4598 fratres
1040 4537 1204 4608 asserunt,
1222 4536 1355 4613 quidam
1379 4537 1562 4614 presbyteri
1579 4538 1612 4599 et
1630 4538 1689 4600 6111

897 4635 1010 4698 6166161
1041 4637 1161 4696 vestrae
1190 4633 1435 4709 jurisdictionis
1466 4635 1501 4695 in
1538 4635 1690 4697 ecclesiis

897 4733 975 4802 illis,
990 4747 1063 4808 quae
1077 4745 1137 4807 pro
1150 4729 1344 4791 excessibus
1356 4730 1391 4791 in
1405 4730 1536 4791 domum
1550 4733 1691 4809 666616-

897 4830 1004 4890 torum
1031 4827 1171 4888 fratrum
1199 4826 1385 4888 commissis
1419 4827 1480 4888 sub
1502 4827 1690 4891 'interdicto

897 4925 1063 4996 tenentur,
1078 4923 1191 4985 divina
1207 4924 1376 4985 celebrare
1391 4930 1605 5001 praesumunt,
1621 4943 1689 4998 eos,

898 5021 928 5083 si
951 5036 1005 5083 res
1029 5021 1135 5082 16666
1158 5020 1269 5092 66666,
1291 5037 1310 5082 a
1333 5037 1401 5082 suae
1426 5024 1691 5099 praesumptionis

898 5119 1110 5203 6666616666
1125 5117 1353 5194 suspensionis
1370 5120 1402 5180 et
1419 5120 1690 5180 excommunica-

897 5215 999 5277 tionis
1012 5214 1210 5275 sententiam
1225 5215 1452 5291 compescatis.
1467 5215 1585 5276 hatum
1598 5218 1693 5278 Late·

898 5289 985 5380 rani,
1000 5313 1060 5372 XV
1076 5311 1142 5372 kal.
1165 5310 1336 5384 februarii,
1358 5309 1567 5389 pontificatus
1587 5313 1692 5374 nostri

899 5424 988 5470 anno
1004 5408 1131 5485 quinto.
