3962 6308
97 231 155 292 749
265 278 270 288 .
732 231 960 297 EPISTOLAE·
984 235 1062 296 LIB.
1085 235 1124 298 V.
1681 237 1742 303 750

96 389 167 454 sire
182 389 347 468 episcopi,
364 390 435 453 sire
450 389 589 452 alterius
602 389 716 454 clerici
731 392 788 456 aut
805 393 895 466 laici,
951 393 1143 472 sopiendam
1159 395 1329 464 subortam
1351 395 1493 467 fideliter
1512 395 1688 470 electuros,
1711 397 1745 458 et

94 504 155 550 rex
170 489 327 558 omniurn
339 489 590 566 possessionum
604 488 696 551 illius
711 489 895 554 custodiam
950 491 999 556 sic
1014 492 1100 568 quod
1123 491 1221 556 electi
1238 493 1410 561 duodecim
1428 491 1506 577 (stc)
1524 494 1671 571 praestito
1682 495 1742 570 ju-

94 585 263 678 obtinebit
278 608 287 650 ι
301 601 403 664 quare
419 584 654 649 decedentibus
664 586 824 662 Anglioie,
840 587 895 663 qui
950 589 1117 664 ramento,
1143 590 1228 671 quod
1257 591 1401 666 fideliter
1428 591 1603 666 veritatem
1627 590 1741 670 inqui.-

93 683 329 760 possessiones
339 683 555 746 ecclesiarum
571 685 604 746 et
613 683 810 756 clericorum
824 685 896 746 dic-
950 685 1024 748 rent
1049 688 1081 748 et
1101 687 1208 764 judici
1238 687 1397 758 reserant.¹
1422 689 1533 754 ludex
1562 685 1742 766 secundum

92 782 133 842 tae
152 781 343 858 provinciae
362 781 486 854 tenent,
505 796 572 846 non
592 781 634 842 ad
653 796 800 842 annuum
816 796 896 846 cen·
949 781 1057 849 relata
1074 783 1205 861 judicat
1228 787 1262 848 et
1285 785 1373 860 iacit,
1390 785 1532 850 lirmiter
1557 783 1739 861 observari,

93 893 178 953 suan,
196 879 289 940 sicut
309 877 580 959 archiepiscopus
596 878 727 956 asserit,
744 894 819 943 cum
834 895 895 940 ne·
950 878 1015 948 nisi
1029 878 1115 948 torte
1134 881 1175 948 ad
1190 881 1360 958 querelam
1380 882 1485 955 illius,
1511 881 1627 946 contra
1645 896 1741 959 quem

93 991 265 1054 quaquam
279 976 478 1052 temporales
500 975 717 1039 conductores
736 976 892 1048 existant,
945 975 1130 1052 judicatum
1150 979 1212 1053 est,
1226 994 1287 1059 per
1300 979 1420 1056 viginti
1438 979 1581 1056 quatuor
1597 977 1742 1060 aliorum

93 1070 154 1132 rite
169 1069 294 1134 ballivi
311 1072 400 1148 regis
414 1071 523 1147 ipsius
538 1070 768 1136 defunctorum
786 1071 895 1134 haere·
943 1075 1132 1150 juratorum
1147 1076 1397 1154 inquisitionem
1412 1076 1612 1141 contrariam
1624 1090 1743 1151 repro*

93 1168 148 1229 des
174 1184 256 1232 cum
284 1166 548 1245 possessionibus
567 1168 650 1246 ipsis
672 1169 839 1244 recipiunt
861 1169 894 1236 et
948 1170 1161 1234 beturzunde
1172 1173 1329 1236 statutum
1340 1173 1529 1252 hujusmodi
1540 1189 1578 1236 eo
1589 1171 1741 1250 personis

93 1265 300 1337 custodiunt,
329 1264 433 1328 donec
458 1266 654 1344 perveniant
682 1265 724 1328 ad
750 1265 890 1328 aetatem.
947 1270 1183 1333 ecclesiasticis
1193 1272 1325 1334 videtur
1335 1273 1476 1350 amplius
1489 1270 1659 1349 expedire,
1673 1285 1737 1347 quo

94 1362 346 1439 Subsequenter
365 1378 495 1443 quoque
510 1363 598 1424 idem
623 1363 892 1440 archiepiscopus
948 1367 1072 1430 arctius
1091 1368 1248 1432 tenentur
1268 1369 1344 1432 aliis
1358 1369 1523 1448 justitiam
1548 1367 1737 1430 observare.

92 1459 188 1522 nohis
212 1462 416 1538 (bonustosius
430 1460 551 1532 extitit,
568 1460 654 1537 quod
673 1477 772 1538 quum
785 1459 892 1520 felicis
946 1465 997 1536 Ne
1009 1464 1113 1541 igitur
1129 1467 1326 1544 saepedictus
1339 1482 1401 1530 res
1417 1464 1504 1531 inira
1527 1466 1657 1528 aetatem
1679 1479 1740 1541 po-

92 1557 340 1621 recordationis
356 1559 568 1626 Innocentius
584 1561 688 1635 Papa,
706 1557 893 1635 praedeces*
947 1561 1031 1622 situs
1043 1562 1165 1624 exinde
1178 1565 1389 1640 aggravetur,
1404 1579 1500 1641 quem
1511 1565 1666 1640 tanquam
1680 1558 1740 1622 sub

92 1670 145 1716 sor
171 1657 330 1718 noster...
353 1655 464 1720 abbati
492 1656 533 1720 de
555 1657 727 1733 Joripcnte
752 1671 793 1718 ac
818 1657 891 1732 ejus
947 1658 1086 1736 speciali
1099 1648 1299 1737 Apostolicae
1320 1661 1415 1724 Sedis
1430 1660 1634 1738 protectione
1649 1659 1741 1735 posi-

93 1751 235 1830 collegis
258 1753 329 1814 suis
350 1753 494 1822 dedisset
515 1753 635 1819 litteris
656 1754 691 1819 in
713 1751 891 1826 mandatis,
945 1756 1015 1817 tum
1030 1755 1186 1818 debemus
1202 1757 1244 1818 ab
1262 1758 1420 1820 oneribus
1435 1757 1595 1829 relevare,
1613 1756 1740 1817 discre-

93 1851 126 1911 ut
147 1851 385 1927 possessiones
407 1851 557 1914 ecclesiae
580 1867 661 1922 suae,
684 1849 848 1914 alienatas
872 1865 891 1910 a
945 1851 1029 1914 tioni
1043 1853 1110 1915 tuae
1123 1869 1183 1930 per
1194 1855 1383 1931 Apostolica
1397 1855 1520 1932 scripta
1531 1853 1736 1924 mandamus,

92 1947 397 2023 praedecessoribus
413 1948 482 2010 suis
498 1949 532 2008 in
547 1948 653 2036 ipsius
668 1947 817 2010 ecclesiae
832 1947 893 2006 lae·
947 1949 1109 2026 quatenus
1124 1951 1250 2012 vocatis
1267 1951 1473 2028 principibus
1492 1951 1670 2036 utriusque
1678 1965 1739 2022 ree

93 2045 236 2118 sionem,
263 2045 434 2110 studerent
453 2046 495 2114 ad
516 2048 572 2124 jus
601 2047 635 2108 et
655 2044 891 2122 proprietatem
946 2047 1014 2122 gni,
1038 2047 1104 2110 tam
1126 2047 1363 2110 ecclesiasticis
1391 2064 1489 2125 quam
1508 2044 1751 2130 saecularibus,

92 2143 246 2218 ejusdem
262 2141 411 2207 ecclesiae
431 2142 578 2218 legitime
597 2157 768 2215 revocare,
785 2141 889 2218 justi·
945 2143 1095 2220 inquiras
1106 2145 1268 2222 superbis
1282 2145 1434 2206 omnibus
1448 2145 1637 2221 diligentius
1652 2143 1737 2204 veri·

93 2239 185 2305 tiarii
201 2239 296 2316 regis
318 2240 351 2301 et
372 2239 505 2317 quidam
525 2239 584 2300 alii
600 2239 730 2314 Anglici
746 2253 892 2308 commc-
945 2241 1057 2313 tatem,
1075 2241 1163 2314 etsi,
1184 2242 1220 2305 nt
1241 2243 1396 2320 exparte
1417 2243 1506 2317 regis
1531 2239 1735 2318 propositum

93 2339 206 2399 rantes
229 2337 267 2398 in
289 2336 461 2414 provincia
478 2336 677 2398 cassellensi
698 2351 755 2396 eos
777 2336 813 2396 in
830 2351 891 2396 ne·
946 2338 1006 2409 cst,
1031 2337 1104 2400 haec
1122 2339 1292 2402 inveneris
1315 2355 1396 2401 vera
1421 2354 1504 2410 esse,
1528 2351 1737 2415 nequaquam

95 2434 182 2508 gotio
198 2435 277 2511 ipso
291 2434 469 2511 procedere
487 2433 623 2494 minime
644 2431 887 2510 permittebant,
945 2434 1130 2497 litterarum
1142 2439 1331 2498 nostrarum
1347 2436 1544 2498 auctoritate
1563 2434 1734 2512 procedas,

94 2545 134 2592 ne
155 2528 197 2592 de
222 2529 491 2608 possessionibus
514 2529 596 2606 ipsis
620 2545 656 2590 se
680 2528 890 2606 aliquatenus
944 2533 1130 2607 praesertim
1153 2533 1338 2594 cumidem
1362 2549 1434 2604 rex,
1456 2531 1613 2610 quamdiu
1636 2529 1737 2592 fuerit

94 2627 367 2701 intromitterent,
388 2628 511 2690 arctius
532 2627 725 2700 inhibendo,
741 2627 775 2688 et
791 2640 891 2702 super
944 2627 1032 2690 inira
1045 2631 1174 2692 aetatem
1188 2631 1326 2707 positus,
1343 2647 1409 2692 non
1422 2629 1540 2691 debeat
1552 2627 1734 2690 conveniri.

95 2725 295 2800 quibusdam
314 2727 425 2798 terris,
449 2724 567 2803 quibus
592 2739 629 2786 se
652 2721 847 2799 asserebant
870 2737 889 2784 a
945 2725 1062 2786 Datum
1077 2727 1245 2799 Laterani,
1259 2729 1335 2788 XIV
1344 2727 1507 2787 kalendas
1520 2724 1737 2802 aprilispon·

95 2821 294 2897 quibusdam
309 2822 456 2900 praelatis
471 2818 639 2882 Hiberniae
652 2819 798 2881 indebite
813 2835 890 2896 spo-
944 2821 1088 2883 tiiicatas
1103 2823 1210 2884 nostri
1224 2838 1312 2884 anno
1331 2824 1455 2900 quinto.

96 2919 204 2993 liatos,
220 2921 312 2998 ipsos
325 2919 503 2982 trabebant
514 2919 549 2978 in
563 2933 697 2979 causam
710 2915 889 2993 subjudice

96 3017 263 3089 saeculari,
280 3031 392 3078 coram
407 3033 471 3094 quo
487 3015 659 3078 duodecim
673 3014 891 3091 anglicisjn-
1285 3017 1396 3104 CCCI

95 3115 247 3176 ramento
262 3114 401 3176 firmiter
423 3113 469 3185 id,
486 3113 572 3190 quod
596 3112 648 3173 illi
674 3111 828 3174 asserunt
848 3109 889 3174 de

95 3210 174 3287 ipsis
205 3210 474 3290 possessionibus
502 3226 620 3272 verum
652 3224 743 3281 esse,
774 3209 888 3271 contra

96 3309 252 3384 praelatos
271 3308 361 3388 ipsos
381 3307 653 3390 promulgabatur
667 3306 843 3378 sententia,
857 3305 890 3366 et

96 3403 140 3466 ita
151 3422 213 3484 per
226 3405 367 3472 abusum
382 3404 572 3482 hujusmodi
587 3419 722 3482 marom
736 3403 889 3466 incurre-
1225 3379 1261 3438 ²⁰
1274 3385 1358 3436 mm·
1372 3379 1450 3437 ¹²²¹·

96 3499 172 3566 bant
186 3502 342 3567 ecclesiae
358 3503 486 3580 jugiter
504 3501 674 3562 laesionem
691 3521 699 3563 ε
720 3499 807 3560 unde
828 3515 889 3562 nos
990 3497 1108 3560 jugosa,
1121 3494 1208 3553 unv,
1223 3507 1263 3558 01>-
1277 3492 1333 3560 ⁴⁸0·
1347 3493 1450 3546 usam
1461 3493 1536 3544 rome
1548 3492 1583 3543 ou
1595 3491 1689 3556 ried]

97 3601 164 3676 regi
191 3600 388 3678 scripsimus
413 3598 601 3675 saepedicto,
624 3599 662 3658 ut
685 3597 889 3674 just'tiarios
945 3601 1070 3670 Mandat,
1083 3608 1114 3658 ut
1127 3601 1216 3660 Vallis
1234 3601 1323 3659 clarae
1338 3599 1481 3668 abbatem,
1501 3600 1636 3673 episcopo
1657 3601 1731 3657 bau·

97 3695 183 3772 ipsos
200 3699 236 3762 et
252 3697 371 3760 aliosa
388 3695 534 3774 praeiatis
551 3693 801 3772 gravaminibus
815 3695 889 3757 tra·
980 3688 1085 3747 dunen.
1106 3687 1269 3746 dioecesano
1291 3701 1344 3744 suo
1363 3686 1537 3759 respondere
1556 3695 1734 3757 renuentem,

98 3792 162 3858 dita
190 3794 257 3859 gibi
284 3793 447 3872 potestate
472 3807 704 3870 00mpggceng‚
733 3790 889 3868 praelajog
978 3777 1034 3834 nisi
1048 3776 1236 3842 immunitatis
1249 3775 1431 3848 priuilegium
1445 3774 1587 3845 ostendat,
1599 3789 1651 3832 suo
1663 3775 1734 3847 epis

98 3893 230 3964 eosdem
246 3893 280 3954 et
298 3891 382 3954 alios
395 3891 487 3953 viros
501 3889 745 3956 ecclesiasticos
761 3904 827 3958 non
842 3887 890 3948 si·
978 3878 1051 3937 ⁰⁰9⁰
1065 3862 1238 3938 ¹⁶⁸P⁰¹¹d⁰¹⁰
1251 3870 1366 3936 ⁰⁰3³m·
1400 3916 1404 3925 ·

99 3991 187 4055 neret
208 3989 275 4052 fori
295 3989 346 4050 sui
367 3987 543 4066 privilegio
565 3986 714 4070 spoliari,
735 3999 798 4046 nec
811 3999 890 4062 per·
982 3981 1168 4055 Honorius,
1193 3983 1270 4054 etc,
1299 3979 1430 4044 dilectis
1458 3979 1537 4056 tiliis
1564 3978 1675 4044 abbati
1703 3979 1736 4042 et

98 4087 180 4148 verti
191 4087 356 4164 judicium
370 4085 529 4164 praedicto
540 4083 804 4162 juramentorum
828 4081 888 4144 ab·
944 4080 1047 4157 priori
1070 4079 1182 4141 Sancti
1196 4077 1360 4152 lobannis
1378 4078 1414 4140 in
1433 4077 1548 4141 vineis
1563 4079 1596 4140 et
1598 4120 1658 4138 .....
1675 4078 1735 4139 de-

100 4197 167 4258 usu,
183 4199 284 4262 quern
300 4184 459 4260 tanquam
470 4182 540 4260 juri
555 4180 758 4244 contrarium
771 4194 889 4240 cense—
944 4193 1026 4240 cano
1042 4176 1256 4247 suessionen.

99 4277 211 4344 bamus
234 4280 366 4358 penitus
391 4278 598 4341 abolendum.
620 4277 698 4339 Fuit
714 4277 824 4338 autem
845 4291 890 4337 ex
982 4273 1191 4338 Venerabilis
1214 4273 1318 4336 irater
1336 4273 1449 4336 noster
1451 4315 1512 4334 .....
1538 4273 1733 4335 Laudunen.

100 4379 187 4452 parte
207 4379 299 4454 regis
320 4377 362 4440 ad
384 4375 542 4455 praedicta
566 4391 778 4452 responsum,
802 4373 889 4452 quod
943 4373 1118 4450 episcopus
1142 4386 1203 4432 sua
1225 4369 1321 4433 nobis
1344 4371 1503 4450 petitione
1524 4369 1732 4442 monstravit,

101 4488 196 4549 quum
211 4479 280 4544 tam
298 4475 335 4536 in
349 4489 452 4549 regno
468 4473 610 4549 angliae,
625 4487 723 4548 quam
738 4471 773 4532 in
785 4486 888 4546 regno
944 4469 1080 4547 quod...,
1096 4469 1197 4534 abbas
1212 4468 1317 4542 Vallis
1336 4467 1454 4540 Clarae,
1470 4466 1661 4531 Cistercien.
1678 4481 1736 4528 or-

101 4571 266 4636 lliberniae
281 4572 505 4634 dissensiones
520 4569 731 4648 multiplices,
744 4568 776 4628 et
786 4567 889 4655 variae
944 4567 1043 4640 dinis,
1059 4566 1251 4640 Lauduneu.
1266 4563 1430 4638 dioecesis,
1443 4579 1596 4640 asserens
1606 4578 1737 4629 monase

101 4671 296 4744 questiones
322 4685 422 4746 super
448 4668 552 4734 variis
578 4664 831 4744 spoliationibus
857 4666 889 4726 et
943 4665 1064 4731 terium
1091 4679 1188 4725 suum
1208 4677 1281 4724 esse
1307 4661 1449 4723 liberum
1472 4661 1506 4724 et
1532 4661 1731 4739 exemptum,

102 4763 341 4833 detentionibus
348 4765 475 4843 jugiter
483 4763 661 4836 orirentur,
672 4763 712 4825 de
722 4760 889 4834 communi
944 4762 1022 4827 licet
1036 4760 1254 4837 exemptionis
1267 4759 1480 4838 privilegium
1492 4775 1559 4834 non
1569 4759 1733 4836 ostendat,

101 4865 235 4936 consilio
251 4865 287 4929 ct
301 4877 466 4928 consensu
479 4861 547 4927 tam
568 4860 787 4922 ecclesiarum
801 4874 890 4938 prae-
944 4862 1016 4938 ejus
1037 4871 1105 4921 non
1124 4857 1197 4918 vult
1216 4857 1456 4920 correctionem
1477 4857 1658 4934 suscipere,
1673 4871 1735 4921 nec

101 4957 248 5036 latorum,
265 4959 520 5038 qmmxaliomm
536 4959 739 5034 magnatum,
759 4972 889 5018 necnon
944 4957 976 5018 ei
990 4954 1077 5016 sicut
1094 4969 1155 5018 suo
1169 4952 1324 5032 episcopo
1345 4954 1557 5032 respondere.
1574 4951 1735 5024 Quocirca

103 5056 237 5124 aliorum
257 5057 473 5135 majorumet
487 5055 651 5119 minorum
666 5053 804 5132 provida
826 5051 890 5120 suit
944 5050 1137 5118 discretioni
1159 5051 1281 5114 vestrae
1308 5067 1369 5129 per
1392 5049 1581 5130 apostolica
1609 5049 1735 5132 scripta

104 5151 334 5224 deliberatione
349 5155 517 5225 statutum,
534 5155 570 5214 ut
590 5153 630 5214 ad
653 5150 888 5224 inveniendum
944 5146 1159 5224 mandamus,
1187 5147 1361 5228 quatenus,
1384 5147 1413 5208 si
1445 5145 1602 5226 praefatus
1634 5145 1736 5215 abbas

104 5247 226 5314 facilius
240 5251 422 5318 veritatem
435 5250 469 5313 et
487 5249 652 5327 justitiam
675 5248 807 5325 plenius
830 5247 890 5308 de-
945 5246 1165 5326 exemptionis
1181 5245 1393 5324 privilegium
1410 5259 1474 5304 non
1489 5241 1671 5304 ostenderit
1683 5242 1738 5304 ina

105 5345 299 5422 clarenduna,
311 5347 479 5424 eligantur
493 5347 634 5423 quatuor
648 5345 727 5406 boni
738 5345 815 5417 viri,
832 5344 890 5422 qui
944 5343 996 5408 ira
1010 5343 1248 5419 competentem
1263 5341 1453 5416 terminum,
1470 5339 1611 5422 quernei
1626 5338 1735 5400 duxe-

102 5441 217 5517 jurant,
232 5461 269 5506 se
282 5444 454 5506 duodecim
465 5441 561 5514 alios,
576 5458 658 5521 quos
676 5440 845 5504 fideliores
857 5441 891 5504 et
944 5441 1019 5507 ritis
1043 5438 1292 5518 praeligendum,
1315 5452 1378 5499 vos
1399 5436 1596 5500 auctoritate
1621 5435 1736 5512 nostra

107 5542 329 5614 prudentiores
350 5557 424 5604 esse
439 5539 589 5614 credunt,
610 5540 652 5600 ad
674 5539 894 5616 quaestionem
944 5537 1127 5614 injungatis
1142 5536 1259 5608 eidem,
1275 5535 1312 5596 ut
1322 5532 1460 5612 praelato
1475 5533 1629 5611 episcopo
1651 5531 1738 5594 sicut

944 3159 996 3225 Ad
1008 3159 1163 3234 abactam
1177 3159 1210 3222 ct
1219 3161 1377 3236 patorem
1388 3160 1506 3222 Sancti
1520 3159 1688 3228 Jobooats
1698 3159 1736 3222 tn

1018 3258 1132 3319 Vincta
1146 3257 1180 3318 et
1191 3259 1357 3324 decanam
1371 3259 1662 3320 suessionensem.
