3988 6306
73 387 116 446 cc
657 369 885 436 EPISTOLAE.
909 373 987 434 LIB.
1011 375 1065 434 iv.
1474 400 1478 414 ·
1624 379 1684 440 350

74 548 96 606 et
115 540 250 618 topazion
272 552 387 602 amare
413 535 596 599 debuerant
624 535 829 612 respuentes,
885 533 951 604 tur,
971 533 1015 594 sit
1033 531 1228 609 jamdudum
1254 533 1405 596 Parisius
1422 533 1608 613 deputatus,
1625 539 1681 602 ubi

73 641 166 704 namt
176 637 390 716 postvestigia
399 651 537 712 gregum
545 633 703 696 stillicite
712 648 749 694 se
757 649 832 694 con·
885 629 989 692 turris
1001 629 1107 692 David
1121 646 1195 692 cum
1215 630 1285 692 suis
1305 635 1562 710 propugnaculis
1578 653 1680 699 cons-

73 737 178 798 vertunt
199 735 240 796 ad
268 735 468 812 pedisequas
488 731 735 810 amplectendas
757 741 831 807 qum
860 791 861 796 ,
884 728 959 790 titui
982 727 1164 800 consuevit,
1189 743 1231 790 ex
1253 745 1316 807 qua
1333 745 1398 791 non
1419 733 1526 792 solum
1552 734 1680 811 depen-

74 837 195 913 plausum
207 831 624 908 desiderantpopulorum;
641 829 833 892 conhahu-
885 825 964 888 dent
990 827 1082 888 mille
1105 827 1223 904 clypei,
1253 827 1308 888 sad
1337 829 1444 906 omnis
1473 829 1543 892 iere
1571 849 1683 895 arma-

70 931 184 1008 jnsmodi
197 932 449 1008 praesumptores
465 929 625 990 exeuntes
635 928 678 990 ad
692 925 832 988 audian·
860 927 861 932 ’
885 925 960 984 tura
970 923 1118 996 tortium,
1129 924 1206 986 dum
1214 925 1440 988 indesinenter
1446 928 1568 990 exinde
1581 929 1683 994 sortes

73 1031 128 1090 dun
149 1030 231 1104 leges
253 1027 307 1089 vel
326 1027 498 1104 physicam
529 1024 634 1086 felicis
663 1023 831 1086 memoriae
861 1083 865 1105 ,ι
885 1036 929 1081 ex
939 1020 1141 1094 fortissimis,
1158 1023 1321 1099 prodeunt
1341 1025 1491 1086 tenentes
1504 1026 1635 1102 gladios
1650 1031 1683 1092 et

75 1133 102 1188 l.
115 1125 539 1202 predecessornosterolim
564 1123 682 1184 statuit
701 1123 831 1184 incon-
886 1118 927 1179 ad
952 1117 1040 1180 bella
1059 1119 1256 1189 doctissimi,
1283 1121 1368 1197 quod
1389 1121 1540 1186 ambiunt
1554 1142 1684 1201 peror-

74 1226 130 1286 cilio
140 1223 327 1294 reaccensi,
342 1223 388 1294 ut,
403 1223 469 1283 nisi
483 1221 572 1283 intra
582 1221 723 1282 duorum
738 1235 835 1280 men»
861 1231 862 1234 ’
885 1211 960 1278 bem
982 1217 1129 1295 undique
1151 1217 1309 1280 lectulum
1326 1219 1524 1284 Salomonis.
1542 1224 1683 1296 Quidam
1748 1257 1754 1264 ·
1776 1239 1780 1246 ’

76 1323 139 1382 siun
150 1321 286 1398 spatium
305 1321 347 1381 ad
362 1321 546 1382 claustrum
566 1319 727 1380 redierint
747 1318 834 1379 sicut
862 1385 863 1392 ,
886 1316 955 1376 suis
970 1316 1097 1378 divitiis
1112 1315 1298 1379 invidentes
1320 1317 1430 1380 dicere
1451 1319 1607 1382 ridentur
1620 1339 1683 1400 pa-

73 1417 370 1484 erccmmunicatiab
384 1417 536 1480 omnibus
556 1416 734 1484 evitentur,
750 1417 783 1477 et
796 1414 833 1475 in
885 1412 930 1474 tri
952 1412 1030 1489 quid
1063 1430 1215 1490 generas,
1238 1417 1272 1476 et
1293 1417 1393 1478 matri
1421 1416 1498 1494 quid
1523 1420 1681 1494 parturis,

27 1523 28 1526 ’
73 1518 293 1590 nullacausa,si
304 1515 524 1594 patrocinium
540 1515 700 1592 praestare
712 1513 832 1577 volue-
887 1510 964 1570 dum
978 1527 1074 1572 secus
1089 1511 1196 1573 altare
1210 1511 1361 1591 plantare
1386 1513 1499 1575 lucum
1519 1517 1551 1577 et
1572 1519 1683 1578 ancil·

72 1617 129 1686 rint
138 1615 318 1678 audiantur.
332 1614 468 1676 Reversi
482 1614 592 1674 autem
607 1611 643 1672 in
658 1609 771 1679 choro,
782 1627 835 1672 ca·
887 1603 952 1669 lam
967 1607 1133 1670 haeredem
1154 1626 1224 1672 snae
1238 1610 1380 1672 dominae
1395 1611 1542 1687 gestiunt
1564 1613 1684 1676 subro-

73 1715 160 1790 pitulo,
169 1729 291 1785 mensa,
300 1714 333 1775 et
341 1711 471 1774 caeteris
481 1709 588 1772 ultimi
599 1708 738 1772 fratrum
748 1707 834 1768 exis-
886 1719 978 1780 gare,
995 1721 1185 1786 quanquam
1204 1706 1337 1769 ancillae
1353 1708 1441 1770 tilius
1456 1725 1532 1772 cum
1551 1711 1620 1774 lilio
1635 1713 1682 1774 li-

73 1813 132 1882 tant,
154 1814 185 1874 et
211 1811 277 1872 nisi
312 1809 397 1872 forte
420 1825 464 1871 ex
486 1807 715 1871 misericordia
739 1805 835 1868 Sedis
886 1801 975 1878 berae
987 1819 1053 1864 non
1067 1803 1185 1868 debeat
1198 1804 1308 1867 haeres
1322 1821 1407 1869 esse.
1430 1809 1574 1871 currunt
1594 1812 1684 1874 enim

72 1909 238 1986 spostolicae
258 1908 362 1972 totins
384 1925 475 1986 spem
490 1905 708 1986 promotionis
730 1905 835 1967 amit·
863 1895 866 1903 ’
886 1899 966 1964 illuc
981 1901 1115 1978 quidam
1129 1902 1268 1980 improbi
1285 1919 1360 1968 cum
1374 1905 1606 1969 traditionibus
1618 1925 1685 1972 sae-

73 2009 259 2070 antverum
279 2009 357 2085 quia
374 2005 526 2068 nonnulli
540 2003 718 2067 extalibus
731 2020 833 2082 prop·
887 1997 1050 2060 cularium
1071 2001 1259 2078 principum
1288 2003 1384 2079 quasi
1412 2002 1602 2070 mrelaccre
1635 2007 1683 2070 ibi

73 2107 109 2164 ter
122 2105 326 2182 quorumdam
349 2105 523 2181 opiniones
543 2103 704 2173 diversas,
727 2117 833 2163 excu—
886 2095 993 2158 velint
1006 2094 1134 2159 labrum
1150 2097 1327 2159 terrarium
1342 2102 1516 2163 acuentem
1533 2103 1684 2178 gladium
1758 2175 1760 2182 ,

74 2202 222 2264 saionibus
232 2202 368 2283 aitquod
380 2201 601 2273 assumebant,
614 2216 675 2262 nos
685 2198 834 2261 volentes
887 2197 945 2255 aut
955 2194 1116 2265 lanceam,
1129 2211 1295 2258 vomerem
1311 2199 1344 2259 θῐ
1363 2197 1529 2273 ligffllemt
1552 2201 1586 2262 et
1607 2218 1683 2264 cum

74 2301 175 2362 uitales
187 2301 226 2362 de
238 2304 362 2363 caetero
376 2302 448 2377 ipsc
462 2301 548 2361 lacto
564 2297 761 2360 sententiam
774 2311 835 2358 ex·
866 2334 868 2343 ·
887 2292 922 2352 in
937 2290 1020 2354 locis
1040 2291 1192 2370 plurimis
1212 2292 1324 2370 plures
1348 2293 1493 2358 habeant
1505 2298 1558 2358 sui
1579 2298 1681 2362 studii

73 2398 349 2460 communicationis
371 2395 555 2466 incurrant,
577 2393 725 2457 districte
747 2409 835 2471 prae-
887 2389 1103 2466 professores,
1127 2391 1213 2453 ultro
1235 2391 1392 2468 ingerunt
1411 2393 1556 2456 liliorum
1578 2397 1683 2458 oculis

73 2494 195 2570 cipiendo
205 2496 415 2568 mandamus,
424 2496 586 2573 quatenus
596 2495 663 2556 tam
677 2508 696 2553 a
711 2492 836 2552 dioeoe-
866 2535 869 2543 «
888 2503 1014 2549 merces
1029 2503 1107 2549 suas
1130 2490 1166 2551 ut
1185 2489 1336 2566 ipsarum
1360 2490 1463 2555 illecti
1481 2492 1629 2569 phaleris
1652 2497 1684 2558 et

76 2594 142 2653 sanis
160 2595 190 2656 et
214 2593 371 2671 capitulis
393 2593 552 2670 ipsorum,
572 2605 670 2670 quam
694 2589 794 2652 etiam
814 2605 833 2650 a
888 2583 1062 2646 dulcedine
1074 2587 1254 2662 provocati,
1270 2603 1289 2648 a
1304 2589 1420 2650 matris
1435 2591 1684 2666 pulchritudine

76 2691 350 2768 calensepiscopis
366 2689 399 2751 in
417 2705 556 2767 quorum
576 2685 774 2750 dioecesibus
799 2687 833 2746 in
888 2697 927 2744 ac
940 2682 1064 2760 sapidis
1083 2683 1249 2758 uberibus,
1272 2685 1520 2760 abstrahantur,
1541 2705 1608 2751 non
1631 2693 1685 2753 at-

76 2785 229 2860 hujusmodi
251 2789 387 2851 student
406 2787 503 2860 tales,
526 2785 656 2847 sublato
680 2784 833 2864 appella·
867 2851 870 2870 Ι
887 2779 1060 2844 tendentes
1073 2781 1158 2858 quod
1175 2785 1427 2858 coangustatum
1443 2787 1493 2847 est
1507 2785 1577 2847 illic
1595 2789 1686 2854 stra-

76 2883 145 2944 ionis
158 2883 337 2958 obstaculo
355 2885 678 2948 excommunicabat
691 2881 834 2960 praedic·
887 2880 968 2950 tum,
995 2879 1028 2940 et
1051 2878 1121 2939 fere
1144 2881 1256 2940 arctus
1279 2880 1322 2942 sit
1347 2880 1439 2942 locus
1460 2883 1583 2945 ibidem
1606 2883 1685 2950 liliis

75 2981 102 3038 tis
114 2984 204 3057 poenis
216 2984 356 3045 obnoxii
371 2983 502 3060 publice
522 2981 727 3043 nuntientur.
751 2980 833 3052 Quia
888 2976 1135 3052 prophetarum.
1150 2980 1235 3039 Sane
1251 2979 1329 3040 licet
1344 2982 1458 3041 sancta
1472 2981 1619 3044 Ecclesia
1634 2983 1684 3044 le-

76 3093 115 3136 nos
132 3081 300 3157 theologiae
322 3081 473 3158 cupimus
500 3079 644 3142 studium
668 3077 833 3154 ampliari,
888 3087 966 3149 gum
986 3075 1197 3135 saecularium
1222 3092 1289 3136 non
1311 3078 1447 3154 respuat
1472 3077 1681 3152 famulatum,

75 3177 98 3234 ut
113 3177 233 3240 dilatato
255 3179 390 3240 tentorii
405 3178 457 3238 sui
470 3178 559 3244 loco,
576 3175 742 3237 funiculos
758 3189 835 3235 suos
889 3187 963 3249 quaa
976 3187 1066 3233 sanae
1081 3173 1237 3250 equitatis
1253 3175 1285 3236 et
1295 3175 1435 3253 justitiae
1449 3177 1591 3254 vestigia
1607 3179 1686 3240 irni-

76 3269 148 3335 iaciat
162 3276 339 3354 longiores,
360 3281 393 3337 et
411 3274 455 3337 sit
474 3275 555 3336 tides
577 3271 742 3336 catholica
763 3272 835 3333 cir·
889 3271 1002 3332 tantur
1018 3290 1025 3331 :
1043 3269 1125 3343 Quia
1138 3272 1249 3333 tamen
1264 3272 1299 3334 in
1312 3274 1454 3335 Francia
1469 3276 1501 3337 et
1516 3277 1692 3338 nonnullis·

77 3375 227 3436 concincta
246 3389 344 3434 muro
358 3371 611 3449 inexpugnabili
625 3370 834 3442 bellatorum,
891 3367 1083 3444 provinciis,
1111 3368 1190 3430 laici
1201 3371 1425 3432 Romanorum
1447 3372 1684 3450 imperatorum

77 3469 166 3541 quibus
194 3471 352 3533 resistere
386 3470 496 3531 valeat
521 3465 775 3531 ascendentibus
795 3483 838 3528 ex
890 3463 1018 3542 legibus
1034 3481 1100 3528 non
1113 3467 1252 3528 utuntur
1271 3467 1303 3529 et
1326 3473 1505 3533 occurrunt
1525 3487 1604 3535 raro
1625 3489 1685 3535 ec-

76 3565 193 3641 alverso,
209 3572 242 3632 et
255 3567 521 3640 archidiaconos,
536 3565 689 3637 decanos,
706 3581 838 3642 praepo·
891 3562 1087 3625 clesiasticae
1113 3581 1223 3626 causae
1245 3567 1341 3638 tales,
1369 3583 1442 3644 quae
1470 3582 1536 3630 non
1558 3571 1688 3647 possint

76 3661 142 3732 sitos,
163 3667 330 3744 plebanos,
355 3668 519 3735 cantores,
543 3666 576 3726 et
592 3663 677 3725 alios
697 3661 837 3724 clericos
891 3661 1022 3723 statutis
1032 3663 1202 3723 canonicis
1213 3663 1424 3750 expediri,ut
1437 3667 1568 3741 plenius
1581 3683 1686 3730 sacrae
1714 3649 1741 3696 ⁰

76 3767 236 3832 personatus
250 3763 423 3834 habentes,
439 3777 568 3823 necnon
579 3761 612 3822 et
626 3759 837 3841 presbyteros
891 3758 1021 3836 paginae
1041 3759 1215 3820 insistatur
1236 3762 1270 3821 et
1292 3760 1449 3838 discipuli
1466 3763 1577 3826 illisaei
1597 3764 1686 3826 libe-

77 3857 119 3917 nici
131 3860 216 3922 abiis
231 3861 321 3922 intra
338 3859 482 3936 spatium
497 3859 727 3936 prescriptum
741 3858 839 3920 desti·
891 3855 962 3915 rius
973 3859 1070 3933 junta
1090 3855 1215 3916 fluenta
1233 3856 1426 3934 plenissima
1451 3861 1632 3930 resideant,
1649 3865 1687 3924 ut

76 3955 156 4028 hunt,
168 3957 237 4020 haec
248 3958 383 4020 extendi
395 3958 546 4017 volumus
557 3957 602 4023 et,
614 3954 838 4032 appellatione
892 3953 1062 4024 columbae,
1078 3953 1155 4013 dum
1171 3955 1205 4014 in
1215 3955 1329 4031 januis
1345 3955 1452 4018 scalas
1467 3972 1532 4018 non
1544 3957 1686 4020 invene-

76 4051 243 4129 postposita,
273 4053 513 4117 inviolabiliter
540 4052 723 4114 observari.
753 4053 838 4113 Nam
891 4051 970 4122 rint,
987 4047 1028 4112 ad
1040 4067 1122 4128 quas
1137 4051 1324 4115 divaricare
1336 4055 1472 4116 valeant
1483 4056 1582 4132 pedes
1593 4073 1684 4125 suos,

77 4161 147 4220 quum
158 4153 222 4222 sint
235 4153 333 4214 multi
344 4167 512 4229 caupones
525 4163 646 4228 aquam
662 4150 742 4211 vino
757 4150 840 4210 mis-
893 4147 1032 4209 tirmiter
1053 4149 1281 4210 interdicimus
1303 4151 1335 4212 et
1357 4151 1539 4214 districtius
1555 4153 1688 4216 inhibe-

77 4247 159 4308 tenles
173 4249 226 4326 qui
238 4264 307 4311 non
322 4249 428 4310 solum
444 4247 616 4310 involvere
635 4245 721 4336 laisa
735 4248 837 4319 veris,
893 4261 965 4307 mus
980 4261 1021 4306 ne
1037 4247 1176 4308 Parisiis
1192 4247 1244 4309 vel
1259 4249 1294 4308 in
1316 4249 1506 4312 civitatibus
1529 4267 1588 4312 seu
1611 4253 1688 4314 aliis

77 4341 215 4408 sedetiam
234 4345 323 4408 diem
346 4347 381 4408 in
394 4346 524 4408 noctem
544 4347 675 4407 vertere
688 4345 838 4406 moliun-
892 4343 975 4403 locis
996 4342 1117 4412 vicinis
1146 4344 1320 4422 quisquam
1348 4346 1468 4407 docere
1492 4348 1544 4408 vel
1571 4347 1689 4410 audire

77 4439 120 4508 br,
132 4443 160 4502 in
174 4443 381 4505 firmamento
397 4443 472 4505 coeli
493 4439 644 4520 plantare
660 4443 839 4505 luminaria
890 4443 944 4516 jus
968 4439 1067 4501 civile
1081 4443 1282 4517 praesumat3
1303 4445 1335 4503 et
1352 4443 1408 4518 qui
1424 4443 1538 4505 contra
1559 4443 1687 4520 lecerit,

77 4532 225 4604 dividentia
250 4542 337 4603 diem
361 4540 613 4603 anootevalide
632 4541 838 4608 ‘allectamus
894 4553 959 4598 non
980 4539 1087 4599 solum
1108 4553 1127 4599 a
1144 4553 1319 4600 causarum
1341 4540 1535 4615 patrociniis
1555 4543 1689 4606 interim

78 4645 253 4716 summopere
287 4640 476 4716 satagentes
505 4640 542 4701 ut
567 4638 609 4700 ad
642 4637 840 4717 capiendum
894 4635 1100 4708 excludatur,
1133 4651 1248 4697 verum
1278 4635 1377 4698 etiam
1409 4653 1469 4714 per
1498 4640 1690 4720 episcopum

78 4732 165 4808 vulpes
190 4737 346 4814 parvulas
367 4753 440 4815 quae
465 4736 688 4799 demoliuntur
709 4736 838 4807 vineas,
895 4735 970 4806 loci,
994 4733 1217 4813 appellatione
1245 4735 1439 4812 postposita,
1461 4741 1692 4801 excommuni-

78 4823 206 4896 bonorum
218 4820 400 4898 habeamus
413 4835 543 4912 copiam
559 4841 766 4906 venatorum,
785 4834 841 4911 qui
895 4833 1037 4895 cationis
1053 4833 1187 4894 vinculo
1202 4831 1391 4896 innodetur.
1408 4835 1475 4898 Vos
1491 4837 1601 4900 autem
1618 4837 1690 4900 sra-

79 4939 182 4992 nanum
196 4933 363 4996 mittentes
382 4931 423 4994 ad
443 4931 555 5004 sortia,
572 4933 687 4993 contra
703 4944 841 5008 pervers
895 4933 962 4994 tres
975 4934 1008 4992 et
1023 4930 1084 4991 tilii
1098 4931 1147 4991 sic
1162 4930 1355 5006 diligentius
1368 4932 1561 5012 praescripta
1578 4951 1692 4999 serve·

78 5035 147 5086 sores
159 5029 232 5092 tidei
247 5031 314 5092 sint
328 5033 492 5106 potentes,
505 5045 605 5106 opere
617 5045 655 5091 ac
670 5043 841 5102 sermone;
895 5031 938 5091 tis
957 5030 990 5091 et
1007 5027 1138 5091 faciatis
1159 5029 1340 5090 studiosus
1355 5029 1396 5092 ab
1412 5031 1488 5093 aliis
1506 5031 1689 5108 observari,

79 5115 101 5175 li
117 5127 213 5186 restiti
232 5126 419 5208 duplicibus
435 5128 471 5188 ut
484 5129 675 5188 mereantur
697 5125 842 5203 duplicia
897 5125 982 5204 quod
992 5125 1064 5188 veri
1077 5126 1177 5188 amici
1193 5127 1305 5203 sponsi
1322 5129 1456 5204 possitis
1467 5131 1584 5192 merito
1601 5148 1693 5198 com-

79 5219 229 5294 uuidere,
245 5239 346 5301 quum
361 5223 520 5285 videbunt
538 5224 573 5284 in
588 5223 642 5284 die
662 5223 843 5284 novissimo
897 5223 1042 5300 probari,
1066 5223 1142 5284 dum
1167 5224 1405 5301 paranimphus
1436 5241 1513 5287 suos
1535 5227 1694 5293 erudien-

79 5312 107 5370 al
117 5316 317 5389 judicandum
329 5336 404 5382 cum
419 5322 518 5382 terrae
540 5319 749 5382 senatoribus
764 5335 844 5381 con·
897 5321 956 5382 dos
967 5318 1008 5381 ad
1021 5321 1232 5400 epitalamica
1244 5322 1394 5383 carmina
1407 5324 1604 5386 curaveritis
1615 5344 1694 5404 pro-

80 5415 189 5488 assuri,
201 5435 298 5494 porro
312 5435 413 5498 quum
430 5420 606 5496 argentum
621 5417 702 5480 alibi
723 5417 846 5478 habeat
898 5435 1042 5481 movere.

79 5517 360 5577 renammsuarum
378 5517 660 5593 principia,quam
676 5515 763 5575 unde
779 5515 846 5576 ier-
939 5517 1058 5578 Datum
1080 5516 1231 5590 viterbii,
1251 5520 1281 5578 X
1307 5517 1469 5580 kalendas
1495 5521 1692 5600 decembris,

81 5615 134 5665 un
152 5609 282 5684 tollitur,
310 5614 345 5674 et
357 5628 439 5674 auro
461 5613 553 5676 locus
576 5614 611 5674 in
637 5629 700 5690 quo
716 5611 844 5674 contie-
899 5615 1110 5690 pontificatus
1126 5616 1230 5676 nostri
1247 5627 1335 5685 anno
1351 5616 1481 5694 quarto.

462 5935 475 5973 Ι
