4066 6290
293 235 353 294 8111
910 243 1085 307 HONORII
1107 245 1152 308 111
1173 248 1321 310 OPERA.

1873 258 1929 320 ele

294 396 335 458 de
350 412 436 460 novo
451 399 566 461 contra
586 400 775 464 sanctiones
796 403 975 465 canonicas
990 418 1089 466 cons·
1143 423 1256 472 eorum
1285 407 1441 475 abbatum
1466 413 1654 487 consilium,
1678 413 1839 492 quaedam,
1860 433 1929 494 quae

293 495 406 556 truere
450 485 733 576 presumpserint.
776 500 853 560 Ideo
888 500 1087 564 fraternitati
1142 506 1930 587 111111111111111111111111111,1111111111

292 591 359 654 1111
375 594 630 669 perApcstolica
642 596 765 672 scripta
781 597 987 671 mandamus,
1004 615 1088 677 qua·
1141 605 1292 680 quaedam
1332 607 1511 669 ordinastis
1548 611 1679 672 nouiter
1715 610 1928 674 observanda.

292 689 402 760 tenus,
428 691 457 750 si
486 691 617 762 111111,
644 709 831 770 synagogas
859 695 949 772 ipsas
983 695 1086 758 facias
1142 703 1221 772 Quae
1245 701 1279 762 in
1295 703 1469 766 duodecim
1485 705 1640 768 distincta
1662 708 1826 784 capitulis,
1849 725 1929 784 1111-

292 786 456 859 demoliri,
474 787 587 849 fideles
610 789 637 848 si
663 791 719 867 qui
735 807 771 852 se
785 794 1011 868 opposuerint,
1029 810 1088 871 per
1141 797 1249 859 dictus
1274 800 1481 864 Andreusen.
1495 803 1596 865 abhas
1611 820 1654 866 ex
1669 807 1764 882 parte
1785 807 1928 868 emnium

293 899 468 950 censuram
482 887 753 960 ecclesiasticam,
770 890 991 966 appellatione
1002 892 1088 969 post·
1140 897 1286 958 vestrum
1302 897 1396 960 uobis
1421 899 1593 964 humiliter
1610 903 1867 978 repraesentans,
1891 919 1927 964 ea

292 982 411 1057 posita,
430 984 678 1060 compescendo.
696 987 814 1048 Datum
827 987 996 1062 Laterani,
1012 991 1088 1051 XlV
1141 995 1324 1070 opportune
1360 997 1557 1074 'importune
1604 1000 1699 1077 petiit
1743 1001 1928 1062 confirmari

292 1077 454 1143 kalendas
476 1082 584 1162 junii,
612 1082 822 1160 pontificatus
858 1085 964 1150 nestri
998 1101 1086 1154 auno

292 1177 417 1254 quinte.

581 1385 801 1476 dccxciii

289 1538 342 1598 Ad
359 1531 541 1598 1111111111
552 1537 689 1600 abbates
702 1541 835 1600 ordinis
843 1539 1085 1602 8111113111-

329 1635 412 1696 dicti
436 1650 502 1709 per
520 1637 724 1698 lismensem
744 1641 964 1714 provinciam
981 1653 1084 1700 cons·

127 1807 131 1818 ,
224 1751 226 1754 ·
330 1731 461 1792 titulos.

573 1837 612 1896 11),
629 1837 696 1894 maii
721 1838 801 1896 1211.

290 1959 386 2022 [Fouds
400 1961 510 2020 blereau,
524 1961 593 2021 lise,
610 1965 628 2010 t.
641 1962 694 2021 119,
706 1977 732 2026 p.
744 1961 783 2012 73.
794 1961 918 2014 Biblioth.
932 1963 1084 2029 nationale]

288 2075 432 2134 Honorius
446 2076 566 2134 11111111
581 2083 609 2134 ct
621 2077 770 2136 confirmet
786 2077 937 2136 duodecim
949 2081 1083 2153 capitula,

323 2179 375 2222 seu
390 2172 494 2224 statute
508 2166 663 2240 regularia,
679 2167 708 2223 iu
724 2167 845 2240 quedam
861 2169 985 2240 capitulo
999 2183 1085 2242 gene·

322 2255 376 2311 reli
399 2254 473 2328 apud
501 2256 636 2312 Sanctum
651 2256 817 2332 Quintinum
838 2256 999 2315 coadunato
1016 2272 1081 2329 pro·

322 2343 424 2414 posita,
438 2349 466 2398 et
479 2341 514 2398 ad
525 2341 655 2399 abbatem
668 2343 763 2400 Sancti
780 2345 886 2400 Bertini
903 2345 1081 2414 transmisse,

322 2431 411 2488 secuti
427 2439 454 2488 el
465 2430 500 2487 ad
515 2430 743 2488 omnesabbates
755 2430 863 2489 ordinis
879 2434 973 2490 Sancti
989 2435 1079 2491 Bene·

321 2516 388 2574 dicti
399 2532 449 2590 per
464 2517 640 2589 provinciam
651 2519 825 2576 {lensensem
834 2519 1014 2580 constitutos.

326 2653 494 2714 Honorius
503 2653 815 2730 episcopusservus
824 2669 995 2717 servorum
1007 2657 1078 2730 Dei,

1142 1107 1214 1168 qum
1228 1093 1359 1170 quidem
1370 1111 1390 1156 a
1400 1094 1505 1169 vobis,
1518 1097 1695 1174 utcumque
1710 1098 1872 1171 correcta,
1882 1101 1930 1160 te-

1140 1204 1221 1250 nore
1234 1193 1448 1266 praesentium
1461 1193 1617 1254 duximus
1629 1194 1842 1256 declaranda.

1181 1287 1326 1349 Primum
1342 1289 1497 1353 videlicet
1507 1291 1543 1353 ut
1553 1293 1704 1370 quotiens
1715 1293 1832 1370 regula
1846 1293 1929 1356 beati

1140 1385 1309 1448 Benedicti
1321 1385 1444 1463 legitur
1452 1388 1487 1448 in
1498 1389 1654 1466 capitulo,
1665 1389 1722 1450 ille
1735 1391 1792 1468 qui
1802 1393 1928 1468 praeest,

1140 1482 1193 1544 vel
1204 1483 1292 1544 alius
1305 1486 1376 1562 ejus
1390 1485 1474 1559 vice,
1490 1486 1597 1563 ipsam
1613 1488 1758 1564 exponat
1773 1487 1930 1564 simplici-

1139 1577 1201 1640 bus
1221 1583 1254 1643 et
1275 1581 1384 1644 minus
1405 1583 1669 1660 intelligentibus
1688 1584 1724 1646 in
1737 1584 1886 1661 vulgari,
1900 1586 1931 1647 et

1140 1679 1196 1755 qui
1208 1681 1295 1756 regit
1305 1681 1487 1758 capitulum
1499 1682 1646 1759 quolibet
1656 1682 1720 1755 die,
1733 1699 1808 1744 cum
1823 1683 1928 1744 omni-

1139 1775 1200 1836 bus
1215 1776 1250 1836 in
1270 1777 1414 1854 capitulo
1436 1777 1602 1851 adunatis,
1624 1795 1685 1857 pre
1704 1795 1833 1840 summo
1847 1783 1929 1842 Pon-

1138 1874 1927 1955 titiceecstatuEcclesieeltomanae,necuonpro

1139 1971 1355 2037 subventione
1363 1990 1402 2036 ac
1411 1976 1655 2037 restauratione
1668 1977 1779 2038 Terrae
1790 1977 1924 2048 Sauctae,

1138 2071 1926 2150 acprobeneiactoribussuis,decantatisseptem
2004 2127 2005 2130 ,

1138 2170 1286 2248 psalmis,
1312 2170 1347 2230 in
1375 2170 1528 2240 ecclesia,
1557 2170 1927 2248 orationeslaciatspe-

1137 2269 1250 2330 ciales.

1178 2357 1375 2440 Secundum,
1397 2369 1433 2430 ut
1451 2367 1492 2429 ab
1507 2367 1590 2429 hora
1604 2367 1811 2445 completorii
1830 2381 1925 2446 usque

1136 2461 1178 2524 ad
1204 2463 1290 2525 diem
1319 2467 1509 2542 sequentem
1531 2466 1681 2528 districte
1697 2465 1865 2527 silentium
1881 2468 1926 2528 te-

1137 2561 1265 2634 neatur,
1275 2563 1308 2623 et
1321 2563 1357 2623 ut
1367 2562 1477 2624 nullus
1493 2564 1674 2624 monachus
1686 2565 1751 2624 nisi
1764 2579 1869 2624 senex
1877 2563 1925 2624 sel

1135 2659 1286 2719 infirmus
1302 2661 1360 2721 aut
1377 2661 1642 2722 valetudinarius
1663 2677 1723 2722 seu
1747 2678 1791 2722 ex
1809 2659 1925 2722 itinere
2004 2711 2005 2716 ,

286 2750 416 2812 dilectis
440 2749 518 2815 tiliis
552 2751 720 2811 universis
753 2751 926 2816 abbatibus
955 2753 1082 2820 ordinis
1135 2755 1292 2832 fatigatus
1305 2759 1399 2818 extra
1413 2756 1642 2820 dormitorium
1658 2758 1847 2819 collocetur.

288 2849 401 2909 Sancti
412 2847 580 2909 Benedicti
597 2863 655 2924 per
666 2851 861 2910 Remensem
875 2851 1080 2927 provinciam
1174 2851 1320 2914 Tertium
1347 2853 1382 2914 ut
1410 2853 1505 2915 extra
1533 2853 1752 2914 infirmariam
1777 2851 1924 2915 monachi

286 2945 486 3017 constitutis,
515 2945 655 3006 salutem
679 2946 712 3009 et
737 2946 951 3024 apostolicam
970 2947 1079 3011 bene·
1135 2951 1325 3023 existentes,
1354 2951 1395 3011 ad
1422 2951 1522 3011 horas
1555 2951 1729 3027 regulares
1755 2965 1924 3012 occurrere

286 3043 475 3112 dictionem.
1135 3051 1321 3120 teneantur,
1336 3049 1411 3110 etsi
1427 3050 1500 3126 quis
1518 3048 1669 3120 deluerit,
1689 3049 1754 3109 nisi
1772 3049 1855 3110 sorte
1873 3064 1925 3109 oe-

325 3141 497 3204 Beuedicti
517 3157 575 3204 vos
599 3158 618 3203 a
635 3143 772 3206 Domino
795 3144 850 3220 qui
866 3142 944 3206 11111
958 3143 1080 3206 coelum
1135 3146 1311 3223 copatione
1331 3145 1490 3207 canoniea
1506 3144 1722 3224 praepeditus
1736 3145 1771 3204 in
1784 3145 1923 3222 capitulo
2004 3151 2005 3154 ’

285 3239 318 3301 11
332 3239 466 3312 terram,
483 3241 640 3316 quoniam
664 3241 859 3303 aemulantes
878 3242 1080 3305 charismata
1136 3244 1286 3321 proximo
1303 3260 1339 3305 se
1359 3257 1469 3304 coram
1493 3243 1647 3303 omnibus
1667 3242 1850 3320 prostratus
1872 3257 1924 3304 ac·
2004 3263 2005 3288 ÷

285 3336 437 3409 meliora,
454 3338 486 3399 et
503 3337 543 3398 ad
566 3339 735 3399 anteriora
755 3355 815 3400 uos
835 3355 909 3400 cum
924 3339 1080 3416 Apostolo
1136 3343 1239 3414 cusat,
1267 3341 1399 3418 culpam
1429 3340 1597 3419 propriam
1630 3339 1803 3402 humiliter
1834 3355 1924 3401 reco—
2004 3377 2005 3414 3

274 3433 479 3510 dirigentes,
491 3435 531 3496 de
543 3435 651 3510 gratia
664 3435 699 3495 in
712 3435 854 3511 gratiam
865 3439 898 3498 et
908 3437 947 3498 de
960 3436 1080 3499 virtute
1134 3452 1308 3513 gnosceus.

286 3529 393 3592 auditi
414 3529 518 3610 [estis]
540 3532 933 3608 prolicereinrirtutem,
951 3533 1027 3594 dum
1044 3534 1080 3595 in
1175 3535 1334 3607 Quartum
1364 3535 1400 3595 ut
1433 3534 1569 3596 abbates
1605 3551 1680 3596 cum
1713 3533 1922 3596 conventibus

169 3681 177 3693 .
283 3629 451 3696 mandatis
464 3629 595 3691 Domini
611 3629 826 3693 laudabiliter
839 3631 993 3694 delectati
1006 3648 1081 3694 con·
1135 3630 1697 3699 11111111111111111111,1111111
1728 3631 1923 3708 regulariter
2004 3673 2005 3696 1

284 3727 360 3788 11111
381 3726 582 3790 laudabilius
602 3727 842 3804 amplexantes,
870 3728 906 3791 ut
935 3729 1080 3806 amplius
1135 3729 1319 3802 comedant,
1341 3728 1496 3806 psallant,
1517 3729 1640 3805 legant,
1666 3729 1733 3790 nisi
1755 3728 1839 3790 11111
1862 3743 1920 3788 ne·

283 3826 316 3887 et
331 3825 509 3908 perfectius
529 3826 667 3888 Domino
690 3825 860 3903 placeatis
885 3841 951 3888 non
973 3827 1079 3888 solum
1135 3829 1274 3889 cessitas
1303 3826 1469 3903 hospitum
1500 3825 1563 3888 hoc
1588 3827 1758 3903 impediat,
1783 3827 1837 3888 vel
1858 3825 1920 3892 alia

284 3939 357 4003 quae
383 3923 418 3984 in
436 3923 553 3984 ordine
573 3925 684 3985 vestro
705 3923 902 3998 corrigenda
919 3923 952 3984 et
972 3922 1081 3985 reior—
1130 3926 1222 4003 justa
1243 3941 1357 3997 causa,
1381 3940 1442 3985 nec
1461 3923 1571 3986 tamen
1592 3925 1626 3984 in
1641 3925 1786 4000 hospitio
1802 3923 1918 3986 selca·
2004 3925 2005 3938 ¹

283 4020 404 4088 manda
414 4021 550 4081 inventa
563 4021 649 4094 sunt,
664 4021 832 4098 corrigere
844 4037 883 4082 ac
897 4021 1080 4084 reformare
1134 4039 1225 4085 mera
1236 4024 1308 4085 sine
1322 4037 1417 4084 sacra
1431 4021 1573 4083 lectione
1586 4038 1625 4083 ac
1640 4021 1780 4084 testibus
1795 4022 1834 4083 de
1846 4037 1920 4084 ccu-

284 4118 438 4191 curastis,
463 4133 579 4180 verum
598 4119 699 4180 etiam
722 4119 859 4196 provide
874 4120 1080 4184 attendentes
1135 4122 1245 4183 ventu.

283 4215 370 4293 quod
384 4217 512 4277 tautum
528 4216 601 4293 quis
620 4215 764 4293 propriae
780 4216 895 4278 adimit
919 4216 1077 4286 libertati,
1175 4219 1341 4296 Quintum,
1357 4219 1393 4279 ut
1407 4217 1519 4278 nullus
1530 4217 1622 4294 prior
1632 4217 1859 4279 conventualis
1871 4231 1918 4276 ca·
2004 4263 2005 4302 .

285 4315 443 4390 quantum
460 4331 495 4375 se
511 4313 632 4375 divinae
650 4313 783 4390 subjicit
799 4314 962 4386 servituti,
979 4330 1081 4390 regu·
1135 4332 1270 4388 meram,
1286 4333 1387 4393 equos
1409 4315 1467 4378 aut
1481 4314 1640 4376 familiam
1662 4317 1785 4388 teneat,
1798 4331 1855 4376 nec
1872 4313 1919 4374 1ο-
2004 4327 2005 4342 ’

283 4413 351 4473 lam
374 4413 409 4472 in
434 4428 499 4489 qua
525 4413 644 4487 cupitis
660 4413 799 4473 Domino
817 4409 973 4472 famulari
985 4415 1079 4490 quasi
1134 4416 1298 4477 rinsecam
1317 4414 1640 4475 administrationem
1665 4415 1723 4474 aut
1746 4413 1917 4490 prioratum
2004 4453 2005 4472 ,

283 4511 373 4573 viam
387 4510 656 4572 excellentiorem
670 4510 830 4586 aggressi,
844 4525 979 4572 1111111
990 4511 1078 4571 1111-
1134 4529 1194 4572 sen
1210 4513 1337 4578 curtem
1351 4510 1404 4573 vel
1419 4511 1592 4587 grangiam
1608 4510 1730 4573 audeat
1744 4510 1914 4588 possidere,
2004 4499 2005 4592 1

283 4608 480 4675 vocabiiiter
505 4607 678 4670 statuistis.
701 4607 793 4669 Sicut
813 4608 913 4676 enim,
933 4608 1001 4670 tam
1021 4625 1080 4689 per
1134 4609 1191 4672 sed
1196 4610 1294 4688 juxta
1305 4608 1407 4669 cilicii
1418 4609 1470 4668 sui
1481 4606 1915 4683 nomen,adomuemregula
2004 4619 2005 4654 1

285 4705 443 4767 dilectum
468 4705 572 4766 illium
596 4705 807 4767 Guillelmum
834 4704 984 4767 abbatem
1009 4709 1077 4767 An·
1134 4705 1378 4768 observantiam
1395 4704 1553 4767 exhibere
1569 4705 1700 4768 studeat
1719 4721 1755 4768 se
1770 4707 1912 4784 priorem.
2004 4745 2005 4760 ,

284 4805 519 4873 dreusensem,
554 4819 652 4880 quarn
684 4819 744 4879 per
781 4802 910 4864 litteras
949 4803 1078 4864 vestras
1174 4806 1310 4866 Sextum
1324 4805 1360 4864 ut
1372 4802 1455 4863 nulli
1473 4802 1629 4863 monachi
1642 4803 1814 4865 claustrati
1828 4799 1915 4862 liceat
2004 4795 2005 4874 ,

285 4902 407 4964 nostris
420 4901 557 4962 extribus
570 4901 760 4971 intimastis,
776 4917 877 4977 quum
888 4911 976 4962 anno
991 4916 1079 4978 prae·
1133 4901 1454 4963 administrationem
1492 4899 1638 4976 aliquam
1668 4900 1913 4962 ecclesiasticam

285 5001 381 5064 terite
404 4999 492 5076 apud
518 4998 674 5065 Sanctum
696 4997 894 5070 Quintinum:
908 5014 972 5075 pro
990 4997 1080 5060 cele-
1131 4998 1185 5060 vel
1197 4999 1380 5059 secularem
1392 4997 1433 5058 ad
1438 5001 1494 5076 jus
1503 4997 1697 5059 monasterii
1708 4997 1912 5074 pertinentem
2004 4989 2005 5052 l

282 5099 421 5170 hiando,
429 5095 707 5175 juxtageneralia
720 5097 842 5158 statuta
854 5096 1003 5169 Consilii,
1016 5113 1077 5158 ca·
1132 5096 1173 5157 ad
1189 5095 1318 5162 firmam
1333 5096 1461 5170 tenere;
1483 5111 1544 5156 nec
1562 5093 1613 5155 sas
1635 5095 1678 5157 sit
1696 5097 1727 5157 ei
1750 5093 1913 5172 fidejubere
2004 5109 2005 5172 j

283 5197 388 5274 pitulo
401 5195 560 5272 generali,
578 5195 709 5257 etstatu
722 5193 851 5256 ordinis
867 5193 1077 5258 reformando
1132 5209 1191 5272 pro
1207 5194 1274 5254 alie
1289 5192 1343 5254 vel
1357 5194 1460 5260 alium
1480 5207 1539 5270 pro
1556 5207 1591 5254 se
1610 5192 1817 5270 fidejussoris
1838 5187 1911 5252 obli·
2004 5201 2005 5252 ἴ

283 5295 488 5356 unanimiter
511 5293 744 5364 conveneritis,
775 5291 905 5353 dilectis
933 5291 1012 5352 dliis
1016 5335 1076 5352 .....
1132 5306 1224 5366 gare.

283 5395 324 5456 de
351 5393 506 5462 dumiso„
531 5395 563 5452 et
566 5435 625 5452 .....
654 5391 695 5451 de
715 5387 860 5450 vacellis
887 5387 1076 5462 abbatibus,
1174 5390 1365 5466 Septimum,
1389 5391 1425 5449 ut
1444 5391 1542 5467 juxta
1563 5385 1653 5450 beati
1675 5386 1842 5450 Benedicti
1861 5397 1909 5444 re·

282 5488 514 5554 cisterciensis
540 5488 682 5560 ordinis,
711 5486 858 5549 evocatis
886 5486 1078 5548 continuato
1132 5487 1244 5562 gulam
1265 5486 1503 5562 nequissimum
1519 5485 1637 5548 sitium
1660 5485 1823 5547 retinendi
1839 5493 1907 5559 pre·
2004 5477 2005 5546 l

283 5587 395 5656 biduo,
408 5585 589 5646 secundum
601 5585 750 5660 regulam
765 5585 854 5648 beati
865 5584 1035 5648 Benedicti
1047 5589 1080 5650 et
1132 5584 1241 5661 prium
1268 5584 1410 5646 evitetur
1435 5582 1476 5644 ab
1502 5583 1667 5658 omnibus,
1695 5583 1743 5646 ita
1769 5583 1803 5644 ut
1828 5579 1907 5642 extra
2004 5563 2005 5636 l
