4088 6306
297 341 354 402 187
912 331 1088 394 flosculi
1111 329 1155 392 111
1177 330 1325 392 opsita.
1887 329 1939 388 las

297 513 371 580 quae
396 495 481 575 apud
509 495 652 558 Mentem
670 491 806 556 Subatlo
833 491 912 554 etin
927 491 1088 562 boroella,
1145 488 1230 568 quod
1255 486 1429 550 serenitatl
1472 486 1536 548 tue
1562 485 1746 562 gadarum
1769 485 1939 548 teneamur

296 598 390 660 curia
417 591 512 657 Podii
538 593 571 656 et
600 591 737 668 Stirpeti
768 589 958 667 apostoliea
989 588 1090 650 Sedes
1145 585 1318 648 exsolvere
1333 585 1492 656 actiones,
1517 585 1551 646 et
1568 583 1610 644 ad
1623 582 1850 645 exaudiendas
1862 598 1938 660 pre-

297 694 445 756 noscitur
470 691 632 762 obtinere,
650 688 858 750 universitati
885 687 1004 750 vestre
1033 701 1091 764 per
1145 699 1211 754 ces,
1228 683 1355 760 siquas
1378 681 1474 744 nobis
1496 679 1697 757 porrexeris,
1709 693 1769 757 per
1790 679 1854 741 hoc
1868 697 1941 757 spe-

296 787 487 870 apostoliea
527 787 651 866 scripta
688 785 899 856 mandamus,
929 783 1091 862 quatenus
1146 780 1276 842 cialiter
1288 779 1523 855 astringamur.

298 888 458 968 praedicta
471 885 578 948 eidem
591 883 746 961 episcopo
762 881 950 958 assignetis.
973 882 1091 942 Datum
1185 879 1303 938 Datum
1318 873 1485 946 Laterani,
1504 871 1665 936 kalendas
1680 873 1810 952 aprilis,
1828 874 1939 952 ponti-

300 984 455 1048 Laterani
472 981 624 1046 kalendis
639 981 767 1060 aprilis,
784 995 872 1041 anno
887 978 996 1040 tertio.
1147 972 1263 1035 dcatus
1274 973 1379 1035 nostri
1394 987 1482 1034 anno
1493 971 1602 1034 tertio.

579 1181 808 1274 cuxxvm
1448 1119 1636 1210 “xm

1147 1249 1198 1308 Ad
1209 1247 1499 1318 urclttdtaconum,
1511 1249 1677 1307 decureum
1688 1245 1721 1306 et
1732 1242 1941 1322 manistrum

374 1325 638 1398 Adth'lthlelm
649 1323 1010 1393 Ffalwffl'llmfeffm·
1309 1347 1347 1405 G.
1363 1347 1566 1404 carwrzicum
1580 1346 1775 1404 Rubrenses.

589 1439 699 1514 laprll.
718 1437 798 1498 leto.
1441 1447 1453 1504 l
1468 1446 1548 1520 april.
1568 1447 1646 1505 1219.

331 1559 469 1626 [Bouquet
482 1557 540 1612 llec.
557 1557 600 1607 des
611 1556 715 1614 Hister,
731 1560 749 1604 1.
759 1553 826 1614 lllll,
836 1567 861 1620 p.
876 1553 932 1603 680.
941 1553 1051 1618 Regnat..
1182 1541 1305 1610 fulgeas,
1316 1543 1361 1594 lib.
1374 1543 1416 1602 ill,
1429 1541 1502 1608 epist.
1512 1541 1566 1594 377.
1576 1543 1633 1593 llss.
1645 1543 1753 1608 lapario
1766 1543 1801 1593 dn
1811 1543 1907 1606 Thali]

564 1635 619 1686 lib.
631 1635 675 1693 ¹¹¹»
683 1649 724 1698 ep.
741 1633 809 1698 ³⁹²4
1172 1641 1288 1700 blandat
1302 1649 1332 1699 ut
1348 1639 1384 1700 ad
1397 1641 1505 1715 iustum
1520 1640 1607 1699 linem
1620 1639 1915 1714 perducaturquerela

297 1747 400 1804 Preces
410 1745 445 1802 ad
459 1743 620 1816 Philippum
633 1755 732 1814 regem
745 1741 848 1798 lterum
861 1737 979 1796 adhibet
988 1739 1093 1795 instan·
1355 1729 1570 1802 supercoeleste
1582 1728 1617 1787 de
1629 1731 1726 1788 Sanco.

332 1841 375 1890 ter
398 1831 539 1906 pontifex,
561 1838 592 1888 ut
620 1828 847 1902 quinquennales
870 1827 937 1884 olim
963 1825 1092 1884 inductas
1186 1829 1364 1902 Honorius,
1374 1828 1591 1902 eto.,dilectis
1602 1828 1680 1888 illlis
1691 1827 1939 1899 archidiacono,

328 1922 442 1990 loaunl,
458 1920 569 1993 hoglie
584 1919 657 1990 regi,
673 1931 836 1984 0011681881,
854 1928 1013 1988 11010811θ
1025 1913 1092 1986 velit
1146 1925 1272 1989 decano
1286 1928 1319 1988 et
1331 1926 1490 2002 magistro
1505 1929 1542 1987 G.
1557 1924 1718 1988 canonico
1730 1928 1867 1987 Reman.

329 2023 395 2067 cum
408 2009 537 2082 lllioejus
557 2007 679 2064 henrico
694 2004 730 2062 ad
751 2005 988 2078 quinquennium.
1186 2025 1290 2096 Quum
1306 2023 1338 2084 in
1355 1998 1501 2084 ποιέῃ,
1510 2023 1549 2084 de
1566 2025 1679 2094 sarco,
1692 2038 1764 2100 quae
1776 2021 1940 2100 quondam

336 2126 502 2187 Honorius
512 2124 686 2202 episcopus
709 2137 825 2182 servus
839 2135 1012 2182 servorum
1032 2119 1090 2180 Dei
1145 2119 1253 2182 fuerat
1266 2120 1392 2181 ordinis
1408 2119 1520 2183 Sancti
1533 2117 1720 2196 Augustini,
1732 2135 1829 2196 per...
1840 2119 1943 2180 abba-

297 2223 470 2285 carissimo
496 2222 531 2282 in
559 2220 690 2281 Christo
710 2219 779 2279 illio
794 2217 908 2280 nostro
924 2217 1089 2294 Philippo,
1145 2219 1211 2279 tem
1225 2219 1258 2279 et
1270 2215 1449 2278 monachos
1464 2216 1601 2278 Lobien.
1614 2216 1729 2278 ordine
1745 2215 1940 2288 monastico,

294 2321 368 2396 regi
380 2321 584 2380 Francorum
595 2316 731 2388 illustri,
742 2315 881 2377 salutem
896 2313 1092 2392 elapostoli·
1145 2316 1243 2392 prout
1252 2330 1295 2376 ex
1306 2315 1519 2376 concessione
1530 2313 1730 2376 venerabilis
1741 2313 1856 2375 fratris
1865 2331 1944 2374 nos-

297 2414 659 2479 cambenedictionem.
1145 2411 1198 2484 tri,
1216 2411 1362 2490 episcopi
1381 2411 1535 2474 Leodien.
1553 2411 1616 2473 loci
1638 2411 1820 2472 dioecesani
1840 2411 1884 2471 ad
1908 2427 1942 2471 se

335 2513 457 2574 Animo
492 2509 693 2572 desideranti
720 2525 787 2570 non
817 2508 939 2570 suflicit
963 2507 1091 2570 tanturn
1146 2509 1489 2587 pertinereasserunt,
1504 2507 1703 2579 introducto,
1713 2509 1746 2568 ll.
1760 2507 1944 2586 praesbyter

300 2609 401 2671 semel
423 2610 535 2687 petere
556 2607 642 2684 quod
666 2608 810 2684 optatur.
832 2608 919 2667 Sane
942 2604 1009 2666 alia
1021 2608 1090 2682 jam
1144 2605 1295 2670 ecclesiae
1320 2605 1486 2682 praedictae
1514 2605 1705 2676 canonicus,
1725 2603 1878 2666 eamdem
1902 2605 1942 2665 ad

294 2707 368 2768 vice
384 2705 450 2768 tues
473 2703 645 2766 serenitati
658 2719 775 2780 preces
790 2702 979 2779 porrexisse
991 2717 1090 2763 reco-
1145 2703 1265 2765 statum
1276 2701 1392 2764 reduci
1404 2703 1580 2780 pristinum
1594 2703 1740 2779 cupiens,
1759 2702 1942 2762 nonnullas

296 2803 395 2864 limus
408 2801 569 2863 sollicitas
580 2803 613 2863 et
628 2801 780 2872 attentas,
798 2801 844 2872 ut,
865 2815 939 2860 curn
952 2799 1090 2874 treuga·
1145 2815 1245 2876 super
1259 2799 1321 2861 hoc
1336 2799 1378 2860 ad
1394 2800 1543 2861 diversos
1553 2797 1685 2878 judices
1699 2814 1719 2861 a
1735 2799 1821 2860 Sede
1836 2805 1944 2876 Apos-

296 2915 369 2961 rum
385 2901 464 2961 olim
491 2899 578 2960 inter
592 2899 624 2960 te
639 2900 672 2960 et
693 2897 824 2974 inclytae
849 2895 1090 2958 recordationis
1145 2896 1245 2959 tolica
1268 2896 1396 2959 litteras
1420 2897 1641 2975 impetrasset,
1662 2895 1794 2958 modom
1811 2895 1943 2958 dilectis

297 2997 494 3068 iohannem,
511 2987 623 3072 regern
638 2993 777 3070 Angliae,
794 2993 950 3055 initarum
971 2993 1090 3055 termi·
1146 2995 1261 3056 liliis...
1286 2993 1415 3067 abbate,
1441 2992 1677 3056 archidiacono
1706 2995 1774 3055 et...
1803 2997 1942 3056 cantore

299 3110 361 3155 nus
376 3093 627 3171 appropinquet,
645 3091 691 3152 ita
707 3089 792 3168 quod
815 3091 940 3166 treugae
963 3089 1044 3166 ipsae
1071 3105 1090 3150 a
1144 3090 1634 3154 Atrebatemcausameamdem
1645 3090 1845 3168 quibusoam
1855 3109 1942 3154 corn·

296 3190 449 3268 proximo
477 3189 608 3251 Pascha
641 3185 811 3264 usquead
840 3202 977 3258 annum,
1005 3187 1092 3248 sicut
1146 3189 1296 3250 misimus
1316 3189 1358 3249 ad
1382 3204 1444 3250 nos
1468 3188 1711 3250 remittentibus
1735 3187 1943 3250 sufficienter

293 3287 492 3364 accepimus,
509 3285 667 3346 finientur
682 3283 741 3362 (1),
753 3284 887 3359 treugas
902 3284 1092 3360 specialiter
1145 3287 1353 3356 instructam,
1373 3300 1433 3345 nos
1460 3283 1597 3362 praefato
1622 3286 1656 3345 11.
1683 3285 1716 3346 et
1737 3287 1941 3346 monasterio

293 3399 354 3460 pro
376 3383 563 3444 reverentia
581 3381 704 3443 Christi
729 3395 926 3457 prorogares
944 3380 1088 3451 easdem,
1146 3385 1182 3443 B.
1197 3381 1403 3458 procuratori
1424 3381 1656 3457 praedictorum
1672 3379 1801 3442 abbatis
1813 3383 1846 3442 et
1859 3397 1943 3442 con·

294 3478 467 3542 attendens
483 3493 521 3540 ee
537 3495 610 3555 quae
634 3479 701 3540 tarn
726 3476 759 3537 in
783 3477 972 3538 cismarinis
992 3493 1090 3554 quarn
1145 3481 1263 3540 ventus
1284 3477 1319 3538 in
1334 3479 1448 3539 nostra
1469 3477 1657 3540 constitutis
1674 3479 1861 3554 praesentia,
1883 3479 1941 3538 di-

293 3576 529 3638 transmarinis
542 3573 692 3652 partibus
705 3575 831 3636 instant
845 3574 967 3650 populo
982 3575 1091 3636 chris-
1147 3577 1265 3636 lectum
1290 3574 1394 3636 fllium
1415 3577 1454 3636 11.
1476 3574 1713 3636 subdiaconum
1738 3577 1771 3636 et
1789 3575 1942 3652 capella-

293 3671 397 3742 tiano,
415 3671 447 3734 et
470 3671 686 3733 considerans
712 3671 870 3747 quantum
891 3685 957 3748 pax
982 3671 1037 3732 tua
1059 3673 1092 3732 et
1145 3689 1223 3733 num
1250 3676 1398 3734 nostrum
1421 3671 1645 3734 concessimus
1665 3671 1862 3744 auditorem,
1880 3689 1941 3749 per

294 3770 390 3846 regni
404 3769 452 3831 tui
467 3768 657 3830 necessaria
682 3769 726 3829 sit
743 3767 786 3828 iis
811 3767 868 3844 qui
892 3768 979 3830 ultra
999 3784 1090 3830 mare
1145 3785 1241 3847 quern
1257 3768 1428 3830 hincinde
1443 3769 1620 3846 propositis
1636 3769 1766 3846 plenius
1784 3769 1941 3831 intellec·

294 3882 354 3944 pro
370 3867 433 3928 ilde
444 3865 566 3927 Christi
576 3864 759 3928 decertant.
770 3865 862 3927 Licet
876 3881 955 3942 ergo
971 3881 1088 3944 spere·
1144 3868 1198 3938 tis,
1215 3866 1370 3944 praefatos
1382 3866 1534 3928 abbatem
1546 3869 1577 3928 et
1590 3869 1790 3928 conventum
1799 3867 1842 3928 ab
1854 3871 1943 3943 ejus·

294 3981 378 4036 mus,
396 3964 482 4041 quod
509 3963 632 4038 regalis
650 3963 781 4024 devotio
801 3979 916 4040 preces
942 3965 1087 4033 nostras,
1144 3963 1218 4025 dem
1238 3966 1273 4024 Ε.
1290 3963 1324 4023 in
1346 3963 1505 4040 petitione
1522 3963 1626 4040 ipsius
1640 3963 1802 4035 ecclesias,
1819 3980 1855 4025 se
1871 3980 1939 4024 non

204 4088 207 4094 ·
295 4061 480 4139 praesertim
505 4063 573 4122 tam
600 4059 800 4121 favorabiles
820 4061 852 4120 et
868 4061 1087 4133 necessarias,
1144 4065 1339 4123 vexatorum
1351 4059 1651 4137 eosdem,praestito
1659 4062 1849 4138 Juramento
1861 4077 1939 4138 pro·

292 4171 359 4218 non
385 4155 533 4233 repellet,
550 4155 607 4216 sed
623 4171 714 4216 more
739 4171 799 4217 suo
820 4156 976 4219 exaudiet
993 4172 1090 4218 reve-
1143 4158 1244 4229 misit,
1261 4158 1301 4218 de
1315 4157 1456 4218 fratrum
1471 4159 1660 4220 nostrorum
1676 4157 1817 4218 consilio
1833 4158 1939 4218 dusi-

291 4256 415 4324 renter‚
441 4251 630 4314 sollicitudo
655 4253 777 4324 minen,
808 4269 882 4330 quae
908 4269 1009 4330 super
1024 4253 1088 4316 hoc
1144 4272 1216 4316 mus
1227 4255 1454 4326 absolvendos,
1464 4271 1503 4316 ac
1515 4254 1675 4317 exofflcio
1693 4257 1806 4317 nostro
1822 4256 1870 4317 sic
1881 4271 1943 4316 su-

293 4351 441 4412 animum
459 4351 607 4412 nostrum
631 4350 734 4426 angit,
750 4364 864 4428 preces
880 4349 1013 4411 easdem
1027 4367 1087 4413 nos
1143 4352 1774 4430 perhocproviderevole.rtes,uteidem
1785 4353 1939 4414 ecclesiae

290 4447 451 4524 compulit
476 4446 660 4520 iterarent
684 4445 756 4508 haec
779 4447 850 4524 ipsa
872 4447 1005 4509 iteratio
1027 4448 1087 4509 tibi
1143 4449 1213 4510 sive
1224 4449 1265 4510 de
1279 4449 1449 4510 monachis
1461 4449 1512 4510 vel
1528 4449 1698 4510 canonicis
1715 4449 1841 4511 utiliter
1856 4466 1942 4511 con-

290 4545 423 4622 plenius
451 4547 599 4607 nostrum
624 4559 725 4621 super
747 4543 811 4605 hoc
829 4544 983 4606 allectum
999 4544 1086 4606 insi·
1142 4547 1280 4618 sulatur,
1298 4546 1510 4622 praesentium
1525 4545 1619 4606 vobis
1631 4547 1830 4608 auctoritate
1842 4563 1942 4608 man-

291 4644 382 4712 nuet,
396 4641 429 4703 et
443 4641 484 4702 ad
504 4657 620 4717 preces
635 4642 725 4718 ipsas
746 4639 880 4703 effectui
893 4643 1088 4718 manoipan·
1142 4644 1268 4715 damus,
1283 4643 1444 4720 quatenus
1457 4642 1677 4720 personaliter
1688 4643 1883 4705 accedentes
1896 4645 1940 4706 ad

291 4737 350 4799 das
361 4738 460 4800 citius
477 4739 602 4814 regiam
619 4737 853 4800 sublimitatem
874 4738 1011 4800 inclinet
1026 4738 1084 4818 (2).
1142 4741 1261 4812 locum,
1279 4737 1430 4800 habendo
1447 4755 1516 4818 prae
1538 4739 1643 4800 oculis
1659 4739 1765 4801 solum
1779 4741 1883 4800 Deum
1898 4741 1941 4801 de

291 4837 459 4910 Rogamus
474 4834 577 4910 igitur
588 4835 820 4897 excellentiam
833 4840 923 4898 tuam
938 4838 971 4898 et
985 4835 1085 4899 obse·
1141 4836 1312 4898 monachis
1321 4834 1456 4896 bobien.
1468 4836 1521 4897 vel
1533 4835 1703 4898 canonicis
1713 4835 1937 4911 regularibus,

290 4932 465 4994 cramusin
482 4933 632 5004 Domine,
648 4947 708 5008 pro
718 4933 855 5008 speciali
869 4949 1004 4996 munere
1016 4939 1087 5013 pos·
1141 4951 1223 5012 quos
1238 4933 1344 5009 magis
1353 4933 1394 4993 ad
1409 4932 1441 4992 id
1453 4932 1611 5010 expedire
1621 4932 1772 4994 videritis
1787 4933 1940 4994 eamdem

288 5032 446 5102 tulantes,
470 5029 653 5106 quatenus,
681 5045 827 5106 pensans
853 5031 998 5094 sollicite
1029 5049 1087 5093 su·
1141 5031 1315 5094 ecclesiam
1337 5030 1513 5106 ordinetis;
1530 5031 1801 5102 contradictores,
1816 5031 1869 5091 vel
1883 5047 1940 5091 re-

288 5128 449 5206 pradicta,
464 5129 599 5203 treugas
613 5125 804 5204 specialiter
812 5127 854 5188 ob
864 5130 1086 5192 reuerentiam
1140 5128 1242 5190 belles
1254 5143 1314 5206 per
1326 5143 1500 5188 censuram
1517 5127 1777 5189 ecclesiasticam
1792 5128 1939 5204 appella·

288 5225 410 5288 Christi
426 5228 459 5287 el
473 5223 638 5303 publicam
654 5223 831 5286 utilitatem
847 5225 958 5302 populi
969 5226 1086 5287 Chris·
1140 5227 1229 5287 tione
1244 5225 1426 5303 postposita
1444 5226 1700 5302 compescentes.
1717 5225 1809 5296 Quod
1826 5226 1855 5284 si
1872 5241 1938 5286 non

287 5323 370 5384 tiani
387 5338 492 5400 usque
507 5321 548 5383 ad
562 5321 825 5398 quinquennium
843 5336 1000 5398 prorogas
1016 5339 1086 5386 me-
1140 5339 1266 5395 omnes,
1281 5325 1343 5384 etc.
1361 5324 1479 5385 Datum
1495 5323 1650 5384 Laterani
1666 5321 1830 5384 lcalendas
1841 5323 1938 5400 apri-

288 5421 445 5492 moratas,
461 5418 1083 5497 precaminanostrataliterauditurus,
1140 5419 1182 5482 lis
1194 5435 1282 5482 anno
1296 5421 1406 5483 tertie.

325 5577 366 5650 (1)
387 5575 567 5635 induciarum
596 5583 710 5649 paetum
740 5591 804 5634 cum
835 5579 945 5634 loanne
974 5577 1085 5649 hogliue
1177 5575 1218 5646 (1)
1235 5575 1351 5634 llonorii
1376 5576 1485 5634 litteras
1500 5575 1534 5634 ed
1556 5576 1771 5634 Glstorcieoeem
1792 5583 1824 5632 et
1839 5577 1934 5634 Clare·

289 5663 368 5722 rege,
383 5647 510 5704 habitum
527 5661 602 5704 sono
617 5647 695 5718 1111,
713 5663 811 5706 mense
827 5647 990 5720 septembri.
1140 5649 1297 5705 vallensem
1308 5647 1437 5714 abbates,
1455 5655 1474 5704 t.
1491 5650 1513 5717 l,
1530 5649 1613 5720 epist.
1629 5649 1676 5716 81,
1692 5647 1745 5704 ool.
1761 5646 1821 5702 111.
