3988 6306
87 385 134 460 aii
690 393 1097 456 nnrs'roum.urn.1v.
1271 425 1273 432 ·
1401 449 1404 454 .
1655 399 1716 458 ess

87 561 112 622 ri
130 573 189 620 non
215 562 328 619 omnes
353 555 494 634 possetis
518 553 658 618 forsitan
685 555 861 625 interesse,
918 553 1087 614 nonnullis
1098 552 1313 630 indulgentiis
1328 555 1483 632 specialis
1493 556 1610 632 gratiae
1625 571 1714 634 pree-

87 653 158 731 quod
179 652 243 730 ipsi
270 651 391 714 iratres
412 651 520 713 nostri
540 649 749 714 concorditer
774 649 863 710 iate·-
918 651 1068 728 rogativa
1083 651 1243 727 munivit3
1266 667 1325 713 nos
1340 654 1452 714 autem
1466 653 1523 730 qui
1538 653 1714 717 salutifera

88 752 202 822 bantur,
218 746 304 810 unde
320 748 413 826 petiit
433 748 569 809 nuntius
589 747 808 824 supradictus,
829 747 865 806 ut
919 748 1091 810 commoda
1109 752 1219 810 vestra
1237 749 1381 825 benigno
1400 749 1515 814 favore
1535 752 1713 829 prosequi-

88 865 149 911 cum
166 848 235 924 ipse
249 849 387 908 irenen.
418 845 475 922 qui
496 843 695 906 credebatur
717 844 864 906 facturus
920 862 1004 918 mur,
1031 845 1266 924 tranquillitati
1284 849 1404 909 vestrae
1431 847 1585 920 libenter,
1616 851 1714 926 prout

88 944 159 1021 apud
187 943 304 1006 sedem
330 929 554 1020 apostolicam
581 941 714 1018 longam
738 955 865 1002 moram
919 957 1104 1021 possumus,
1126 944 1339 1019 providemus
1352 946 1550 1008 anctoritate
1565 961 1715 1022 praesen-

83 1047 140 1120 jam
152 1057 321 1118 regressus
337 1040 377 1102 ad
391 1040 537 1116 propria,
549 1039 637 1100 dicto
651 1038 784 1114 negotio
803 1052 865 1098 va·
919 1040 1003 1104 tium
1020 1040 1211 1114 inhibendo,
1227 1057 1270 1103 ne
1288 1043 1391 1118 legati
1406 1043 1715 1121 sedisapostolicae

86 1141 141 1202 leat
162 1140 324 1202 iuteresse
347 1154 406 1216 per
429 1153 501 1206 vos,
520 1139 554 1198 et
574 1137 683 1215 ipsum
698 1135 734 1196 in
750 1134 865 1196 ecdem
921 1139 994 1200 sine
1008 1139 1146 1216 speciali
1158 1139 1313 1202 mandato
1326 1141 1439 1202 nostro
1453 1141 1490 1202 in
1504 1155 1565 1202 vos
1579 1157 1717 1204 excom-

85 1236 204 1314 procedi
223 1236 356 1312 negotio
379 1235 625 1296 mandaremus.
655 1233 737 1294 Cum
764 1232 867 1308 igitur
921 1236 1155 1300 manicationis
1167 1238 1221 1300 vel
1231 1236 1472 1316 suspensionis,
1488 1239 1716 1302 etiumonas-

85 1333 264 1396 intentionis
278 1335 400 1395 nostrae
415 1348 481 1394 non
496 1330 868 1408 tueritsuspectumju-
920 1333 1006 1395 teria
1031 1336 1143 1396 vestra
1166 1333 1334 1398 interdicti
1358 1335 1541 1399 sententias
1567 1338 1717 1415 promul-

87 1432 176 1493 dicem
205 1431 405 1506 subrogare,
430 1445 506 1492 cum
539 1443 598 1506 per
625 1427 689 1489 hcc
714 1425 867 1504 impediri
921 1430 1009 1508 gent.
1039 1430 1132 1492 Nulli
1155 1447 1235 1508 ergo
1260 1431 1395 1502 omniuo
1422 1432 1593 1494 hominum
1616 1434 1717 1498 liceat

85 1529 175 1614 possit
186 1529 297 1604 ipsum
311 1527 481 1604 negotium
501 1525 586 1604 quod
599 1524 793 1588 volebamus
808 1537 868 1600 per
922 1527 1009 1590 hauc
1030 1529 1187 1606 paginam
1214 1533 1337 1592 nostrae
1362 1529 1571 1593 inhibitionis
1591 1532 1715 1594 inirin-

83 1626 338 1702 iubrogationem
362 1623 553 1702 hujusmodi
577 1623 675 1684 citius
698 1620 866 1706 expediri,
922 1641 1011 1700 gem,
1027 1627 1080 1688 vel
1094 1627 1126 1689 ei
1143 1643 1228 1688 ausu
1241 1627 1432 1700 temerario,
1450 1630 1513 1692 etc,

88 1723 265 1784 discretioni
294 1721 414 1784 ventres
442 1732 501 1798 per
527 1719 717 1798 apostolica
745 1717 868 1794 scripta
963 1725 1082 1786 Datum
1092 1723 1244 1796 viterbii,
1261 1727 1381 1802 quarto
1395 1739 1501 1788 nonas
1516 1725 1713 1800 decembris,

85 1820 279 1892 mandamina,
289 1819 464 1896 quatenus
473 1818 501 1878 si
507 1817 547 1879 de
554 1814 867 1892 consensupariium
922 1820 1134 1898 pontificatus
1146 1822 1251 1886 nostri
1267 1837 1353 1884 anno
1366 1824 1495 1900 quarto,

84 1919 140 1992 jam
151 1920 200 1978 est
213 1931 275 1994 per
291 1931 352 1978 vos
364 1917 397 1977 et
412 1915 539 1977 dictum
557 1913 820 1976 antissiodoren.
832 1912 868 1972 in

88 2012 147 2086 ipsa
170 2025 272 2072 rausa
297 2023 507 2088 processum,
539 2008 594 2069 vel
620 2006 729 2068 adhuc
756 2005 867 2082 partes
1274 1983 1363 2078 LIX

88 2107 312 2178 consenserint,
327 2109 364 2168 ut
376 2121 434 2183 per
443 2106 542 2167 vcset
551 2102 868 2166 eumdemAutissio
941 2123 993 2186 Aa
1015 2117 1184 2186 ¹,manum
1205 2123 1238 2185 ῃ
1261 2125 1448 2198 campulum
1466 2127 1693 2190 parisiense&

87 2204 184 2265 doren.
196 2205 392 2292 episcopum
412 2201 621 2280 procedatur,
637 2217 697 2264 vos
713 2205 867 2261 unacum
1191 2235 1339 2295 memb
1366 2239 1445 2296 latit

85 2313 118 2361 'eo
137 2301 325 2364 mandatum
340 2302 489 2362 nostrum
513 2299 651 2376 exsequi
666 2299 863 2386 procuretis.
1085 2343 1196 2408 [Nom
1207 2281 1361 2402 ommis&
1372 2343 1441 2402 m
1451 2358 1481 2404 n,
1494 2343 1561 2412 Μ]

87 2399 325 2476 ᾸΠΟΨῙΗΘΟῙΠ
338 2415 402 2476 ‘1¹¹⁰
411 2413 472 2476 -per
481 2397 590 2474 ipsum
602 2395 865 2458 suessionense.
922 2443 1084 2516 rnrnppum
1106 2441 1142 2500 ue
1167 2443 1269 2513 orere,
1286 2443 1476 2502 missensem
1498 2443 1714 2516 enarrasse,

87 2511 261 2607 processum
273 2495 370 2558 0⁸¹5ss
382 2511 446 2605 '⁸¹¹⁰
456 2493 575 2556 ΓΟΒΟΓΘ
586 2493 800 2604 P⁰rf¹¹³¹¹e¹¹tf³
810 2510 867 2555 ⁸¹¹⁸
957 2531 1034 2589 nullo
1045 2533 1142 2589 liomec
1149 2539 1247 2588 contra
1262 2547 1328 2589 eum
1339 2537 1505 2590 accusatore
1519 2541 1713 2608 comparanto,

88 2594 211 2668 paratus
218 2609 288 2654 una
297 2609 371 2654 cnm
380 2608 452 2670 ipso
460 2594 760 2669 Treceneprscopo
773 2607 807 2651 in
815 2605 868 2651 eo·
957 2635 1022 2678 mm
1035 2621 1130 2694 grau,
1146 2620 1272 2678 ,emm

89 2689 147 2750 dem
170 2691 308 2768 negotio
329 2685 428 2767 juxta
456 2690 605 2766 priorum
630 2688 867 2750 continentiam

88 2786 259 2850 litterarum
275 2787 455 2866 procedere
470 2802 536 2848 nou
550 2786 700 2858 tardetis,
717 2786 810 2848 salvo
828 2801 867 2846 eo

89 2885 158 2960 guod
181 2885 362 2948 terminum
395 2900 460 2962 quo
489 2899 592 2946 causa
615 2883 712 2946 debet
736 2883 777 2944 ad
807 2897 868 2944 uos

87 2980 231 3044 instructa
244 2982 371 3044 remitti
385 2995 487 3059 usque
502 2980 543 3042 ad
559 2981 698 3058 primam
714 2980 867 3044 Domini-

90 3095 146 3140 cem
164 3079 443 3158 quadragesimae,
467 3094 504 3140 re
518 3079 567 3140 ita
580 3078 746 3155 exigente,
765 3077 867 3139 duxi-

89 3192 145 3238 mus
163 3175 421 3254 prorogandum.
446 3177 564 3236 Datum
584 3174 736 3249 viterbii,
749 3177 868 3254 quarto

86 3287 175 3336 nonas
186 3273 385 3343 decembris,
399 3288 487 3334 anno
498 3275 628 3351 quarto.

963 2729 1130 2792 Honorius
1145 2719 1271 2793 decano
1294 2732 1327 2793 et
1347 2731 1493 2818 capitulo
1515 2729 1710 2804 parisiensi,

923 2825 1063 2888 salutem
1078 2830 1111 2890 et
1124 2827 1339 2906 apostolicam
1359 2827 1633 2891 benedictionem.

962 2927 1043 2986 Cum
1071 2924 1113 2986 ad
1139 2937 1239 2987 aures
1268 2927 1400 2988 nostras
1424 2926 1466 2988 de
1493 2926 1614 2988 dilecto
1645 2927 1715 2990 tilio

924 3023 1022 3096 Pb...‚
1051 3023 1406 3110 cancellario-vestro,
1427 3009 1578 3101 quaedam
1596 3026 1715 3101 gravia

923 3121 1163 3201 provenissent,
1186 3123 1219 3184 ot
1245 3119 1285 3182 ob
1313 3119 1377 3183 hoc
1400 3135 1475 3182 eum
1502 3121 1543 3184 ad
1568 3123 1715 3184 nostram

923 3305 1018 3381 nobis
1040 3316 1246 3395 postmodum
1265 3319 1486 3394 comparente,
1504 3317 1615 3378 nullus
1631 3323 1714 3380 c'on-

407 3429 537 3530 LVHI
923 3415 1148 3479 tra-eumdem
1171 3414 1356 3492 comparuit
1379 3414 1564 3488 accusator,
1592 3427 1663 3488 nos,
1680 3414 1715 3477 in

363 3570 370 3582 ‚
469 3571 474 3582 ,
924 3514 986 3575 hoc
1003 3515 1039 3574 et
1057 3513 1133 3574 aliis
1156 3527 1216 3574 vos
1246 3511 1413 3574 bonorare
1437 3511 1604 3584 volentes,
1634 3528 1716 3590 quos

88 3566 128 3626 ’Μ
147 3569 304 3630 abbatem
330 3567 594 3630 cwtermewm
619 3567 653 3628 εἰ
687 3567 869 3658 mmm?
923 3611 1018 3673 nobis
1035 3610 1187 3672 novimus
1210 3608 1454 3685 etapostolicae
1475 3609 1553 3669 Sedi
1568 3609 1714 3683 devotos,

377 3666 563 3726 mame&
923 3709 956 3771 et
967 3709 1024 3786 qui
1043 3723 1087 3770 ex
1100 3707 1222 3769 affectu
1236 3705 1448 3778 sinceritatis,
1470 3719 1567 3783 quem
1589 3707 1630 3769 ad
1648 3709 1717 3770 lio·

334 3775 502 3836 ²⁶⁶⁰0mb·
525 3775 605 3835 ¹²¹9·
923 3819 1056 3867 manarn
1078 3799 1208 3865 habetis
1223 3802 1420 3874 Ecclesiam,
1437 3803 1511 3864 dari
1535 3819 1641 3881 nuper
1659 3820 1717 3865 ec-

107 3879 277 3948 {spanagium
289 3882 454 3934 ΜΝ
464 3883 496 3934 ‘¹⁰
508 3881 635 3940 ffi'wi’
646 3897 672 3948 Ψ
684 3882 740 3944 ⁷³⁰³
751 3895 779 3933 ¹¹·
791 3881 843 3948 ω’]
923 3904 1034 3966 clesiae
1068 3902 1189 3963 vestrm
1226 3899 1383 3961 dilectum
1425 3898 1531 3960 tilium
1566 3903 1715 3962 nostrum

88 3985 183 4046 inhibet
204 4005 244 4046 11³
264 3989 354 4064 legati
378 3987 459 4047 sedis
479 3989 651 4062 Al⁰⁸l⁰¹¹⁰ffl
665 3990 728 4046 ³1³0
752 3989 869 4061 will
922 4003 1001 4074 Am,
1020 4001 1054 4061 S.
1072 4001 1233 4060 susannae
1253 3995 1480 4074 presbyterum
1498 3996 1714 4072 cardinalem,

114 4077 242 4136 mandato
270 4093 354 4150 papa
373 4078 405 4134 in
423 4091 475 4136 eos
499 4078 803 4136 excommunicationis
824 4088 869 4144 vel
923 4101 957 4161 in
997 4097 1187 4176 episcopum
1230 4093 1439 4172 postulastis,
1476 4094 1715 4157 cancellarium

114 4167 306 4238 srspensionis
326 4174 356 4224 et
376 4167 405 4224 iu
424 4179 525 4225 eorum
539 4166 714 4225 monasteria
728 4167 868 4226 interdicti
923 4196 1031 4274 ipsum
1050 4191 1092 4254 ad
1113 4205 1173 4255 Μ
1194 4207 1269 4254 cum
1290 4191 1398 4267 grafia
1422 4193 1535 4254 nostra
1558 4193 1715 4254 duximus

116 4255 265 4314 ‘illenim
281 4255 474 4328 promulgant.
923 4290 1166 4354 remittendum.
1188 4291 1307 4350 Datum
1324 4288 1475 4361 viterbii,
1488 4291 1518 4350 ll
1534 4305 1639 4351 nonas
1652 4290 1714 4352 de-

121 4359 283 4422 Eouorius
321 4362 516 4438 episcopus,
550 4377 666 4424 servus
696 4377 868 4424 servornm
923 4389 1077 4460 compris,
1093 4387 1322 4464 nmquam,

91 4449 150 4524 liei,
162 4458 292 4522 dilectis
302 4458 381 4519 tiliis
391 4457 503 4521 abbati
518 4460 730 4522 cisterciensi
745 4464 777 4522 et
792 4461 870 4522 uni·

90 4555 178 4616 rarsis
187 4554 407 4618 coabbatibus
425 4559 498 4632 ejus
519 4560 553 4618 et
565 4556 724 4620 iratribus
736 4557 798 4618 sub
810 4571 869 4620 eo·
1288 4556 1355 4643 LX

90 4647 295 4821 {mm
306 4653 649 4813 bgssgdffceffifflbuh
675 4654 816 4717 ⁸³¹¹¹i⁰m
835 4657 868 4718 θ*
1060 4695 1113 4754 aa
1131 4691 1575 4753 ercasamnnnoenenam.
1644 4653 1651 4666 ⁸

120 4846 192 4907 Cum
217 4847 348 4908 ordinis
381 4847 484 4910 vestri
512 4794 675 4924 generosa
706 4848 866 4926 plantatio
1191 4799 1350 4930 ⁷de⁰⁹¹f¹b'
1368 4811 1446 4870 ΩΨ·

90 4941 192 5004 nuos
206 4943 383 5020 religionis
393 4946 620 5009 ethonestatis
631 4947 869 5009 doresetiruc·
953 4919 1089 4988 [mmm
1099 4917 1210 4971 ”mm
1222 4917 1361 4969 ’θάψει
1372 4917 1405 4968 ⁸⁶
1415 4931 1512 4969 annum
1528 4919 1597 4979 '¹¹⁹‘
1609 4919 1622 4985 ⁸
1633 4921 1686 4989 ²¹¹]

90 5031 130 5096 tos
142 5041 327 5114 protulerit,
344 5041 451 5103 effuso
467 5041 566 5119 longe
576 5043 707 5120 lateque
721 5043 868 5106 laudam.
922 5029 1058 5088 Ecclesia
1071 5025 1258 5085 Antiochense
1273 5025 1391 5098 praeficit
1406 5027 1434 5083 iu
1449 5025 1641 5098 patriarcham
1655 5029 1718 5086 Rai-

90 5128 121 5190 p„
138 5137 401 5200 conservationis
421 5137 534 5211 odom,
563 5140 867 5216 Apostolicaesedis
944 5118 1065 5186 nerium,
1081 5117 1109 5174 S.
1128 5117 1264 5174 Romane
1281 5115 1417 5172 Ecclesia
1439 5115 1715 5176 vicecancellarium.

90 5233 253 5296 auctoritas
262 5234 477 5296 considerans
486 5251 545 5316 pro
557 5237 697 5298 Marthae
709 5237 868 5302 sollicitu-
961 5251 979 5296 s
998 5235 1079 5294 Cum
1099 5233 1255 5294 dilectum
1268 5233 1417 5294 nostrum
1438 5231 1714 5307 magistrumn...

90 5321 868 5412 dineprovideudumesseMariaequieti,utoran·
921 5333 1124 5408 capuanum,
1145 5346 1242 5408 quem
1261 5328 1537 5405 deputaveramus
1558 5329 1599 5389 ad
1623 5333 1716 5407 regi-

91 5421 124 5482 tis
143 5427 255 5489 itariae
278 5428 448 5505 suffragiis
473 5431 700 5508 satagentibus
727 5434 867 5496 Marthae
921 5443 996 5492 men
1011 5429 1161 5492 ecclesia
1177 5427 1377 5498 memoratae,
1394 5425 1483 5486 circa
1498 5441 1560 5487 nos
1574 5429 1664 5492 certa
1677 5431 1717 5494 de

91 5518 261 5586 sollicitudo
272 5526 643 5604 ministeriijuvaretur,
655 5529 868 5592 naalienite-
922 5542 1023 5590 causa
1046 5525 1288 5604 providerimus
1314 5522 1538 5596 retinendum,
1564 5527 1715 5590 eumdem

92 5619 233 5684 ueritatis
244 5621 401 5686 incursus
412 5638 479 5686 reae
491 5626 753 5688 conservationis
763 5627 866 5690 otium
921 5626 957 5687 iu
991 5623 1131 5688 fratrum
1173 5624 1363 5683 nostrorum
1405 5620 1584 5698 collegium
1612 5639 1716 5686 assu·

94 5717 299 5791 renumeret,
316 5719 466 5782 ordinem
484 5721 590 5797 ipsum
600 5723 824 5799 etprivilegiis
835 5727 867 5786 et
922 5722 1051 5794 mendo,
1069 5720 1199 5784 tandem
1221 5717 1262 5779 ad
1286 5718 1421 5780 multam
1444 5719 1635 5781 instantiam
1659 5721 1714 5783 di-

922 3220 1133 3298 praesentiani
1154 3225 1377 3290 vocassemus,
1406 3219 1495 3296 quia,
1511 3217 1584 3296 ipso
1602 3235 1715 3283 coram
1842 3243 1845 3248 ¹
