3946 6304
37 175 39 226 l

36 273 39 302 t

36 303 38 348 l

87 367 135 428 00
680 351 908 430 nursicus.
933 367 1013 428 nra.
1034 367 1087 430 ru.
1456 457 1460 465 Ι
1649 372 1708 434 no

361 549 555 637 CLXXIII
911 523 984 588 dem
999 523 1160 588 beneflcio
1184 525 1402 592 absolutionis
1426 527 1587 606 impenso,
1605 528 1707 592 talem

419 685 425 699 ⁸
910 622 1041 700 injungi
1067 623 1294 699 poenitentiam
1330 623 1390 686 sub
1422 625 1531 688 debito
1564 627 1706 704 praestiti

83 687 126 744 ’111
149 684 355 744 Gummum
387 685 624 746 mammem
643 685 678 746 ‘³‘
692 688 857 759 Gafflm'
906 719 1098 796 juramenti,
1116 719 1203 796 quod
1217 720 1373 784 uidelicet
1395 737 1522 790 omnes,
1549 724 1604 800 qui
1620 739 1706 785 con·

177 779 256 840 dum
271 781 544 842 Trmremm
558 784 745 858 6111300903·
909 819 1071 880 venerunt
1095 817 1136 878 ad
1162 817 1303 906 insidias
1318 820 1435 882 contra
1446 819 1555 897 ipsum
1575 821 1707 897 episco-

355 900 462 976 10111111
479 902 557 960 ¹²2⁰·
909 929 987 990 pum
1008 928 1069 976 nec
1090 915 1201 976 100000
1226 915 1466 992 praesciverunt
1486 933 1562 980 eum
1585 915 1706 980 debere

112 1005 502 1072 [napnudtlnnuucuesnst
514 1005 819 1074 mantuanensis]
910 1010 1067 1082 interimi,
1082 1027 1143 1072 nec
1157 1014 1228 1088 ejus
1241 1012 1411 1076 interitum
1425 1015 1702 1092 procuraverunt,

80 1113 221 1173 11000οι00
234 1113 854 1189 000000000000000000010000000000,
909 1107 982 1170 0100
1003 1107 1162 1172 diletione
1186 1109 1403 1186 resignabunt
1421 1111 1571 1176 anicien.
1594 1111 1707 1174 eccle-

108 1201 291 1260 interiectcres
331 1203 445 1260 neberti
472 1203 634 1262 tuiciensis
661 1205 789 1278 episcopi
818 1202 855 1261 ad
909 1203 978 1277 sire,
995 1205 1024 1268 si
1040 1205 1114 1285 quis
1135 1221 1250 1270 eorum
1265 1207 1301 1269 in
1316 1207 1450 1270 tendum
1473 1204 1705 1286 tenetaliquid

107 1289 237 1364 itendiffl
260 1291 456 1390 ioessllessfiflffl
472 1293 667 1366 1111101111οω
686 1307 736 1366 per
750 1307 853 1352 oessill·
909 1301 950 1364 ab
963 1301 1077 1366 eadem
1099 1319 1161 1366 nec
1182 1303 1264 1368 illud
1286 1321 1431 1384 unquam
1458 1305 1498 1369 de
1513 1307 1634 1370 caetero
1647 1323 1705 1368 re-

106 1394 159 1438 iiffl
173 1378 396 1438 ⁶0⁰¹⁹⁸i⁸⁸¹¹⁰⁸ffl
412 1380 595 1454 ⁰⁰¹¹¹l⁹¹¹³¹¹¹·
909 1401 1031 1476 petent,
1050 1417 1112 1464 nec
1133 1417 1173 1466 ea
1185 1401 1226 1463 de
1239 1419 1339 1466 causa
1355 1403 1585 1482 inquietabunt
1596 1405 1705 1481 ipsam

109 1495 265 1558 llcncrius
298 1497 494 1574 episcopus,
532 1513 649 1560 servus
683 1513 854 1560 servorum
909 1497 1101 1573 ecclesiam3
1127 1513 1188 1561 nec
1209 1499 1288 1562 inde
1304 1501 1483 1563 movebunt
1503 1501 1533 1562 ei
1557 1501 1702 1579 aliquam

78 1593 136 1664 bei,
151 1591 331 1654 venerabili
347 1591 443 1655 tratri
456 1593 644 1667 Guillelmo,
666 1595 855 1660 salutemet
909 1595 1135 1673 quaestionem.
1160 1597 1208 1658 Ad
1223 1597 1296 1660 llaec
1309 1597 1344 1658 in
1360 1598 1493 1661 civitate
1514 1597 1652 1660 Podien.
1673 1597 1705 1658 si

77 1690 273 1767 apostolicam
293 1689 569 1754 benedictionem.
908 1707 1025 1755 secure
1047 1693 1213 1770 poterunt,
1227 1709 1327 1756 unam
1342 1693 1466 1758 lactent
1484 1693 1705 1773 quadragesi·

109 1788 274 1851 Piaculare
294 1789 470 1866 flagitium,
494 1790 580 1867 quod
595 1791 796 1854 Bertrandus
813 1789 854 1854 de
909 1803 995 1849 mam
1014 1789 1176 1858 ostiatim,
1201 1791 1306 1852 induti
1322 1792 1439 1864 saccis,
1459 1791 1512 1853 vel
1528 1792 1649 1854 ciliciis
1663 1807 1704 1852 ac

76 1887 174 1954 00000,
186 1888 218 1949 01
231 1889 304 1963 ejus
319 1887 496 1966 complices
509 1889 746 1952 commiserunt
759 1889 854 1952 bonae
908 1885 1055 1948 detonsis
1075 1885 1238 1964 capitibus
1256 1887 1495 1960 mendicantes,
1511 1889 1544 1949 in
1562 1903 1649 1966 pane
1671 1889 1705 1950 et

76 1984 227 2046 memoriae
242 1984 454 2048 aniciensem
466 1985 657 2063 episcopum
675 1986 856 2052 crudeliter
909 1999 994 2060 aqna
1016 1983 1067 2046 bis
1084 1983 1117 2044 in
1133 1983 1337 2052 hebdomada
1356 1986 1550 2062 jejunando.
1567 1985 1705 2057 Quodsi

76 2080 247 2154 occidendo,
270 2081 352 2144 dere
366 2082 446 2144 libet
459 2083 582 2160 potius,
604 2099 702 2160 quam
715 2084 852 2156 reterre,
909 2079 993 2142 sorte
1016 2095 1133 2142 secure
1158 2095 1224 2142 non
1247 2081 1402 2157 poterunt
1423 2097 1496 2142 esse
1512 2081 1547 2142 in
1569 2081 1703 2143 civitate

76 2177 136 2252 ipsa
158 2177 362 2242 immanitate
399 2179 518 2256 flagitii
547 2179 648 2242 rerba
682 2179 855 2258 profundis
908 2177 1084 2253 praedicta,
1116 2177 1297 2238 secundum
1325 2179 1544 2255 praenotatum
1570 2178 1702 2240 modum

75 2273 276 2338 intercidente
306 2275 476 2352 suspiriis,
498 2279 531 2340 et
553 2277 720 2356 lacrymas
741 2279 855 2342 invitis
910 2290 1009 2336 unam
1025 2273 1147 2337 lactent
1162 2273 1451 2352 quadragesimam
1471 2276 1507 2339 in
1531 2275 1644 2353 aliqua
1661 2275 1702 2337 de

75 2371 160 2436 otiam
180 2372 286 2434 oculis
310 2374 529 2451 exprimente.
555 2376 657 2446 Quem
682 2376 770 2438 enim
786 2392 854 2438 non
909 2371 1097 2434 ciuitatibus
1113 2371 1309 2446 0000101013,
1327 2389 1392 2450 qua
1407 2374 1553 2450 11613013,
1569 2373 1605 2434 in
1621 2389 1703 2450 lliae·

74 2471 197 2542 iucreat¹
222 2453 853 2548 001000010010000110000100001ου00
907 2467 975 2530 lata
1001 2469 1134 2532 civitate
1163 2469 1300 2532 Pedien.
1329 2472 1384 2532 vel
1408 2470 1476 2532 alia
1497 2470 1585 2534 ultra
1608 2485 1701 2532 mare

74 2565 229 2630 nobilitate
251 2567 477 2644 spectabilem,
494 2568 655 2644 dignitate
674 2569 851 2646 insignem,
907 2565 1096 2631 transibunt
1118 2567 1153 2629 in
1176 2569 1287 2628 Terrae
1319 2569 1450 2631 Sancta
1477 2568 1614 2630 servitio
1643 2583 1704 2646 per

75 2663 185 2724 meritis
199 2663 276 2726 vitae
290 2663 501 2737 laudabilem,
523 2665 693 2730 dominum
708 2683 727 2728 a
743 2683 855 2730 vassa·
907 2664 1078 2726 biennium
1098 2665 1271 2737 moraturi,
1291 2680 1332 2726 ac
1344 2681 1458 2726 omnes
1474 2667 1585 2728 sextas
1600 2664 1702 2728 terias

76 2757 120 2830 lis,
143 2761 228 2836 pium
259 2761 302 2822 ab
328 2761 450 2840 impiis,
478 2764 646 2840 patrema
672 2763 766 2836 liliis,
793 2781 854 2842 pro
904 2761 1089 2839 jejunaturi
1118 2762 1153 2824 in
1182 2775 1279 2840 pane,
1306 2765 1339 2824 et
1361 2779 1448 2841 aqua
1468 2763 1703 2840 tototempore

77 2857 182 2918 tuenda
198 2858 350 2920 ecclesiae
372 2858 437 2922 sibi
454 2861 639 2923 commissae
650 2861 783 2939 justitia
799 2862 855 2924 in·
907 2860 984 2920 vitae
1004 2875 1083 2930 suae,
1100 2859 1166 2919 nisi
1181 2873 1238 2920 eos
1253 2845 1388 2920 evidens
1406 2858 1583 2922 infirmitas
1597 2875 1704 2922 excu-

74 2953 279 3031 teremptnmt
312 2956 406 3020 Licet
426 2959 538 3020 autem
563 2958 659 3020 multi
690 2959 854 3022 adversus
908 2953 1031 3016 severit
1046 2954 1100 3016 rel
1112 2954 1306 3016 solemnitas
1315 2955 1507 3018 Natiuitatis
1518 2955 1699 3018 Dominicae

75 3051 175 3124 Deum,
194 3054 227 3114 et
247 3053 409 3116 adversus
422 3055 589 3118 Christum
602 3059 674 3134 ejus
688 3072 855 3124 consone-
908 3049 1093 3113 cccurrerit
1107 3065 1146 3112 ec
1157 3050 1221 3114 die.

75 3147 140 3220 rint,
152 3150 255 3212 dictus
280 3153 390 3214 000000
405 3153 609 3216 Bertrandus
623 3155 853 3222 universorum
949 3147 1130 3210 Plaedisslus
1146 3163 1225 3210 V0l0
1240 3149 1458 3222 Bertrandum
1469 3151 1564 3225 0111118
1579 3150 1629 3212 Osi
1644 3149 1704 3210 (16·

74 3245 100 3304 01
123 3245 325 3324 singulorum
343 3250 528 3326 nequitiam
554 3266 789 3329 supergressus
803 3269 855 3316 sc·
907 3244 1093 3308 testabilior
1109 3246 1217 3324 culpa,
1235 3247 1404 3323 resignato
1419 3246 1602 3308 secuudum
1616 3246 1701 3324 quod

72 3339 123 3412 lus,
141 3359 211 3406 cum
231 3345 421 3408 ordinatum
450 3347 578 3420 luisset,
602 3351 637 3411 ut
660 3349 794 3422 dicitur,
811 3365 853 3412 ne
908 3342 1134 3420 supradictum
1156 3342 1330 3414 estleudo,
1349 3343 1479 3422 siquod
1499 3344 1539 3407 ab
1559 3344 1703 3406 ecclesia

73 3439 135 3514 quis
150 3440 253 3518 ipsum
270 3443 462 3520 episcopum
476 3446 641 3521 tangeret,
657 3447 692 3510 in
707 3461 782 3509 eum
797 3463 855 3510 su·
907 3439 979 3518 ipsa
1007 3441 1108 3510 tenet,
1146 3441 1361 3518 0000000100
1395 3441 1529 3517 cingulo
1564 3441 1703 3502 militari

70 3536 196 3613 orilegas
209 3555 328 3602 manus
345 3540 525 3602 extendere
539 3557 579 3604 ac
594 3545 741 3606 armatus
755 3545 855 3609 inps...
907 3537 1022 3600 contra
1047 3537 1270 3604 Christianum
1307 3553 1476 3616 nunqnam
1506 3538 1547 3599 de
1580 3539 1703 3600 cratero

69 3647 153 3708 ruem,
177 3639 387 3700 mansuetum
414 3638 570 3710 crudelis,
595 3641 726 3716 patrem,
750 3641 850 3716 lilius,
907 3651 1000 3706 arma
1013 3633 1107 3698 ieret.
1128 3639 1209 3698 Tres
1225 3625 1499 3714 quadragesimas
1510 3636 1546 3696 in
1567 3636 1703 3698 civitate

69 3732 204 3796 occidere
218 3750 287 3796 non
301 3735 451 3812 expavit,
907 3732 1012 3806 Pedii,
1025 3733 1054 3795 si
1068 3749 1205 3796 securus
1220 3735 1341 3812 poterit
1353 3733 1494 3802 ibi-esse,
1506 3733 1656 3812 alioquin
1668 3734 1702 3794 in

99 3829 186 3892 lauti
207 3847 290 3908 ergo
313 3832 472 3902 iecinoris
497 3834 673 3898 atrocitate
695 3836 850 3913 permoti,
906 3830 983 3891 aliis
1005 3830 1224 3894 vicinioribus
1246 3831 1346 3892 saciet
1365 3831 1501 3893 indutus
1516 3847 1623 3903 sacco,
1641 3847 1700 3892 as-

68 3927 204 3989 enmdem
214 3931 436 3994 Bertrandum
452 3934 567 4008 atejus
581 3933 616 3998 10
629 3934 720 3996 tanta
733 3933 852 4010 impie-
906 3943 1023 4004 persus
1043 3928 1167 3998 cinere,
1184 3929 1280 3990 tonso
1301 3927 1419 4004 capite,
1433 3927 1654 3990 discalceatus
1666 3927 1700 3990 et

70 4021 124 4084 tate
138 4029 318 4100 consortes,
338 4027 393 4105 qui
409 4027 449 4089 ad
466 4031 614 4092 nostram
637 4031 850 4106 praesentiam
905 4023 1050 4086 ostiatim
1073 4024 1277 4092 mendicans,
1298 4040 1338 4086 ac
1356 4040 1441 4103 pane
1456 4023 1539 4092 solo,
1564 4026 1597 4086 et
1614 4039 1701 4102 aqua

67 4125 276 4197 accesserunt,
312 4125 412 4201 longo
454 4128 605 4204 tempore
630 4127 849 4188 sustinuimus
905 4107 1696 4200 contentustribusdiebusqualibetseptimana.

67 4219 133 4278 ante
142 4219 228 4282 iores
241 4221 357 4298 palatii
372 4223 480 4284 nostri
486 4223 652 4286 excubare
662 4223 849 4286 discalcea·
906 4220 1045 4302 Insuper
1056 4233 1115 4296 per
1125 4220 1193 4280 tres
1206 4219 1480 4296 quadragesimas
1491 4219 1698 4295 supradictas

67 4311 109 4376 tos
121 4317 150 4377 et
163 4318 285 4390 nudos,
298 4335 410 4391 aures,
424 4321 458 4381 et
473 4321 586 4388 oculos
596 4321 637 4382 ab
649 4337 763 4384 eorum
777 4325 851 4400 eju·
904 4315 993 4376 omni
1009 4315 1064 4376 die
1085 4315 1251 4377 (1οωί0160
1263 4317 1325 4378 1011
1340 4317 1442 4388 01610,
1459 4317 1492 4379 el
1512 4315 1633 4394 POPU¹0
1648 4315 1700 4376 61·

67 4407 184 4484 latibus,
202 4417 235 4476 et
250 4415 409 4492 lacrymis
425 4417 615 4488 avertendo,
627 4419 663 4479 ut
675 4419 708 4480 et
717 4417 781 4494 ipsi
791 4433 850 4495 per
903 4411 1017 4474 vitatis
1038 4413 1072 4474 in
1090 4429 1154 4492 qua
1178 4413 1268 4492 ipsas
1293 4412 1392 4474 iaciet
1413 4412 1697 4492 quadragesimas,

67 4504 281 4574 difficultatem
292 4512 481 4590 bujusmodi
490 4514 722 4584 enormitatem
730 4515 848 4591 flagitii
904 4511 1028 4572 nudum
1046 4526 1082 4572 00
1097 4511 1214 4574 olleret
1229 4525 1303 4571 cum
1321 4506 1436 4586 virgis,
1452 4525 1533 4588 quas
1545 4510 1581 4570 in
1597 4526 1699 4572 manu

67 4605 110 4665 sni
136 4607 264 4684 plenius
294 4610 530 4687 intelligerent,
559 4613 592 4674 et
619 4611 679 4677 alii
705 4627 846 4690 quoque,
903 4608 1030 4672 deleret
1068 4607 1321 4670 verberandum.
1347 4609 1408 4668 llis
1435 4607 1578 4686 peractis
1609 4608 1696 4671 ultra

66 4701 171 4774 (quibus
191 4706 324 4770 illorum
339 4707 437 4786 culpa
452 4707 514 4771 luit
528 4709 563 4769 ln
579 4709 789 4779 scandalum,
808 4711 849 4772 de
903 4721 996 4768 mare
1021 4705 1177 4768 transibit
1191 4721 1250 4782 per
1270 4705 1480 4782 septennium
1507 4707 1696 4768 moraturus

65 4795 198 4871 ipsorum
217 4804 413 4866 conbrsicne
436 4821 502 4870 non
518 4807 624 4867 sulum
646 4807 845 4884 exemplum,
904 4803 1024 4865 ibidem
1043 4803 1079 4864 in
1094 4803 1230 4865 servitio
1242 4805 1354 4866 'reme
1371 4805 1512 4876 Sanctae,
1530 4819 1569 4865 ac
1590 4804 1625 4864 in
1638 4819 1698 4864 suc

66 4895 113 4954 000
126 4899 220 4961 etiam
232 4901 388 4963 solatium
398 4905 619 4980 reportarent.
632 4907 747 4975 Fortu,
764 4905 847 4982 ipsis
903 4901 1023 4973 reditu,
1039 4900 1221 4978 apostolico
1246 4916 1281 4961 se
1306 4901 1496 4978 conspectui
1512 4902 1697 4979 praesenta-

65 5005 151 5056 anres
182 5001 313 5062 0000000
341 4999 543 5064 clamoribus
565 5001 746 5065 indelessis
774 5003 846 5064 sine
902 4999 950 5060 hit
977 5013 1055 5062 cum
1075 4998 1194 5062 litteris
1228 4999 1447 5076 patriarchae,
1482 5013 1522 5059 ac
1556 4998 1709 5059 aliarum

65 5093 236 5161 cessatione
251 5097 469 5174 pulsantibus,
490 5099 624 5170 0000000
637 5101 846 5164 attendentes
901 5096 1167 5161 authenticarum
1178 5111 1488 5173 personarumque
1501 5091 1696 5170 inpartibus

65 5201 125 5252 11011
146 5193 245 5281 sanis,
263 5193 320 5256 sed
341 5193 657 5270 000101001000011000Ἰ
674 5211 749 5259 esse
763 5211 851 5274 0000
900 5193 968 5256 11110
985 5194 1133 5270 tempore
1148 5193 1207 5254 illc
1222 5195 1334 5269 ernnt3
1359 5190 1603 5255 continentibus
1619 5207 1698 5269 qua·

65 5286 195 5366 medico,
214 5291 397 5366 secundum,
409 5293 638 5370 euangelicam
658 5295 847 5370 veritatem,
900 5291 978 5360 liter
992 5291 1038 5352 lbl
1053 5307 1113 5369 per
1127 5292 1251 5354 dictum
1266 5291 1476 5368 septennium
1497 5288 1598 5350 tuerit
1612 5304 1696 5351 con-

65 5393 100 5441 00
114 5383 194 5458 illos,
219 5387 373 5460 ulteriori
386 5389 754 5464 difficultateadbibita,
773 5391 847 5456 desa
899 5391 1063 5452 uersatus.
1089 5391 1170 5452 Toto
1195 5391 1346 5466 tempora
1362 5387 1440 5450 vitre
1458 5401 1529 5448 sua
1551 5385 1633 5448 duas
1663 5386 1699 5450 in

65 5483 231 5551 perationts
258 5485 453 5556 barathrum
481 5487 685 5562 absorberet,
717 5502 846 5559 000000·
899 5503 988 5550 0000
1003 5487 1103 5549 100100
1119 5487 1402 5564 quadragesimas,
1414 5487 1447 5546 et
1459 5483 1695 5556 sextaslerias,
1799 5477 1801 5484 ’

64 5575 126 5637 000
142 5595 177 5641 00
191 5581 232 5643 00
245 5581 506 5652 satisfactionem
521 5587 745 5650 omnimodam
760 5586 845 5649 oile-
899 5601 938 5647 ac
951 5585 1115 5646 solemnes
1130 5584 1265 5661 vigilias
1287 5583 1321 5644 in
1342 5597 1427 5660 0000
1450 5583 1483 5644 00
1502 5595 1606 5659 000ος
1631 5581 1697 5643 0101

65 5676 194 5740 renuam
222 5679 337 5757 recipi,
356 5679 707 5760 lecimusturamenta,
723 5685 842 5748 etels-
898 5685 988 5746 certa
1020 5682 1170 5760 corporis
1197 5681 1373 5743 inilrmltas
1410 5679 1604 5760 praepediat,
1644 5681 1697 5742 vel

1778 6228 1890 6268 A

1932 6109 1935 6222 l
