4096 6312
121 286 181 346 789
745 283 973 345 EPlSTOLAE.
997 285 1075 346 LIB.
1098 287 1137 346 V.

1701 291 1762 352 790

160 444 227 504 Etsi
242 443 446 520 superfluum
459 441 612 503 videatur
623 443 777 519 precibus
797 443 914 520 postu·
968 444 1134 522 episcopo,
1151 441 1184 508 et
1198 446 1328 510 dilectis
1342 447 1421 510 tiliis
1434 448 1579 526 capitulo
1595 452 1762 513 ilamensi.

119 542 186 602 lari
207 540 294 618 quod
315 541 470 616 competit
489 539 528 601 de
539 542 616 617 jnre
635 541 813 612 communi,
834 543 912 618 quia
1008 545 1058 604 iix
1072 545 1168 619 parte
1181 547 1292 606 vestra
1308 543 1370 606 luit
1384 545 1479 607 nobis
1499 546 1671 608 humiliter
1684 565 1764 626 sup-

119 641 229 698 tamen
243 636 328 697 solet
343 637 549 698 reverentius
563 637 721 698 custodiri
737 637 823 714 quod
836 654 913 713 spe·
967 639 1138 718 plicatum,
1156 641 1191 704 ut
1207 659 1307 718 quum
1322 643 1464 704 ecclesia
1478 644 1590 706 vestra
1607 645 1764 707 aedilicari

33 799 34 828 ,
120 735 251 795 cialiter
265 734 467 810 indulgetur,
487 750 584 812 qnam
605 735 691 810 quod
713 735 914 810 generaliter
968 753 988 802 a
1003 736 1227 801 fundamentis
1243 739 1426 816 incoeperit,
1444 741 1477 802 et
1489 741 1658 804 structura
1673 759 1764 820 egre-

33 909 34 914 *
118 831 359 908 promulgatur,
383 848 443 892 nos
466 831 651 894 devotionis
669 833 735 894 tuae
758 832 912 908 precibus
967 834 1022 910 gia
1043 837 1075 897 et
1097 837 1180 898 adeo
1204 837 1415 914 dispendiosa
1433 839 1612 915 consurgat
1630 840 1667 901 ut
1689 839 1762 902 sine

33 923 34 936 ¹
119 928 281 1000 inclinati,
308 929 499 1006 corrigendi
523 943 681 990 excessus
706 929 912 990 subditorum
968 933 1117 1010 fidelium¹
1138 934 1357 1013 eleemosynis
1383 951 1450 998 non
1472 937 1584 998 valeat
1606 953 1762 999 consum-

33 1023 34 1104 }
120 1028 262 1098 tuorum,
287 1027 386 1103 prout
408 1028 449 1087 ad
468 1028 502 1088 te
521 1026 676 1109 pertinet,
693 1026 832 1087 liberam
851 1026 912 1087 tibi
967 1031 1063 1101 mari,
1095 1032 1267 1108 aperiendi
1291 1032 1392 1094 semel
1420 1034 1456 1093 in
1485 1050 1573 1096 anno
1601 1035 1761 1096 ecclesias

33 1151 34 1200 3
118 1124 316 1186 auctoritate
338 1125 550 1200 praesentium
575 1123 786 1184 concedimus
806 1123 913 1184 iacul-
967 1128 1086 1189 vestrae
1101 1129 1254 1190 dioecesis
1269 1130 1474 1202 interdictae,
1496 1131 1587 1193 etibi
1601 1132 1762 1192 solemni-

33 1207 34 1300 ]
118 1223 230 1283 tatem.
248 1223 366 1282 Datum
391 1222 558 1294 Laterani,
576 1223 622 1282 ΙΙΙ
641 1221 801 1282 kalendas
818 1221 910 1292 maii,
966 1225 1018 1286 ter
1041 1226 1230 1287 celebrandi
1257 1227 1369 1288 divina
1393 1233 1427 1292 et
1449 1228 1677 1306 eleemosynas
1698 1243 1759 1305 pro

119 1335 205 1381 anno
223 1317 352 1396 quinto.

416 1460 616 1549 dcclvii

215 1675 218 1680 .
247 1607 301 1664 Ad
314 1606 509 1679 episcopum
524 1605 775 1666 Ptctuceasem.

401 1727 436 1784 29
451 1727 532 1799 april.
548 1727 626 1784 llil.

154 1844 277 1906 [liegest.,
289 1842 334 1892 lib.
346 1841 377 1902 V,
388 1841 461 1906 epist.
469 1841 524 1892 too.
533 1844 590 1892 llss.
600 1843 636 1892 La
646 1843 721 1892 Porle
729 1841 763 1891 du
774 1839 867 1906 rnen]

33 1933 34 1936 ¹
117 1947 230 2005 llandm
243 1949 269 2004 ci
286 1954 316 2004 ut
331 1945 366 2004 ad
381 1949 533 2006 ecclesiam
549 1949 643 2006 Sancti
660 1949 807 2008 saviniani
827 1962 908 2004 acce·

33 2029 34 2032 ’
148 2038 221 2096 dens
239 2038 420 2106 cnmmtcrm,
442 2037 480 2094 ibi
495 2037 573 2110 juxta
595 2036 783 2110 quorumdam
799 2038 910 2109 piorum

148 2127 275 2183 virorum
290 2124 473 2196 desiderium,
489 2127 625 2185 institunt.

157 2244 351 2305 Venerabili
362 2244 457 2306 fratri
469 2247 622 2322 episcopo
636 2245 834 2316 Pictavensi,
847 2243 908 2305 etc.

152 2342 273 2402 Dilecti
295 2342 356 2401 filil
373 2346 411 2404 A.
435 2343 704 2420 archipresbyter
733 2342 765 2404 et
788 2341 910 2402 nobilis

33 2515 34 2522 ἵ
115 2441 165 2500 vir
177 2440 390 2516 Maengottus
401 2440 433 2501 et
444 2441 577 2518 quidam
589 2441 646 2516 alii
658 2439 772 2501 clerici
788 2441 820 2500 et
832 2439 911 2500 laici

116 2539 153 2598 de
166 2537 293 2599 Metnlo
306 2537 502 2600 transmissa
516 2539 610 2600 nobis
623 2538 783 2615 petitione
798 2553 912 2599 mons-

116 2637 264 2707 trarunt,
296 2635 381 2714 quod
408 2651 482 2696 cum
515 2636 672 2708 ecclesia,
703 2634 760 2696 ubi
791 2650 911 2712 corpus

115 2731 204 2794 beati
216 2732 390 2794 Saviniani
406 2733 561 2810 martyris
575 2733 625 2795 est
639 2733 803 2810 sepultum
817 2749 911 2810 prop·

116 2831 162 2890 ter
174 2830 395 2905 exiguitatem
417 2831 636 2907 proventuum
650 2846 786 2906 gravem
802 2829 911 2905 patia-

117 2929 166 2987 tur
196 2927 427 2989 ministrorum
453 2927 628 3000 delectum,
658 2927 723 3004 ipsi
750 2927 910 2990 divinitus

116 3025 282 3103 inspirati,
300 3025 341 3087 ob
362 3025 583 3088 reverentiam
610 3025 723 3088 Sancti
746 3023 909 3102 praedicti,

117 3123 243 3185 lantum
273 3122 423 3184 ecclesiae
450 3124 640 3185 memoratae
667 3123 848 3200 disponunt
871 3121 911 3184 de

117 3219 328 3284 facultatibus
344 3221 488 3298 propriis
512 3221 697 3296 assignare,
714 3219 800 3298 quod
818 3219 852 3280 in
871 3234 910 3282 ea

116 3318 235 3379 exinde
255 3318 388 3380 institui
410 3318 522 3380 valeat
542 3319 702 3380 canonica
726 3317 909 3385 saecularis,

117 3416 154 3476 ad
169 3415 258 3494 quod
273 3418 366 3478 tuum
386 3431 584 3478 consensum
605 3415 754 3492 exigunt,
771 3415 804 3477 et
818 3413 913 3478 favo-

118 3529 194 3574 rem.
212 3515 320 3586 Quum
335 3513 438 3590 igitur
452 3529 503 3586 ea,
520 3529 593 3590 quae
609 3512 650 3574 ad
666 3513 790 3574 cultum
806 3512 911 3574 divini

118 3611 260 3672 nominis
271 3611 438 3688 pertinent
448 3610 673 3687 ampliandum
685 3610 718 3672 te
731 3609 846 3671 deceat
858 3609 911 3670 de·

117 3709 338 3770 siderabiliter
351 3708 547 3786 amplexari,
562 3707 804 3770 fraternitatem
819 3707 909 3767 tuam

118 3821 288 3868 monemus
324 3806 446 3868 attente
476 3820 536 3882 per
562 3805 752 3882 Apostolica
786 3803 909 3880 scripta

117 3905 322 3976 mandantes
335 3905 497 3981 quatenus
508 3903 549 3964 ad
565 3904 674 3964 locum
690 3901 911 3979 personaliter

118 4001 341 4076 proficiscens,
367 4001 466 4078 hujus
485 3997 535 4062 rei
560 4000 817 4062 circumstantiis
839 4000 909 4060 clr-

118 4099 325 4176 cumspectiS,
340 4100 438 4175 juxta
461 4099 609 4175 ipsorum
627 4097 793 4159 laudabile
817 4096 909 4158 desi-

119 4193 256 4268 derium,
275 4197 469 4258 canonicam
489 4195 611 4256 ibidem
629 4195 783 4258 instituas
804 4211 911 4256 saecu-

118 4292 220 4354 larem
249 4293 324 4354 sine
346 4293 433 4370 juris
460 4292 655 4370 praejudicio
684 4292 785 4354 alieni
813 4291 911 4368 prout

119 4389 297 4452 secundum
320 4391 424 4450 Deum
445 4388 569 4450 videris
599 4389 767 4465 expedire.
791 4389 910 4448 Datum

120 4487 284 4558 Laterani,
302 4489 348 4547 ΙΙΙ
358 4485 519 4547 kalendas
535 4486 625 4557 maii,
640 4500 728 4547 anno
744 4484 869 4563 quinto.

401 4663 623 4750 CCCLVIII

193 4809 246 4868 Ad
269 4807 563 4879 archiepiscopum
588 4807 620 4866 ct
644 4806 833 4880 capitatam

403 4905 618 4964 Remcoscm.

399 5015 434 5072 tt
449 5015 530 5087 april.
549 5016 626 5073 llil.

143 5123 259 5186 [liegest.,
273 5122 319 5172 lib.
329 5122 362 5182 v,
376 5119 450 5186 epist.
465 5120 588 5173 attilas.
607 5121 643 5172 La
655 5123 732 5172 Porta
746 5121 780 5172 dn
794 5121 889 5185 Thali]

122 5231 225 5301 viginti
242 5228 354 5285 dierum
376 5227 595 5301 indulgentiam,
611 5228 744 5286 omnibus
763 5227 800 5285 ad
820 5227 908 5285 aediii-

153 5319 296 5374 cationem
312 5318 438 5389 ipsorum
454 5317 589 5374 Ecclesiae
602 5317 801 5389 eleemosynas
812 5315 908 5374 conle-

153 5405 280 5464 rentibus
310 5419 421 5462 necnon
451 5405 608 5476 interdicti,
636 5407 773 5464 incertis
798 5405 912 5464 casibus

153 5493 362 5552 absolutionem
380 5493 520 5558 concedit.

159 5611 335 5683 lionorius,
360 5611 436 5684 etc,
465 5612 648 5676 venerabili
675 5612 769 5675 lintri
797 5613 911 5674 archi-

967 1321 1046 1384 dicti
1060 1325 1169 1400 operis
1182 1324 1398 1386 subventione
1410 1325 1578 1403 quaerendi
1591 1325 1759 1386 licentiam

966 1420 1061 1482 vobis
1088 1422 1269 1483 concedere
1297 1423 1512 1498 dignaremur
1530 1423 1571 1484 ob
1595 1438 1758 1485 reveren-

966 1518 1047 1579 tiam
1081 1519 1331 1594 gloriosissimae
1357 1522 1417 1582 Dei
1447 1520 1619 1597 genitricis
1646 1519 1760 1596 Virgi-

966 1615 1084 1692 nisque
1103 1617 1219 1678 Mariae
1234 1618 1269 1678 in
1285 1621 1381 1695 cujus
1395 1619 1521 1680 honore
1533 1619 1606 1694 ipsa
1619 1616 1759 1678 ecclesia

966 1712 1164 1790 fabricatum
1190 1714 1259 1786 bis,
1280 1715 1336 1792 qui
1360 1716 1403 1776 ad
1428 1716 1462 1776 id
1490 1717 1563 1792 pias
1591 1711 1761 1776 conserent

966 1810 1196 1888 eleemosynas
1216 1813 1358 1888 alicujus
1380 1813 1594 1888 indulgentiae
1618 1811 1760 1888 gratiam

966 1907 1138 1971 iacientes.
1156 1911 1224 1970 Nos
1244 1909 1347 1986 igitur
1370 1925 1429 1986 pro
1455 1909 1562 1985 ipsius
1586 1908 1761 1984 gloriosis-

966 2006 1058 2067 simae
1078 2007 1228 2067 Dominae
1259 2007 1447 2068 reverentia
1476 2023 1582 2083 usque
1603 2006 1643 2066 ad
1662 2005 1761 2081 quin-

966 2105 1145 2182 quennium
1161 2105 1328 2166 licentiam
1345 2104 1439 2166 vobis
1453 2104 1665 2167 concedimus
1678 2117 1759 2180 pos-

964 2202 1114 2275 tulatam,
1129 2204 1162 2264 et
1181 2203 1220 2264 de
1233 2203 1292 2264 Dei
1315 2203 1548 2280 omnipotentis
1567 2199 1760 2262 misericor-

966 2299 1031 2373 dia,
1049 2301 1082 2364 et
1102 2300 1273 2363 beatorum
1294 2301 1385 2361 Petri
1408 2299 1441 2361 et
1463 2299 1569 2371 Pauli,
1587 2297 1759 2376 apostolo-

966 2414 1039 2459 rum
1060 2401 1130 2474 ejus
1149 2397 1345 2460 auctoritate
1365 2397 1481 2460 conlisi
1508 2395 1661 2458 omnibus
1680 2409 1759 2456 vere

966 2496 1212 2574 poenitentibus,
1237 2497 1270 2557 et
1293 2495 1543 2574 confessisunt
1567 2493 1683 2556 devote
1702 2507 1761 2554 ac-

966 2594 1127 2658 cesserint
1145 2596 1186 2656 ad
1214 2593 1324 2656 cilicia
1346 2593 1385 2654 do
1412 2593 1547 2654 licentia
1569 2588 1760 2669 hujusmodi

966 2691 1175 2764 celebranda,
1193 2693 1314 2768 quique
1334 2693 1406 2768 pias
1426 2691 1653 2766 eleemosynas
1673 2703 1757 2748 con-

964 2790 1102 2852 tulerint
1121 2789 1162 2850 ad
1182 2788 1430 2852 subventionem
1450 2787 1559 2864 operis
1582 2782 1755 2846 memorati

965 2887 1085 2964 viginti
1111 2887 1181 2948 dies
1206 2886 1246 2946 de
1269 2886 1428 2963 injunctis
1462 2883 1525 2945 sibi
1552 2881 1756 2963 poenitentiis

966 2985 1226 3046 misericorditer
1237 2985 1441 3046 relaxamus.
1454 2985 1573 3044 Datum
1586 2977 1755 3050 Laterani,

966 3084 1012 3144 iil
1029 3082 1189 3144 kalendas
1204 3082 1295 3150 maii,
1311 3081 1522 3160 pontificatus
1540 3077 1646 3141 nostri
1669 3091 1757 3138 anno

966 3179 1091 3258 quinto.

1273 3303 1452 3391 coctili

965 3441 1019 3500 na
1044 3440 1233 3499 rocelino-m
1265 3437 1298 3498 et
1332 3439 1523 3498 everardum
1548 3405 1761 3498 orbatorum

1097 3549 1170 3607 nos,
1191 3535 1224 3596 et
1243 3535 1421 3596 captorem
1436 3537 1630 3594 Treoanses.

1248 3656 1283 3712 29
1300 3653 1381 3727 april.
1398 3655 1475 3711 till.

997 3770 1115 3834 [Regest.,
1130 3768 1176 3819 lib.
1185 3769 1217 3829 V,
1229 3768 1302 3832 epist.
1313 3768 1368 3818 536.
1381 3769 1440 3818 illes.
1453 3767 1490 3816 Le
1499 3767 1575 3816 Porte
1590 3765 1625 3816 du
1636 3765 1729 3832 Thell]

966 3877 1068 3934 Scribit
1086 3877 1129 3932 eie
1150 3882 1181 3933 ut
1207 3874 1388 3950 presbyteros
1407 3872 1547 3946 quosdam
1569 3872 1762 3945 Lingonensis

1001 3965 1134 4024 dioecesis
1145 3966 1194 4038 qni
1209 3964 1346 4022 adversus
1361 3965 1533 4020 lismensem
1550 3968 1578 4020 ot
1593 3962 1759 4034 Lingonen-

1001 4070 1061 4112 sem
1086 4055 1226 4111 antistites
1253 4052 1353 4110 laisum
1372 4051 1568 4110 testimonium
1593 4050 1762 4124 produxisse

1001 4143 1144 4200 convincti
1162 4150 1253 4212 erant,
1279 4142 1315 4199 ad
1337 4140 1438 4199 Sodem
1454 4139 1648 4214 Apostolicam
1662 4139 1761 4196 venire

1001 4233 1182 4305 compellant.

1005 4341 1184 4413 Honorius
1206 4341 1282 4410 etc..
1313 4339 1442 4401 dilectis
1458 4338 1536 4399 liliis
1557 4337 1708 4400 Jocelino
1729 4336 1763 4397 et

966 4439 1111 4500 duiardo
1133 4438 1390 4510 archidiaconis,
1412 4437 1444 4522 et
1467 4435 1595 4510 cantori
1612 4437 1760 4496 Trecen-

967 4536 1068 4598 sibus

1005 4633 1222 4713 venerabiles
1252 4631 1372 4693 fratres
1404 4631 1549 4693 nostri...
1586 4629 1761 4692 Remensis

943 4729 944 4734 ’
967 4731 1238 4807 archiepiscopus
1254 4731 1322 4790 et...
1347 4729 1521 4806 episcopus
1539 4728 1761 4804 Lingonensis

966 4827 1243 4889 nobisinsinuare
1253 4826 1423 4901 curarunt,
1437 4827 1664 4905 quodquidam
1674 4841 1762 4904 pres·

966 4926 1073 5004 byteri
1098 4926 1318 5001 Lingonensis
1345 4925 1498 4988 dioecesis
1522 4924 1558 4985 in
1587 4939 1701 4985 eorum
1730 4923 1762 4983 et

967 5024 1107 5085 aliorum
1123 5023 1285 5084 bonorum
1302 5023 1519 5098 ignominiam
1532 5020 1651 5082 salsum
1666 5020 1763 5083 testi-

965 5123 1113 5183 monium
1129 5120 1332 5198 perhibendo
1348 5122 1477 5182 reatum
1489 5119 1628 5196 perjurii
1643 5119 1762 5179 incur-

966 5223 1093 5291 rerunt,
1104 5234 1244 5296 quorum
1256 5218 1390 5295 quidam
1405 5216 1542 5294 possunt
1555 5216 1707 5278 convinci
1722 5215 1764 5277 de

966 5318 1068 5390 facili,
1086 5317 1219 5395 quidam
1234 5331 1313 5378 vero
1333 5316 1367 5375 id
1387 5318 1568 5392 spontanee
1586 5314 1663 5376 sunt
1677 5329 1763 5376 con-

966 5415 1057 5476 fessi.
1080 5415 1222 5492 Ideoque
1246 5430 1305 5491 per
1326 5413 1514 5490 apostolica
1528 5413 1624 5475 vobis
1640 5413 1764 5490 scripta

943 5561 944 5564 η
966 5505 1351 5589 mandamus,quatenus
1366 5511 1453 5584 illos,
1467 5512 1522 5588 qui
1537 5512 1764 5588 superhujus-

966 5612 1055 5673 modi
1070 5611 1287 5689 perversitate
1303 5611 1444 5672 convicti
1462 5609 1594 5682 luerint,
1608 5609 1666 5670 ant
1683 5623 1764 5670 con-
