<?xml version="1.0" encoding="UTF-8"?>
<!DOCTYPE html PUBLIC "-//W3C//DTD XHTML 1.0 Transitional//EN"
    "http://www.w3.org/TR/xhtml1/DTD/xhtml1-transitional.dtd">
<html xmlns="http://www.w3.org/1999/xhtml" xml:lang="en" lang="en">
 <head>
  <title>
</title>
<meta http-equiv="Content-Type" content="text/html;charset=utf-8" />
  <meta name='ocr-system' content='tesseract 3.04.00' />
  <meta name='ocr-capabilities' content='ocr_page ocr_carea ocr_par ocr_line ocrx_word'/>
</head>
<body>
  <div class='ocr_page' id='page_1' title='image "./mediiaevibiblio01bottgoog_0359.png"; bbox 0 0 3952 6350; ppageno 0'>
   <div class='ocr_carea' id='block_1_1' title="bbox 293 271 1900 342">
    <p class='ocr_par' dir='ltr' id='par_1_1' title="bbox 293 271 1900 342">
     <span class='ocr_line' id='line_1_1' title="bbox 293 271 1900 342; baseline -0.006 -5"><span class='ocrx_word' id='word_1_1' title='bbox 293 277 350 338; x_wconf 83' lang='lat' dir='ltr'>oei</span> <span class='ocrx_word' id='word_1_2' title='bbox 907 271 1081 332; x_wconf 82' lang='lat' dir='ltr'>nononii</span> <span class='ocrx_word' id='word_1_3' title='bbox 1104 272 1149 332; x_wconf 90' lang='lat'>111</span> <span class='ocrx_word' id='word_1_4' title='bbox 1171 274 1318 336; x_wconf 79' lang='lat' dir='ltr'>ornan.</span> <span class='ocrx_word' id='word_1_5' title='bbox 1855 281 1900 342; x_wconf 67' lang='lat'>092</span> 
     </span>
    </p>
   </div>
   <div class='ocr_carea' id='block_1_2' title="bbox 251 429 1964 3920">
    <p class='ocr_par' dir='ltr' id='par_1_2' title="bbox 251 429 1964 3920">
     <span class='ocr_line' id='line_1_2' title="bbox 293 429 1901 510; baseline 0.004 -15"><span class='ocrx_word' id='word_1_6' title='bbox 293 430 499 504; x_wconf 83' lang='lat' dir='ltr'>cabilonen,</span> <span class='ocrx_word' id='word_1_7' title='bbox 516 434 549 495; x_wconf 90' lang='lat' dir='ltr'>et</span> <span class='ocrx_word' id='word_1_8' title='bbox 569 431 699 494; x_wconf 91' lang='lat' dir='ltr'>dilectis</span> <span class='ocrx_word' id='word_1_9' title='bbox 724 431 803 492; x_wconf 89' lang='lat' dir='ltr'>tiliis</span> <span class='ocrx_word' id='word_1_10' title='bbox 827 474 889 492; x_wconf 91' lang='grc'><strong>.....</strong></span> <span class='ocrx_word' id='word_1_11' title='bbox 914 430 1026 494; x_wconf 85' lang='lat' dir='ltr'>abbati</span> <span class='ocrx_word' id='word_1_12' title='bbox 1046 429 1087 492; x_wconf 93' lang='lat' dir='ltr'>de</span> <span class='ocrx_word' id='word_1_13' title='bbox 1142 431 1215 494; x_wconf 91' lang='lat' dir='ltr'>in...</span> <span class='ocrx_word' id='word_1_14' title='bbox 1236 433 1382 510; x_wconf 82' lang='lat' dir='ltr'><strong>priorem</strong></span> <span class='ocrx_word' id='word_1_15' title='bbox 1402 431 1434 494; x_wconf 83' lang='lat' dir='ltr'>S.</span> <span class='ocrx_word' id='word_1_16' title='bbox 1457 433 1591 495; x_wconf 89' lang='lat' dir='ltr'>Pauli...</span> <span class='ocrx_word' id='word_1_17' title='bbox 1614 433 1776 496; x_wconf 88' lang='lat' dir='ltr'>cantorem</span> <span class='ocrx_word' id='word_1_18' title='bbox 1797 437 1825 497; x_wconf 80' lang='lat' dir='ltr'>s.</span> <span class='ocrx_word' id='word_1_19' title='bbox 1844 439 1901 500; x_wconf 85' lang='lat' dir='ltr'>Ste-</span> 
     </span>
     <span class='ocr_line' id='line_1_3' title="bbox 294 527 1899 606; baseline 0.003 -14"><span class='ocrx_word' id='word_1_20' title='bbox 294 529 479 602; x_wconf 81' lang='lat' dir='ltr'>ninnitate,</span> <span class='ocrx_word' id='word_1_21' title='bbox 505 529 696 592; x_wconf 79' lang='lat' dir='ltr'>cistercien.</span> <span class='ocrx_word' id='word_1_22' title='bbox 725 527 862 600; x_wconf 83' lang='lat' dir='ltr'>ordinis,</span> <span class='ocrx_word' id='word_1_23' title='bbox 894 527 1085 590; x_wconf 81' lang='lat' dir='ltr'>cabilonen.</span> <span class='ocrx_word' id='word_1_24' title='bbox 1142 530 1282 606; x_wconf 85' lang='lat' dir='ltr'>pharii...</span> <span class='ocrx_word' id='word_1_25' title='bbox 1298 529 1569 592; x_wconf 79' lang='lat' dir='ltr'>archidiaconum</span> <span class='ocrx_word' id='word_1_26' title='bbox 1588 531 1630 591; x_wconf 90' lang='lat' dir='ltr'>de</span> <span class='ocrx_word' id='word_1_27' title='bbox 1648 531 1766 592; x_wconf 89' lang='lat' dir='ltr'>Salinis</span> <span class='ocrx_word' id='word_1_28' title='bbox 1779 534 1840 594; x_wconf 89' lang='lat' dir='ltr'>et...</span> <span class='ocrx_word' id='word_1_29' title='bbox 1853 553 1899 597; x_wconf 86' lang='lat' dir='ltr'>ca-</span> 
     </span>
     <span class='ocr_line' id='line_1_4' title="bbox 295 626 1902 694; baseline 0.002 -4"><span class='ocrx_word' id='word_1_30' title='bbox 295 628 459 690; x_wconf 86' lang='lat' dir='ltr'>dioecesis.</span> <span class='ocrx_word' id='word_1_31' title='bbox 1142 626 1321 688; x_wconf 79' lang='lat' dir='ltr'>mererium</span> <span class='ocrx_word' id='word_1_32' title='bbox 1354 627 1518 690; x_wconf 91' lang='lat' dir='ltr'>Bisuntin.</span> <span class='ocrx_word' id='word_1_33' title='bbox 1551 629 1750 689; x_wconf 88' lang='lat' dir='ltr'>unanimiter</span> <span class='ocrx_word' id='word_1_34' title='bbox 1779 633 1902 694; x_wconf 91' lang='lat' dir='ltr'>contule-</span> 
     </span>
     <span class='ocr_line' id='line_1_5' title="bbox 334 723 1902 802; baseline 0 -16"><span class='ocrx_word' id='word_1_35' title='bbox 334 725 562 802; x_wconf 88' lang='lat' dir='ltr'>Multiplicatis</span> <span class='ocrx_word' id='word_1_36' title='bbox 583 724 735 802; x_wconf 90' lang='lat' dir='ltr'>precihus</span> <span class='ocrx_word' id='word_1_37' title='bbox 755 723 956 786; x_wconf 90' lang='lat' dir='ltr'>venerabilis</span> <span class='ocrx_word' id='word_1_38' title='bbox 972 723 1084 786; x_wconf 82' lang='lat' dir='ltr'>fratris</span> <span class='ocrx_word' id='word_1_39' title='bbox 1142 725 1230 784; x_wconf 89' lang='lat' dir='ltr'>runt.</span> <span class='ocrx_word' id='word_1_40' title='bbox 1246 723 1370 794; x_wconf 86' lang='lat' dir='ltr'>Quibus</span> <span class='ocrx_word' id='word_1_41' title='bbox 1387 725 1597 786; x_wconf 90' lang='lat' dir='ltr'>concorditer</span> <span class='ocrx_word' id='word_1_42' title='bbox 1614 725 1847 788; x_wconf 81' lang='lat' dir='ltr'>nominantibus</span> <span class='ocrx_word' id='word_1_43' title='bbox 1863 730 1902 788; x_wconf 91' lang='lat' dir='ltr'>di-</span> 
     </span>
     <span class='ocr_line' id='line_1_6' title="bbox 295 820 1902 898; baseline 0.001 -15"><span class='ocrx_word' id='word_1_44' title='bbox 295 822 449 884; x_wconf 88' lang='lat' dir='ltr'>nostri....</span> <span class='ocrx_word' id='word_1_45' title='bbox 483 821 647 898; x_wconf 84' lang='lat' dir='ltr'>quondam</span> <span class='ocrx_word' id='word_1_46' title='bbox 690 822 907 884; x_wconf 90' lang='lat' dir='ltr'>Matisconen.</span> <span class='ocrx_word' id='word_1_47' title='bbox 940 822 1087 898; x_wconf 84' lang='lat' dir='ltr'>episcopi</span> <span class='ocrx_word' id='word_1_48' title='bbox 1143 820 1263 882; x_wconf 89' lang='lat' dir='ltr'>lectum</span> <span class='ocrx_word' id='word_1_49' title='bbox 1278 821 1383 882; x_wconf 88' lang='lat' dir='ltr'>tilium</span> <span class='ocrx_word' id='word_1_50' title='bbox 1396 825 1433 882; x_wconf 86' lang='lat' dir='ltr'>G.</span> <span class='ocrx_word' id='word_1_51' title='bbox 1446 825 1634 883; x_wconf 89' lang='lat' dir='ltr'>Lausanen.</span> <span class='ocrx_word' id='word_1_52' title='bbox 1651 822 1902 894; x_wconf 83' lang='lat' dir='ltr'>electum,asede</span> 
     </span>
     <span class='ocr_line' id='line_1_7' title="bbox 293 918 1903 996; baseline 0.001 -16"><span class='ocrx_word' id='word_1_53' title='bbox 293 918 469 994; x_wconf 85' lang='lat' dir='ltr'>benignius</span> <span class='ocrx_word' id='word_1_54' title='bbox 483 920 680 990; x_wconf 88' lang='lat' dir='ltr'>annuentes,</span> <span class='ocrx_word' id='word_1_55' title='bbox 694 920 837 996; x_wconf 90' lang='lat' dir='ltr'>ipsuma</span> <span class='ocrx_word' id='word_1_56' title='bbox 857 934 937 980; x_wconf 89' lang='lat' dir='ltr'>cura</span> <span class='ocrx_word' id='word_1_57' title='bbox 950 919 1089 994; x_wconf 82' lang='lat' dir='ltr'>regimi—</span> <span class='ocrx_word' id='word_1_58' title='bbox 1145 919 1331 994; x_wconf 85' lang='lat' dir='ltr'>hpostolioa</span> <span class='ocrx_word' id='word_1_59' title='bbox 1353 919 1597 996; x_wconf 89' lang='lat' dir='ltr'>postulandum,</span> <span class='ocrx_word' id='word_1_60' title='bbox 1617 919 1745 995; x_wconf 78' lang='lat' dir='ltr'>praefati</span> <span class='ocrx_word' id='word_1_61' title='bbox 1767 920 1903 982; x_wconf 84' lang='lat' dir='ltr'>decantet</span> 
     </span>
     <span class='ocr_line' id='line_1_8' title="bbox 293 1015 1905 1094; baseline 0.001 -18"><span class='ocrx_word' id='word_1_62' title='bbox 293 1017 346 1076; x_wconf 92' lang='lat' dir='ltr'>nis</span> <span class='ocrx_word' id='word_1_63' title='bbox 357 1016 507 1076; x_wconf 82' lang='lat' dir='ltr'>ecclesiae</span> <span class='ocrx_word' id='word_1_64' title='bbox 520 1017 741 1078; x_wconf 89' lang='lat' dir='ltr'>Matisconen.</span> <span class='ocrx_word' id='word_1_65' title='bbox 754 1017 967 1088; x_wconf 88' lang='lat' dir='ltr'>absolvimus,</span> <span class='ocrx_word' id='word_1_66' title='bbox 980 1017 1087 1078; x_wconf 91' lang='lat' dir='ltr'>eidem</span> <span class='ocrx_word' id='word_1_67' title='bbox 1142 1016 1294 1076; x_wconf 89' lang='lat' dir='ltr'>canonici</span> <span class='ocrx_word' id='word_1_68' title='bbox 1305 1018 1537 1091; x_wconf 82' lang='lat' dir='ltr'>procuratores</span> <span class='ocrx_word' id='word_1_69' title='bbox 1550 1032 1628 1078; x_wconf 88' lang='lat' dir='ltr'>suos</span> <span class='ocrx_word' id='word_1_70' title='bbox 1640 1015 1682 1077; x_wconf 90' lang='lat' dir='ltr'>ad</span> <span class='ocrx_word' id='word_1_71' title='bbox 1694 1018 1832 1078; x_wconf 88' lang='lat' dir='ltr'>nostram</span> <span class='ocrx_word' id='word_1_72' title='bbox 1843 1035 1905 1094; x_wconf 82' lang='lat' dir='ltr'>pra·</span> 
     </span>
     <span class='ocr_line' id='line_1_9' title="bbox 295 1111 1903 1190; baseline 0.001 -18"><span class='ocrx_word' id='word_1_73' title='bbox 295 1115 332 1175; x_wconf 93' lang='lat' dir='ltr'>ut</span> <span class='ocrx_word' id='word_1_74' title='bbox 351 1113 595 1189; x_wconf 87' lang='lat' dir='ltr'>pontificalibus</span> <span class='ocrx_word' id='word_1_75' title='bbox 622 1114 735 1174; x_wconf 92' lang='lat' dir='ltr'>utatur</span> <span class='ocrx_word' id='word_1_76' title='bbox 759 1113 946 1188; x_wconf 86' lang='lat' dir='ltr'>insignibus</span> <span class='ocrx_word' id='word_1_77' title='bbox 968 1129 1090 1174; x_wconf 89' lang='lat' dir='ltr'>conce·</span> <span class='ocrx_word' id='word_1_78' title='bbox 1142 1111 1282 1174; x_wconf 90' lang='lat' dir='ltr'>sentiam</span> <span class='ocrx_word' id='word_1_79' title='bbox 1298 1113 1501 1176; x_wconf 81' lang='lat' dir='ltr'>destinantes</span> <span class='ocrx_word' id='word_1_80' title='bbox 1523 1114 1735 1190; x_wconf 86' lang='lat' dir='ltr'>postularunt</span> <span class='ocrx_word' id='word_1_81' title='bbox 1754 1115 1903 1176; x_wconf 90' lang='lat' dir='ltr'>concordi·</span> 
     </span>
     <span class='ocr_line' id='line_1_10' title="bbox 294 1209 1905 1287; baseline 0.001 -17"><span class='ocrx_word' id='word_1_82' title='bbox 294 1209 419 1270; x_wconf 88' lang='lat' dir='ltr'>dentes.</span> <span class='ocrx_word' id='word_1_83' title='bbox 437 1209 579 1287; x_wconf 85' lang='lat' dir='ltr'>ideoque</span> <span class='ocrx_word' id='word_1_84' title='bbox 592 1209 915 1272; x_wconf 79' lang='lat' dir='ltr'>discretionivestrae</span> <span class='ocrx_word' id='word_1_85' title='bbox 931 1213 1089 1286; x_wconf 82' lang='lat' dir='ltr'>perhpo·</span> <span class='ocrx_word' id='word_1_86' title='bbox 1143 1212 1193 1270; x_wconf 92' lang='lat' dir='ltr'>ter</span> <span class='ocrx_word' id='word_1_87' title='bbox 1214 1211 1246 1271; x_wconf 90' lang='lat' dir='ltr'>et</span> <span class='ocrx_word' id='word_1_88' title='bbox 1264 1211 1439 1282; x_wconf 77' lang='lat' dir='ltr'>instanter,</span> <span class='ocrx_word' id='word_1_89' title='bbox 1461 1212 1498 1272; x_wconf 91' lang='lat' dir='ltr'>ut</span> <span class='ocrx_word' id='word_1_90' title='bbox 1518 1211 1669 1272; x_wconf 90' lang='lat' dir='ltr'>eumdem</span> <span class='ocrx_word' id='word_1_91' title='bbox 1687 1210 1821 1272; x_wconf 90' lang='lat' dir='ltr'>electum</span> <span class='ocrx_word' id='word_1_92' title='bbox 1831 1212 1905 1273; x_wconf 90' lang='lat' dir='ltr'>eisin</span> 
     </span>
     <span class='ocr_line' id='line_1_11' title="bbox 293 1307 1904 1386; baseline 0.001 -20"><span class='ocrx_word' id='word_1_93' title='bbox 293 1307 411 1368; x_wconf 90' lang='lat' dir='ltr'>stolica</span> <span class='ocrx_word' id='word_1_94' title='bbox 434 1309 558 1384; x_wconf 89' lang='lat' dir='ltr'>scripta</span> <span class='ocrx_word' id='word_1_95' title='bbox 582 1308 795 1380; x_wconf 90' lang='lat' dir='ltr'>mandamus,</span> <span class='ocrx_word' id='word_1_96' title='bbox 819 1309 982 1386; x_wconf 87' lang='lat' dir='ltr'>quatenus</span> <span class='ocrx_word' id='word_1_97' title='bbox 1002 1321 1089 1382; x_wconf 83' lang='lat' dir='ltr'>prae-</span> <span class='ocrx_word' id='word_1_98' title='bbox 1142 1310 1307 1384; x_wconf 85' lang='lat' dir='ltr'>pastorem</span> <span class='ocrx_word' id='word_1_99' title='bbox 1321 1307 1503 1370; x_wconf 90' lang='lat' dir='ltr'>concedere</span> <span class='ocrx_word' id='word_1_100' title='bbox 1518 1307 1742 1384; x_wconf 89' lang='lat' dir='ltr'>dignaremur.</span> <span class='ocrx_word' id='word_1_101' title='bbox 1758 1307 1841 1370; x_wconf 87' lang='lat' dir='ltr'>Licet</span> <span class='ocrx_word' id='word_1_102' title='bbox 1855 1323 1904 1368; x_wconf 91' lang='lat' dir='ltr'>au-</span> 
     </span>
     <span class='ocr_line' id='line_1_12' title="bbox 293 1403 1907 1482; baseline 0.001 -18"><span class='ocrx_word' id='word_1_103' title='bbox 293 1403 361 1464; x_wconf 85' lang='lat' dir='ltr'>sato</span> <span class='ocrx_word' id='word_1_104' title='bbox 372 1405 538 1480; x_wconf 88' lang='lat' dir='ltr'>episcope,</span> <span class='ocrx_word' id='word_1_105' title='bbox 550 1405 863 1477; x_wconf 88' lang='lat' dir='ltr'>etbenemerito,de</span> <span class='ocrx_word' id='word_1_106' title='bbox 875 1403 1087 1481; x_wconf 88' lang='lat' dir='ltr'>proventibus</span> <span class='ocrx_word' id='word_1_107' title='bbox 1142 1405 1208 1464; x_wconf 89' lang='lat' dir='ltr'>tem</span> <span class='ocrx_word' id='word_1_108' title='bbox 1220 1407 1287 1466; x_wconf 88' lang='lat' dir='ltr'>tam</span> <span class='ocrx_word' id='word_1_109' title='bbox 1303 1406 1378 1482; x_wconf 91' lang='lat' dir='ltr'>ipsi,</span> <span class='ocrx_word' id='word_1_110' title='bbox 1395 1421 1495 1482; x_wconf 80' lang='lat' dir='ltr'>quam</span> <span class='ocrx_word' id='word_1_111' title='bbox 1516 1405 1667 1467; x_wconf 90' lang='lat' dir='ltr'>nonnulli</span> <span class='ocrx_word' id='word_1_112' title='bbox 1681 1405 1752 1477; x_wconf 88' lang='lat' dir='ltr'>alii,</span> <span class='ocrx_word' id='word_1_113' title='bbox 1763 1405 1814 1482; x_wconf 88' lang='lat' dir='ltr'>qui</span> <span class='ocrx_word' id='word_1_114' title='bbox 1827 1421 1907 1480; x_wconf 90' lang='lat' dir='ltr'>super</span> 
     </span>
     <span class='ocr_line' id='line_1_13' title="bbox 294 1501 1906 1580; baseline 0 -18"><span class='ocrx_word' id='word_1_115' title='bbox 294 1501 511 1564; x_wconf 90' lang='lat' dir='ltr'>Matisconen.</span> <span class='ocrx_word' id='word_1_116' title='bbox 549 1503 709 1580; x_wconf 88' lang='lat' dir='ltr'>episcopii</span> <span class='ocrx_word' id='word_1_117' title='bbox 745 1502 967 1579; x_wconf 88' lang='lat' dir='ltr'>provisionem</span> <span class='ocrx_word' id='word_1_118' title='bbox 1003 1516 1087 1562; x_wconf 87' lang='lat' dir='ltr'>con·</span> <span class='ocrx_word' id='word_1_119' title='bbox 1142 1501 1205 1564; x_wconf 92' lang='lat' dir='ltr'>hoc</span> <span class='ocrx_word' id='word_1_120' title='bbox 1219 1501 1314 1564; x_wconf 84' lang='lat' dir='ltr'>nobis</span> <span class='ocrx_word' id='word_1_121' title='bbox 1335 1518 1412 1564; x_wconf 90' lang='lat' dir='ltr'>suas</span> <span class='ocrx_word' id='word_1_122' title='bbox 1432 1503 1560 1564; x_wconf 89' lang='lat' dir='ltr'>litteras</span> <span class='ocrx_word' id='word_1_123' title='bbox 1575 1502 1777 1570; x_wconf 81' lang='lat' dir='ltr'>direxerunt,</span> <span class='ocrx_word' id='word_1_124' title='bbox 1791 1502 1906 1564; x_wconf 89' lang='lat' dir='ltr'>electum</span> 
     </span>
     <span class='ocr_line' id='line_1_14' title="bbox 294 1597 1907 1676; baseline 0.001 -19"><span class='ocrx_word' id='word_1_125' title='bbox 294 1612 412 1674; x_wconf 81' lang='lat' dir='ltr'>gruem</span> <span class='ocrx_word' id='word_1_126' title='bbox 439 1599 628 1673; x_wconf 86' lang='lat' dir='ltr'>assignetis,</span> <span class='ocrx_word' id='word_1_127' title='bbox 656 1599 703 1660; x_wconf 87' lang='lat' dir='ltr'>ita</span> <span class='ocrx_word' id='word_1_128' title='bbox 727 1600 813 1676; x_wconf 89' lang='lat' dir='ltr'>quod</span> <span class='ocrx_word' id='word_1_129' title='bbox 840 1601 912 1675; x_wconf 88' lang='lat' dir='ltr'>ejus</span> <span class='ocrx_word' id='word_1_130' title='bbox 942 1597 1087 1674; x_wconf 86' lang='lat' dir='ltr'>provisio</span> <span class='ocrx_word' id='word_1_131' title='bbox 1142 1599 1250 1675; x_wconf 90' lang='lat' dir='ltr'>ipsum</span> <span class='ocrx_word' id='word_1_132' title='bbox 1261 1599 1907 1676; x_wconf 85' lang='lat' dir='ltr'>multipliciterdelitteratura,piudentia</span> 
     </span>
     <span class='ocr_line' id='line_1_15' title="bbox 293 1693 1908 1772; baseline 0.001 -18"><span class='ocrx_word' id='word_1_133' title='bbox 293 1709 356 1756; x_wconf 89' lang='lat' dir='ltr'>nec</span> <span class='ocrx_word' id='word_1_134' title='bbox 370 1694 434 1756; x_wconf 90' lang='lat' dir='ltr'>sibi</span> <span class='ocrx_word' id='word_1_135' title='bbox 450 1695 590 1756; x_wconf 91' lang='lat' dir='ltr'>nimium</span> <span class='ocrx_word' id='word_1_136' title='bbox 604 1697 726 1767; x_wconf 90' lang='lat' dir='ltr'>tenuis,</span> <span class='ocrx_word' id='word_1_137' title='bbox 744 1711 804 1756; x_wconf 91' lang='lat' dir='ltr'>neo</span> <span class='ocrx_word' id='word_1_138' title='bbox 817 1698 889 1772; x_wconf 90' lang='lat' dir='ltr'>ejus</span> <span class='ocrx_word' id='word_1_139' title='bbox 902 1693 1087 1756; x_wconf 89' lang='lat' dir='ltr'>successori</span> <span class='ocrx_word' id='word_1_140' title='bbox 1141 1696 1175 1757; x_wconf 92' lang='lat' dir='ltr'>et</span> <span class='ocrx_word' id='word_1_141' title='bbox 1189 1696 1362 1758; x_wconf 90' lang='lat' dir='ltr'>honestate</span> <span class='ocrx_word' id='word_1_142' title='bbox 1381 1696 1622 1768; x_wconf 86' lang='lat' dir='ltr'>commendent,</span> <span class='ocrx_word' id='word_1_143' title='bbox 1643 1695 1676 1759; x_wconf 90' lang='lat' dir='ltr'>et</span> <span class='ocrx_word' id='word_1_144' title='bbox 1690 1712 1751 1757; x_wconf 94' lang='lat' dir='ltr'>nos</span> <span class='ocrx_word' id='word_1_145' title='bbox 1764 1695 1803 1757; x_wconf 94' lang='lat' dir='ltr'>ad</span> <span class='ocrx_word' id='word_1_146' title='bbox 1817 1697 1908 1772; x_wconf 87' lang='lat' dir='ltr'>provi·</span> 
     </span>
     <span class='ocr_line' id='line_1_16' title="bbox 293 1791 1908 1870; baseline -0.001 -16"><span class='ocrx_word' id='word_1_147' title='bbox 293 1791 433 1854; x_wconf 89' lang='lat' dir='ltr'>nimium</span> <span class='ocrx_word' id='word_1_148' title='bbox 462 1793 594 1870; x_wconf 91' lang='lat' dir='ltr'>pinguis</span> <span class='ocrx_word' id='word_1_149' title='bbox 627 1793 745 1856; x_wconf 90' lang='lat' dir='ltr'>merito</span> <span class='ocrx_word' id='word_1_150' title='bbox 774 1793 937 1854; x_wconf 91' lang='lat' dir='ltr'>videatur.</span> <span class='ocrx_word' id='word_1_151' title='bbox 968 1795 1086 1854; x_wconf 90' lang='lat' dir='ltr'>Datum</span> <span class='ocrx_word' id='word_1_152' title='bbox 1142 1792 1270 1854; x_wconf 90' lang='lat' dir='ltr'>sionem</span> <span class='ocrx_word' id='word_1_153' title='bbox 1288 1792 1395 1868; x_wconf 88' lang='lat' dir='ltr'>ipsius</span> <span class='ocrx_word' id='word_1_154' title='bbox 1419 1794 1570 1856; x_wconf 83' lang='lat' dir='ltr'>ecclesiae</span> <span class='ocrx_word' id='word_1_155' title='bbox 1582 1793 1776 1870; x_wconf 90' lang='lat' dir='ltr'>jamdudum</span> <span class='ocrx_word' id='word_1_156' title='bbox 1790 1793 1908 1869; x_wconf 89' lang='lat' dir='ltr'>pastoris</span> 
     </span>
     <span class='ocr_line' id='line_1_17' title="bbox 291 1889 1909 1968; baseline -0.001 -18"><span class='ocrx_word' id='word_1_157' title='bbox 291 1889 460 1962; x_wconf 85' lang='lat' dir='ltr'>Laterani,</span> <span class='ocrx_word' id='word_1_158' title='bbox 471 1892 515 1951; x_wconf 91' lang='lat' dir='ltr'>IV</span> <span class='ocrx_word' id='word_1_159' title='bbox 528 1890 661 1951; x_wconf 86' lang='lat' dir='ltr'>kalend.</span> <span class='ocrx_word' id='word_1_160' title='bbox 673 1889 845 1958; x_wconf 82' lang='lat' dir='ltr'>februarii,</span> <span class='ocrx_word' id='word_1_161' title='bbox 858 1905 946 1952; x_wconf 89' lang='lat' dir='ltr'>auno</span> <span class='ocrx_word' id='word_1_162' title='bbox 960 1889 1085 1968; x_wconf 88' lang='lat' dir='ltr'>quinto.</span> <span class='ocrx_word' id='word_1_163' title='bbox 1142 1890 1262 1952; x_wconf 91' lang='lat' dir='ltr'>solatio</span> <span class='ocrx_word' id='word_1_164' title='bbox 1277 1890 1452 1962; x_wconf 86' lang='lat' dir='ltr'>destitutae,</span> <span class='ocrx_word' id='word_1_165' title='bbox 1464 1889 1574 1952; x_wconf 86' lang='lat' dir='ltr'>dehita</span> <span class='ocrx_word' id='word_1_166' title='bbox 1589 1889 1809 1952; x_wconf 89' lang='lat' dir='ltr'>sollicitudine</span> <span class='ocrx_word' id='word_1_167' title='bbox 1820 1889 1909 1949; x_wconf 90' lang='lat' dir='ltr'>inteu-</span> 
     </span>
     <span class='ocr_line' id='line_1_18' title="bbox 1142 1987 1908 2064; baseline -0.005 -16"><span class='ocrx_word' id='word_1_168' title='bbox 1142 1987 1269 2060; x_wconf 90' lang='lat' dir='ltr'>damus,</span> <span class='ocrx_word' id='word_1_169' title='bbox 1293 1987 1370 2064; x_wconf 82' lang='lat' dir='ltr'>quia</span> <span class='ocrx_word' id='word_1_170' title='bbox 1396 1989 1507 2050; x_wconf 88' lang='lat' dir='ltr'>tamen</span> <span class='ocrx_word' id='word_1_171' title='bbox 1532 1987 1622 2048; x_wconf 90' lang='lat' dir='ltr'>circa</span> <span class='ocrx_word' id='word_1_172' title='bbox 1643 2001 1815 2063; x_wconf 89' lang='lat' dir='ltr'>personam</span> <span class='ocrx_word' id='word_1_173' title='bbox 1832 2001 1908 2044; x_wconf 86' lang='lat' dir='ltr'>suen</span> 
     </span>
     <span class='ocr_line' id='line_1_19' title="bbox 590 2082 1908 2172; baseline -0.002 -28"><span class='ocrx_word' id='word_1_174' title='bbox 590 2085 793 2172; x_wconf 66' lang='lat' dir='ltr'><strong>ccxxxv</strong></span> <span class='ocrx_word' id='word_1_175' title='bbox 1142 2099 1209 2146; x_wconf 92' lang='lat' dir='ltr'>non</span> <span class='ocrx_word' id='word_1_176' title='bbox 1223 2085 1329 2146; x_wconf 92' lang='lat' dir='ltr'>solum</span> <span class='ocrx_word' id='word_1_177' title='bbox 1340 2085 1429 2156; x_wconf 92' lang='lat' dir='ltr'>aliis,</span> <span class='ocrx_word' id='word_1_178' title='bbox 1445 2085 1502 2146; x_wconf 88' lang='lat' dir='ltr'>sed</span> <span class='ocrx_word' id='word_1_179' title='bbox 1518 2085 1618 2146; x_wconf 89' lang='lat' dir='ltr'>etiam</span> <span class='ocrx_word' id='word_1_180' title='bbox 1634 2085 1796 2160; x_wconf 85' lang='lat' dir='ltr'>episcopis</span> <span class='ocrx_word' id='word_1_181' title='bbox 1809 2082 1881 2159; x_wconf 85' lang='lat' dir='ltr'>prat</span> <span class='ocrx_word' id='word_1_182' title='bbox 1894 2113 1908 2126; x_wconf 94' lang='lat'><em>-</em></span> 
     </span>
     <span class='ocr_line' id='line_1_20' title="bbox 1142 2180 1910 2258; baseline -0.004 -16"><span class='ocrx_word' id='word_1_183' title='bbox 1142 2180 1279 2242; x_wconf 84' lang='lat' dir='ltr'>rendam</span> <span class='ocrx_word' id='word_1_184' title='bbox 1298 2181 1534 2258; x_wconf 90' lang='lat' dir='ltr'>impensiorem</span> <span class='ocrx_word' id='word_1_185' title='bbox 1554 2180 1761 2257; x_wconf 86' lang='lat' dir='ltr'>diligentiam</span> <span class='ocrx_word' id='word_1_186' title='bbox 1780 2180 1910 2242; x_wconf 89' lang='lat' dir='ltr'>convenit</span> 
     </span>
     <span class='ocr_line' id='line_1_21' title="bbox 586 2275 1910 2412; baseline -0.003 -74"><span class='ocrx_word' id='word_1_187' title='bbox 586 2339 621 2398; x_wconf 68' lang='lat'>3⁰</span> <span class='ocrx_word' id='word_1_188' title='bbox 631 2339 683 2412; x_wconf 79' lang='lat' dir='ltr'>jau</span> <span class='ocrx_word' id='word_1_189' title='bbox 712 2340 778 2398; x_wconf 56' lang='lat' dir='ltr'>ml</span> <span class='ocrx_word' id='word_1_190' title='bbox 1143 2277 1314 2350; x_wconf 88' lang='lat' dir='ltr'>adhibere,</span> <span class='ocrx_word' id='word_1_191' title='bbox 1330 2278 1364 2340; x_wconf 92' lang='lat' dir='ltr'>in</span> <span class='ocrx_word' id='word_1_192' title='bbox 1378 2279 1512 2354; x_wconf 88' lang='lat' dir='ltr'>negotio</span> <span class='ocrx_word' id='word_1_193' title='bbox 1532 2279 1616 2356; x_wconf 91' lang='lat' dir='ltr'>ipso,</span> <span class='ocrx_word' id='word_1_194' title='bbox 1632 2294 1735 2355; x_wconf 86' lang='lat' dir='ltr'>quum</span> <span class='ocrx_word' id='word_1_195' title='bbox 1748 2278 1823 2338; x_wconf 89' lang='lat' dir='ltr'>dicti</span> <span class='ocrx_word' id='word_1_196' title='bbox 1833 2275 1910 2338; x_wconf 87' lang='lat' dir='ltr'>electi</span> 
     </span>
     <span class='ocr_line' id='line_1_22' title="bbox 322 2374 1912 2549; baseline -0.001 -45"><span class='ocrx_word' id='word_1_197' title='bbox 322 2453 442 2518; x_wconf 83' lang='lat' dir='ltr'>[Regest.,</span> <span class='ocrx_word' id='word_1_198' title='bbox 453 2453 498 2504; x_wconf 91' lang='lat' dir='ltr'>lib.</span> <span class='ocrx_word' id='word_1_199' title='bbox 510 2453 541 2513; x_wconf 83' lang='lat' dir='ltr'>V,</span> <span class='ocrx_word' id='word_1_200' title='bbox 553 2453 626 2518; x_wconf 85' lang='lat' dir='ltr'>epist.</span> <span class='ocrx_word' id='word_1_201' title='bbox 639 2452 693 2503; x_wconf 75' lang='lat'>³82.</span> <span class='ocrx_word' id='word_1_202' title='bbox 708 2451 765 2504; x_wconf 78' lang='lat' dir='ltr'>hes.</span> <span class='ocrx_word' id='word_1_203' title='bbox 779 2454 814 2504; x_wconf 83' lang='lat' dir='ltr'>Le</span> <span class='ocrx_word' id='word_1_204' title='bbox 827 2455 902 2504; x_wconf 84' lang='lat' dir='ltr'>Porte</span> <span class='ocrx_word' id='word_1_205' title='bbox 914 2453 949 2504; x_wconf 86' lang='lat' dir='ltr'>du</span> <span class='ocrx_word' id='word_1_206' title='bbox 959 2452 1054 2519; x_wconf 72' lang='lat' dir='ltr'>risit]</span> <span class='ocrx_word' id='word_1_207' title='bbox 1142 2377 1349 2536; x_wconf 47' lang='grc' dir='ltr'>ξθέῑὲἒΐᾶῑὲῐ</span> <span class='ocrx_word' id='word_1_208' title='bbox 1368 2374 1477 2534; x_wconf 53' lang='lat' dir='ltr'>3311le</span> <span class='ocrx_word' id='word_1_209' title='bbox 1484 2375 1912 2549; x_wconf 48' lang='grc' dir='ltr'>ωροιῗοῐὲᾏῗῖἱέἒέωῶῑὲἒιζ</span> 
     </span>
     <span class='ocr_line' id='line_1_23' title="bbox 384 2559 1913 2646; baseline -0.005 -14"><span class='ocrx_word' id='word_1_210' title='bbox 384 2559 547 2618; x_wconf 84' lang='lat' dir='ltr'>cessionem</span> <span class='ocrx_word' id='word_1_211' title='bbox 563 2560 625 2632; x_wconf 84' lang='lat' dir='ltr'>ejus</span> <span class='ocrx_word' id='word_1_212' title='bbox 640 2560 675 2616; x_wconf 87' lang='lat' dir='ltr'>ab</span> <span class='ocrx_word' id='word_1_213' title='bbox 690 2560 855 2632; x_wconf 67' lang='lat' dir='ltr'>el³i⁸⁰⁰lli¹l¹¹</span> <span class='ocrx_word' id='word_1_214' title='bbox 871 2559 1001 2617; x_wconf 85' lang='lat' dir='ltr'>admittit.</span> <span class='ocrx_word' id='word_1_215' title='bbox 1142 2569 1345 2632; x_wconf 80' lang='lat' dir='ltr'>fraternitati</span> <span class='ocrx_word' id='word_1_216' title='bbox 1370 2573 1490 2630; x_wconf 84' lang='lat' dir='ltr'>vestrae</span> <span class='ocrx_word' id='word_1_217' title='bbox 1514 2585 1573 2645; x_wconf 90' lang='lat' dir='ltr'>per</span> <span class='ocrx_word' id='word_1_218' title='bbox 1598 2569 1789 2646; x_wconf 87' lang='lat' dir='ltr'>Apostolioa</span> <span class='ocrx_word' id='word_1_219' title='bbox 1810 2567 1913 2642; x_wconf 88' lang='lat' dir='ltr'>scripta</span> 
     </span>
     <span class='ocr_line' id='line_1_24' title="bbox 337 2664 1913 2754; baseline 0.003 -16"><span class='ocrx_word' id='word_1_220' title='bbox 337 2677 514 2748; x_wconf 89' lang='lat' dir='ltr'>Honorius,</span> <span class='ocrx_word' id='word_1_221' title='bbox 538 2676 613 2750; x_wconf 83' lang='lat' dir='ltr'>etc,</span> <span class='ocrx_word' id='word_1_222' title='bbox 629 2675 814 2738; x_wconf 89' lang='lat' dir='ltr'>venerabili</span> <span class='ocrx_word' id='word_1_223' title='bbox 829 2676 925 2739; x_wconf 81' lang='lat' dir='ltr'>fratri</span> <span class='ocrx_word' id='word_1_224' title='bbox 945 2678 981 2738; x_wconf 89' lang='lat' dir='ltr'>P.</span> <span class='ocrx_word' id='word_1_225' title='bbox 998 2677 1088 2754; x_wconf 88' lang='lat' dir='ltr'>epis·</span> <span class='ocrx_word' id='word_1_226' title='bbox 1143 2667 1349 2738; x_wconf 68' lang='lat' dir='ltr'>mandamus,</span> <span class='ocrx_word' id='word_1_227' title='bbox 1367 2669 1530 2744; x_wconf 87' lang='lat' dir='ltr'>quatenus</span> <span class='ocrx_word' id='word_1_228' title='bbox 1558 2667 1700 2728; x_wconf 60' lang='lat' dir='ltr'>electum</span> <span class='ocrx_word' id='word_1_229' title='bbox 1721 2666 1824 2742; x_wconf 91' lang='lat' dir='ltr'>ipsum</span> <span class='ocrx_word' id='word_1_230' title='bbox 1841 2664 1913 2726; x_wconf 63' lang='lat' dir='ltr'>‘lilii</span> 
     </span>
     <span class='ocr_line' id='line_1_25' title="bbox 294 2761 1914 2850; baseline -0.003 -26"><span class='ocrx_word' id='word_1_231' title='bbox 294 2790 376 2850; x_wconf 81' lang='lat' dir='ltr'>copo</span> <span class='ocrx_word' id='word_1_232' title='bbox 390 2775 554 2850; x_wconf 82' lang='lat' dir='ltr'>qnondam</span> <span class='ocrx_word' id='word_1_233' title='bbox 569 2775 786 2836; x_wconf 74' lang='lat' dir='ltr'>Matisconen.</span> <span class='ocrx_word' id='word_1_234' title='bbox 1142 2763 1373 2836; x_wconf 64' lang='lat' dir='ltr'>litteraturam,</span> <span class='ocrx_word' id='word_1_235' title='bbox 1387 2764 1510 2835; x_wconf 72' lang='lat' dir='ltr'>(italia,</span> <span class='ocrx_word' id='word_1_236' title='bbox 1527 2779 1601 2840; x_wconf 72' lang='lat' dir='ltr'>quoe</span> <span class='ocrx_word' id='word_1_237' title='bbox 1611 2764 1647 2824; x_wconf 91' lang='lat' dir='ltr'>in</span> <span class='ocrx_word' id='word_1_238' title='bbox 1661 2763 1815 2839; x_wconf 77' lang='lat' dir='ltr'>pontifice</span> <span class='ocrx_word' id='word_1_239' title='bbox 1827 2761 1914 2836; x_wconf 78' lang='lat' dir='ltr'>requi·</span> 
     </span>
     <span class='ocr_line' id='line_1_26' title="bbox 333 2856 1964 2948; baseline -0.001 -16"><span class='ocrx_word' id='word_1_240' title='bbox 333 2871 562 2948; x_wconf 78' lang='lat' dir='ltr'>multiplicatis</span> <span class='ocrx_word' id='word_1_241' title='bbox 582 2872 734 2948; x_wconf 79' lang='lat' dir='ltr'>precisus</span> <span class='ocrx_word' id='word_1_242' title='bbox 758 2872 824 2934; x_wconf 85' lang='lat' dir='ltr'>tuis</span> <span class='ocrx_word' id='word_1_243' title='bbox 843 2871 977 2933; x_wconf 83' lang='lat' dir='ltr'>tandem</span> <span class='ocrx_word' id='word_1_244' title='bbox 998 2869 1089 2932; x_wconf 81' lang='lat' dir='ltr'>noni·</span> <span class='ocrx_word' id='word_1_245' title='bbox 1129 2861 1271 2932; x_wconf 76' lang='lat' dir='ltr'>mutus,</span> <span class='ocrx_word' id='word_1_246' title='bbox 1286 2861 1464 2936; x_wconf 77' lang='lat' dir='ltr'>diiigenter</span> <span class='ocrx_word' id='word_1_247' title='bbox 1482 2861 1674 2922; x_wconf 73' lang='lat' dir='ltr'>exennium</span> <span class='ocrx_word' id='word_1_248' title='bbox 1701 2859 1832 2930; x_wconf 81' lang='lat' dir='ltr'>cursus,</span> <span class='ocrx_word' id='word_1_249' title='bbox 1846 2859 1874 2918; x_wconf 80' lang='lat' dir='ltr'>ot</span> <span class='ocrx_word' id='word_1_250' title='bbox 1891 2856 1913 2917; x_wconf 85' lang='lat' dir='ltr'>si</span> <span class='ocrx_word' id='word_1_251' title='bbox 1963 2857 1964 2892; x_wconf 78' lang='lat'><em>³</em></span> 
     </span>
     <span class='ocr_line' id='line_1_27' title="bbox 293 2957 1911 3045; baseline -0.004 -25"><span class='ocrx_word' id='word_1_252' title='bbox 293 2968 393 3042; x_wconf 75' lang='lat' dir='ltr'>gnius</span> <span class='ocrx_word' id='word_1_253' title='bbox 412 2970 595 3030; x_wconf 73' lang='lat' dir='ltr'>annuentes</span> <span class='ocrx_word' id='word_1_254' title='bbox 612 2971 645 3030; x_wconf 77' lang='lat' dir='ltr'>te</span> <span class='ocrx_word' id='word_1_255' title='bbox 664 2986 682 3030; x_wconf 79' lang='lat' dir='ltr'><strong>a</strong></span> <span class='ocrx_word' id='word_1_256' title='bbox 698 2985 778 3030; x_wconf 81' lang='lat' dir='ltr'>cura</span> <span class='ocrx_word' id='word_1_257' title='bbox 793 2969 965 3045; x_wconf 80' lang='lat' dir='ltr'>regiminis</span> <span class='ocrx_word' id='word_1_258' title='bbox 980 2969 1089 3030; x_wconf 79' lang='lat' dir='ltr'>eccle-</span> <span class='ocrx_word' id='word_1_259' title='bbox 1142 2973 1217 3020; x_wconf 79' lang='lat' dir='ltr'>etim</span> <span class='ocrx_word' id='word_1_260' title='bbox 1235 2959 1385 3020; x_wconf 77' lang='lat' dir='ltr'>ecclesiae</span> <span class='ocrx_word' id='word_1_261' title='bbox 1409 2959 1592 3020; x_wconf 79' lang='lat' dir='ltr'>Bisliniiliae</span> <span class='ocrx_word' id='word_1_262' title='bbox 1613 2957 1777 3032; x_wconf 80' lang='lat' dir='ltr'>regimine</span> <span class='ocrx_word' id='word_1_263' title='bbox 1792 2957 1911 3016; x_wconf 77' lang='lat' dir='ltr'>invehe-</span> 
     </span>
     <span class='ocr_line' id='line_1_28' title="bbox 293 3052 1912 3138; baseline -0.001 -13"><span class='ocrx_word' id='word_1_264' title='bbox 293 3066 352 3126; x_wconf 84' lang='lat' dir='ltr'>siae</span> <span class='ocrx_word' id='word_1_265' title='bbox 374 3067 591 3126; x_wconf 84' lang='lat' dir='ltr'>Matisconen.</span> <span class='ocrx_word' id='word_1_266' title='bbox 618 3066 831 3138; x_wconf 80' lang='lat' dir='ltr'>absolvimus,</span> <span class='ocrx_word' id='word_1_267' title='bbox 858 3065 1085 3136; x_wconf 81' lang='lat' dir='ltr'>concedentes,</span> <span class='ocrx_word' id='word_1_268' title='bbox 1142 3056 1216 3117; x_wconf 83' lang='lat' dir='ltr'>ritis</span> <span class='ocrx_word' id='word_1_269' title='bbox 1230 3071 1304 3116; x_wconf 84' lang='lat' dir='ltr'>esse</span> <span class='ocrx_word' id='word_1_270' title='bbox 1323 3057 1470 3128; x_wconf 77' lang='lat' dir='ltr'>dignum,</span> <span class='ocrx_word' id='word_1_271' title='bbox 1488 3056 1595 3131; x_wconf 89' lang='lat' dir='ltr'>ipsum</span> <span class='ocrx_word' id='word_1_272' title='bbox 1612 3054 1722 3116; x_wconf 83' lang='lat' dir='ltr'>uidem</span> <span class='ocrx_word' id='word_1_273' title='bbox 1739 3052 1912 3115; x_wconf 83' lang='lat' dir='ltr'>auctoritato</span> 
     </span>
     <span class='ocr_line' id='line_1_29' title="bbox 292 3148 1912 3238; baseline -0.004 -16"><span class='ocrx_word' id='word_1_274' title='bbox 292 3163 328 3224; x_wconf 92' lang='lat' dir='ltr'>ut</span> <span class='ocrx_word' id='word_1_275' title='bbox 343 3163 588 3238; x_wconf 83' lang='lat' dir='ltr'>pontificalibus</span> <span class='ocrx_word' id='word_1_276' title='bbox 603 3165 708 3224; x_wconf 88' lang='lat' dir='ltr'>utaris</span> <span class='ocrx_word' id='word_1_277' title='bbox 723 3163 924 3238; x_wconf 85' lang='lat' dir='ltr'>insignibus,</span> <span class='ocrx_word' id='word_1_278' title='bbox 941 3178 980 3224; x_wconf 88' lang='lat' dir='ltr'>ac</span> <span class='ocrx_word' id='word_1_279' title='bbox 999 3179 1088 3224; x_wconf 87' lang='lat' dir='ltr'>man·</span> <span class='ocrx_word' id='word_1_280' title='bbox 1142 3155 1254 3214; x_wconf 76' lang='lat' dir='ltr'>110⁵tra</span> <span class='ocrx_word' id='word_1_281' title='bbox 1266 3154 1299 3214; x_wconf 83' lang='lat' dir='ltr'>in</span> <span class='ocrx_word' id='word_1_282' title='bbox 1308 3157 1474 3230; x_wconf 79' lang='lat' dir='ltr'>pastorem</span> <span class='ocrx_word' id='word_1_283' title='bbox 1488 3151 1521 3213; x_wconf 75' lang='lat' dir='ltr'>et</span> <span class='ocrx_word' id='word_1_284' title='bbox 1530 3152 1723 3229; x_wconf 81' lang='lat' dir='ltr'>episcopum</span> <span class='ocrx_word' id='word_1_285' title='bbox 1736 3148 1912 3216; x_wconf 76' lang='lat' dir='ltr'>concedatis.</span> 
     </span>
     <span class='ocr_line' id='line_1_30' title="bbox 293 3247 1914 3337; baseline 0 -18"><span class='ocrx_word' id='word_1_286' title='bbox 293 3259 411 3320; x_wconf 81' lang='lat' dir='ltr'>dantes</span> <span class='ocrx_word' id='word_1_287' title='bbox 425 3275 500 3320; x_wconf 81' lang='lat' dir='ltr'>reu.</span> <span class='ocrx_word' id='word_1_288' title='bbox 517 3260 613 3323; x_wconf 80' lang='lat' dir='ltr'>tratri</span> <span class='ocrx_word' id='word_1_289' title='bbox 625 3261 776 3322; x_wconf 79' lang='lat' dir='ltr'>nostro...</span> <span class='ocrx_word' id='word_1_290' title='bbox 789 3261 981 3322; x_wconf 82' lang='lat' dir='ltr'>cabilonen.</span> <span class='ocrx_word' id='word_1_291' title='bbox 998 3261 1088 3337; x_wconf 83' lang='lat' dir='ltr'>epis-</span> <span class='ocrx_word' id='word_1_292' title='bbox 1142 3265 1161 3310; x_wconf 84' lang='lat' dir='ltr'>a</span> <span class='ocrx_word' id='word_1_293' title='bbox 1180 3265 1259 3310; x_wconf 82' lang='lat' dir='ltr'>cura</span> <span class='ocrx_word' id='word_1_294' title='bbox 1277 3253 1462 3312; x_wconf 79' lang='lat' dir='ltr'>Lausanen.</span> <span class='ocrx_word' id='word_1_295' title='bbox 1480 3248 1630 3311; x_wconf 78' lang='lat' dir='ltr'>occissis</span> <span class='ocrx_word' id='word_1_296' title='bbox 1650 3248 1847 3310; x_wconf 78' lang='lat' dir='ltr'>ahsolutum.</span> <span class='ocrx_word' id='word_1_297' title='bbox 1861 3247 1914 3306; x_wconf 86' lang='lat' dir='ltr'>ua-</span> 
     </span>
     <span class='ocr_line' id='line_1_31' title="bbox 293 3340 1914 3433; baseline 0.001 -15"><span class='ocrx_word' id='word_1_298' title='bbox 293 3373 374 3433; x_wconf 91' lang='lat' dir='ltr'>copo</span> <span class='ocrx_word' id='word_1_299' title='bbox 395 3359 427 3418; x_wconf 91' lang='lat' dir='ltr'>et</span> <span class='ocrx_word' id='word_1_300' title='bbox 447 3357 567 3419; x_wconf 90' lang='lat' dir='ltr'>dilecto</span> <span class='ocrx_word' id='word_1_301' title='bbox 594 3357 700 3419; x_wconf 85' lang='lat' dir='ltr'>illio...</span> <span class='ocrx_word' id='word_1_302' title='bbox 721 3357 832 3419; x_wconf 90' lang='lat' dir='ltr'>abbati</span> <span class='ocrx_word' id='word_1_303' title='bbox 854 3358 894 3420; x_wconf 90' lang='lat' dir='ltr'>de</span> <span class='ocrx_word' id='word_1_304' title='bbox 916 3357 1088 3420; x_wconf 79' lang='lat' dir='ltr'>Firmitate</span> <span class='ocrx_word' id='word_1_305' title='bbox 1142 3349 1211 3408; x_wconf 72' lang='lat' dir='ltr'>illm</span> <span class='ocrx_word' id='word_1_306' title='bbox 1227 3347 1394 3418; x_wconf 67' lang='lat' dir='ltr'>Laterani,</span> <span class='ocrx_word' id='word_1_307' title='bbox 1408 3345 1809 3415; x_wconf 68' lang='lat' dir='ltr'>lllkalendassebruarii.</span> <span class='ocrx_word' id='word_1_308' title='bbox 1824 3340 1914 3419; x_wconf 62' lang='lat' dir='ltr'>l0115·</span> 
     </span>
     <span class='ocr_line' id='line_1_32' title="bbox 293 3443 1626 3526; baseline 0.005 -13"><span class='ocrx_word' id='word_1_309' title='bbox 293 3453 487 3515; x_wconf 77' lang='lat' dir='ltr'>nisnnsien.</span> <span class='ocrx_word' id='word_1_310' title='bbox 504 3454 642 3526; x_wconf 78' lang='lat' dir='ltr'>ordinis,</span> <span class='ocrx_word' id='word_1_311' title='bbox 665 3455 856 3516; x_wconf 83' lang='lat' dir='ltr'>osiiionsn.</span> <span class='ocrx_word' id='word_1_312' title='bbox 872 3455 1036 3526; x_wconf 78' lang='lat' dir='ltr'>oioesssis,</span> <span class='ocrx_word' id='word_1_313' title='bbox 1054 3456 1088 3517; x_wconf 85' lang='lat' dir='ltr'>ui</span> <span class='ocrx_word' id='word_1_314' title='bbox 1143 3444 1261 3506; x_wconf 79' lang='lat' dir='ltr'>ecatus</span> <span class='ocrx_word' id='word_1_315' title='bbox 1276 3444 1383 3506; x_wconf 79' lang='lat' dir='ltr'>nostri</span> <span class='ocrx_word' id='word_1_316' title='bbox 1395 3459 1483 3504; x_wconf 84' lang='lat' dir='ltr'>anno</span> <span class='ocrx_word' id='word_1_317' title='bbox 1498 3443 1626 3520; x_wconf 83' lang='lat' dir='ltr'>quinio.</span> 
     </span>
     <span class='ocr_line' id='line_1_33' title="bbox 291 3549 1458 3629; baseline 0.003 -19"><span class='ocrx_word' id='word_1_318' title='bbox 291 3549 332 3610; x_wconf 90' lang='lat' dir='ltr'>de</span> <span class='ocrx_word' id='word_1_319' title='bbox 353 3550 569 3626; x_wconf 89' lang='lat' dir='ltr'>proventibus</span> <span class='ocrx_word' id='word_1_320' title='bbox 593 3551 811 3612; x_wconf 85' lang='lat' dir='ltr'>Matisconen.</span> <span class='ocrx_word' id='word_1_321' title='bbox 835 3551 1006 3629; x_wconf 88' lang='lat' dir='ltr'>episcopii,</span> <span class='ocrx_word' id='word_1_322' title='bbox 1033 3551 1087 3613; x_wconf 90' lang='lat' dir='ltr'>cui</span> <span class='ocrx_word' id='word_1_323' title='bbox 1455 3603 1458 3614; x_wconf 93' lang='lat'>.</span> 
     </span>
     <span class='ocr_line' id='line_1_34' title="bbox 251 3645 1662 3750; baseline 0.003 -44"><span class='ocrx_word' id='word_1_324' title='bbox 251 3703 253 3717; x_wconf 85' lang='grc'>,</span> <span class='ocrx_word' id='word_1_325' title='bbox 291 3645 505 3708; x_wconf 90' lang='lat' dir='ltr'>laudabiliter</span> <span class='ocrx_word' id='word_1_326' title='bbox 523 3647 702 3724; x_wconf 81' lang='lat' dir='ltr'>praefuisti,</span> <span class='ocrx_word' id='word_1_327' title='bbox 729 3663 908 3723; x_wconf 89' lang='lat' dir='ltr'>congruam</span> <span class='ocrx_word' id='word_1_328' title='bbox 926 3649 987 3710; x_wconf 90' lang='lat' dir='ltr'>tihi</span> <span class='ocrx_word' id='word_1_329' title='bbox 1008 3664 1086 3725; x_wconf 92' lang='lat' dir='ltr'>pro·</span> <span class='ocrx_word' id='word_1_330' title='bbox 1419 3663 1662 3750; x_wconf 71' lang='lat' dir='ltr'>CCXXXVH</span> 
     </span>
     <span class='ocr_line' id='line_1_35' title="bbox 292 3745 1086 3822; baseline 0.004 -18"><span class='ocrx_word' id='word_1_331' title='bbox 292 3745 455 3806; x_wconf 88' lang='lat' dir='ltr'>visionem</span> <span class='ocrx_word' id='word_1_332' title='bbox 470 3746 652 3822; x_wconf 90' lang='lat' dir='ltr'>assignent.</span> <span class='ocrx_word' id='word_1_333' title='bbox 670 3747 787 3806; x_wconf 85' lang='lat' dir='ltr'>Datum</span> <span class='ocrx_word' id='word_1_334' title='bbox 803 3745 971 3819; x_wconf 86' lang='lat' dir='ltr'>Laterani,</span> <span class='ocrx_word' id='word_1_335' title='bbox 988 3747 1086 3807; x_wconf 89' lang='lat' dir='ltr'>tertio</span> 
     </span>
     <span class='ocr_line' id='line_1_36' title="bbox 290 3841 884 3920; baseline 0 -18"><span class='ocrx_word' id='word_1_336' title='bbox 290 3841 452 3904; x_wconf 86' lang='lat' dir='ltr'>kalendas</span> <span class='ocrx_word' id='word_1_337' title='bbox 463 3841 636 3915; x_wconf 82' lang='lat' dir='ltr'>februarii,</span> <span class='ocrx_word' id='word_1_338' title='bbox 654 3859 741 3904; x_wconf 89' lang='lat' dir='ltr'>auno</span> <span class='ocrx_word' id='word_1_339' title='bbox 757 3843 884 3920; x_wconf 88' lang='lat' dir='ltr'>quinto.</span> 
     </span>
    </p>
   </div>
   <div class='ocr_carea' id='block_1_3' title="bbox 390 2219 965 2294">
    <p class='ocr_par' dir='ltr' id='par_1_3' title="bbox 390 2219 965 2294">
     <span class='ocr_line' id='line_1_37' title="bbox 390 2219 965 2294; baseline -0.007 -12"><span class='ocrx_word' id='word_1_340' title='bbox 390 2220 443 2282; x_wconf 84' lang='lat' dir='ltr'>Ad</span> <span class='ocrx_word' id='word_1_341' title='bbox 457 2220 652 2294; x_wconf 71' lang='lat' dir='ltr'>ennoopnm</span> <span class='ocrx_word' id='word_1_342' title='bbox 666 2219 965 2280; x_wconf 72' lang='lat' dir='ltr'>matisconensem.</span> 
     </span>
    </p>
   </div>
   <div class='ocr_carea' id='block_1_4' title="bbox 1141 3805 1914 4000">
    <p class='ocr_par' dir='ltr' id='par_1_4' title="bbox 1141 3805 1914 4000">
     <span class='ocr_line' id='line_1_38' title="bbox 1141 3805 1914 3881; baseline -0.014 -12"><span class='ocrx_word' id='word_1_343' title='bbox 1141 3811 1193 3870; x_wconf 77' lang='lat' dir='ltr'>Ad</span> <span class='ocrx_word' id='word_1_344' title='bbox 1205 3810 1380 3870; x_wconf 79' lang='lat' dir='ltr'>Aiidream</span> <span class='ocrx_word' id='word_1_345' title='bbox 1395 3809 1689 3881; x_wconf 78' lang='lat' dir='ltr'>archiepiscopum</span> <span class='ocrx_word' id='word_1_346' title='bbox 1709 3805 1914 3868; x_wconf 81' lang='lat' dir='ltr'>Lundenseni.</span> 
     </span>
     <span class='ocr_line' id='line_1_39' title="bbox 1437 3927 1643 4000; baseline -0.005 -15"><span class='ocrx_word' id='word_1_347' title='bbox 1437 3927 1473 3985; x_wconf 80' lang='lat'>30</span> <span class='ocrx_word' id='word_1_348' title='bbox 1484 3927 1545 4000; x_wconf 80' lang='lat' dir='ltr'>jan.</span> <span class='ocrx_word' id='word_1_349' title='bbox 1562 3927 1643 3986; x_wconf 77' lang='lat' dir='ltr'>liii.</span> 
     </span>
    </p>
   </div>
   <div class='ocr_carea' id='block_1_5' title="bbox 579 4036 1783 4126">
    <p class='ocr_par' dir='ltr' id='par_1_5' title="bbox 579 4036 1783 4126">
     <span class='ocr_line' id='line_1_40' title="bbox 579 4036 1783 4126; baseline -0.017 -3"><span class='ocrx_word' id='word_1_350' title='bbox 579 4036 801 4126; x_wconf 76' lang='lat' dir='ltr'>dcxxxvi</span> <span class='ocrx_word' id='word_1_351' title='bbox 1301 4040 1783 4108; x_wconf 65' lang='lat' dir='ltr'>remanentnunrumi</span> 
     </span>
    </p>
   </div>
   <div class='ocr_carea' id='block_1_6' title="bbox 291 4157 1901 4370">
    <p class='ocr_par' dir='ltr' id='par_1_6' title="bbox 291 4157 1901 4370">
     <span class='ocr_line' id='line_1_41' title="bbox 291 4157 1901 4257; baseline -0.016 -24"><span class='ocrx_word' id='word_1_352' title='bbox 291 4173 343 4233; x_wconf 81' lang='lat' dir='ltr'>Ad</span> <span class='ocrx_word' id='word_1_353' title='bbox 356 4173 530 4248; x_wconf 81' lang='lat' dir='ltr'>episcopos</span> <span class='ocrx_word' id='word_1_354' title='bbox 546 4173 748 4233; x_wconf 67' lang='lat' dir='ltr'>liecensem</span> <span class='ocrx_word' id='word_1_355' title='bbox 770 4171 803 4234; x_wconf 84' lang='lat' dir='ltr'>et</span> <span class='ocrx_word' id='word_1_356' title='bbox 822 4173 1085 4247; x_wconf 82' lang='lat' dir='ltr'>Linpoiiensein.</span> <span class='ocrx_word' id='word_1_357' title='bbox 1160 4159 1277 4218; x_wconf 75' lang='lat' dir='ltr'>Mandat</span> <span class='ocrx_word' id='word_1_358' title='bbox 1289 4165 1321 4216; x_wconf 88' lang='lat' dir='ltr'>ut</span> <span class='ocrx_word' id='word_1_359' title='bbox 1332 4159 1452 4231; x_wconf 83' lang='lat' dir='ltr'>recipiat</span> <span class='ocrx_word' id='word_1_360' title='bbox 1466 4164 1494 4215; x_wconf 89' lang='lat' dir='ltr'>et</span> <span class='ocrx_word' id='word_1_361' title='bbox 1510 4157 1651 4215; x_wconf 81' lang='lat' dir='ltr'>custodiat</span> <span class='ocrx_word' id='word_1_362' title='bbox 1666 4157 1816 4257; x_wconf 84' lang='lat' dir='ltr'>pecuniam</span> <span class='ocrx_word' id='word_1_363' title='bbox 1831 4165 1901 4226; x_wconf 80' lang='lat' dir='ltr'>quau</span> 
     </span>
     <span class='ocr_line' id='line_1_42' title="bbox 537 4241 1872 4370; baseline -0.033 -35"><span class='ocrx_word' id='word_1_364' title='bbox 537 4362 539 4370; x_wconf 8' lang='grc' dir='ltr'>η</span> <span class='ocrx_word' id='word_1_365' title='bbox 587 4293 623 4353; x_wconf 82' lang='lat'>30</span> <span class='ocrx_word' id='word_1_366' title='bbox 632 4293 693 4368; x_wconf 45' lang='lat' dir='ltr'>jan·</span> <span class='ocrx_word' id='word_1_367' title='bbox 712 4294 790 4355; x_wconf 39' lang='grc' dir='ltr'>Μ.</span> <span class='ocrx_word' id='word_1_368' title='bbox 1196 4247 1362 4320; x_wconf 86' lang='lat' dir='ltr'>Upselensis</span> <span class='ocrx_word' id='word_1_369' title='bbox 1377 4245 1609 4319; x_wconf 86' lang='lat' dir='ltr'>archiepiscopus</span> <span class='ocrx_word' id='word_1_370' title='bbox 1624 4258 1775 4318; x_wconf 77' lang='lat' dir='ltr'>assignare</span> <span class='ocrx_word' id='word_1_371' title='bbox 1788 4241 1872 4299; x_wconf 78' lang='lat' dir='ltr'>dehet.</span> 
     </span>
    </p>
   </div>
   <div class='ocr_carea' id='block_1_7' title="bbox 319 4363 1916 4474">
    <p class='ocr_par' dir='ltr' id='par_1_7' title="bbox 319 4363 1916 4474">
     <span class='ocr_line' id='line_1_43' title="bbox 319 4363 1916 4474; baseline -0.011 -12"><span class='ocrx_word' id='word_1_372' title='bbox 319 4411 439 4474; x_wconf 83' lang='lat' dir='ltr'>[Regest.,</span> <span class='ocrx_word' id='word_1_373' title='bbox 452 4407 498 4460; x_wconf 88' lang='lat' dir='ltr'>lib.</span> <span class='ocrx_word' id='word_1_374' title='bbox 511 4409 545 4468; x_wconf 81' lang='lat' dir='ltr'>V,</span> <span class='ocrx_word' id='word_1_375' title='bbox 556 4408 629 4472; x_wconf 86' lang='lat' dir='ltr'>epist.</span> <span class='ocrx_word' id='word_1_376' title='bbox 643 4405 699 4458; x_wconf 67' lang='grc'><strong>364.</strong></span> <span class='ocrx_word' id='word_1_377' title='bbox 714 4409 773 4458; x_wconf 85' lang='lat' dir='ltr'>iles.</span> <span class='ocrx_word' id='word_1_378' title='bbox 786 4409 821 4460; x_wconf 81' lang='lat' dir='ltr'>La</span> <span class='ocrx_word' id='word_1_379' title='bbox 833 4382 909 4458; x_wconf 81' lang='lat' dir='ltr'>Porto</span> <span class='ocrx_word' id='word_1_380' title='bbox 919 4407 952 4458; x_wconf 86' lang='lat' dir='ltr'>du</span> <span class='ocrx_word' id='word_1_381' title='bbox 968 4406 1061 4473; x_wconf 78' lang='lat' dir='ltr'>rhein]</span> <span class='ocrx_word' id='word_1_382' title='bbox 1182 4373 1360 4444; x_wconf 82' lang='lat' dir='ltr'>Honorius,</span> <span class='ocrx_word' id='word_1_383' title='bbox 1386 4387 1501 4434; x_wconf 55' lang='lat' dir='ltr'>servus</span> <span class='ocrx_word' id='word_1_384' title='bbox 1530 4387 1701 4432; x_wconf 63' lang='grc' dir='ltr'>39ηοῗωῦ</span> <span class='ocrx_word' id='word_1_385' title='bbox 1727 4369 1798 4442; x_wconf 79' lang='lat' dir='ltr'>Dei,</span> <span class='ocrx_word' id='word_1_386' title='bbox 1823 4363 1916 4428; x_wconf 62' lang='lat' dir='ltr'><strong>arem·</strong></span> 
     </span>
    </p>
   </div>
   <div class='ocr_carea' id='block_1_8' title="bbox 293 4465 1858 4587">
    <p class='ocr_par' dir='ltr' id='par_1_8' title="bbox 293 4465 1858 4587">
     <span class='ocr_line' id='line_1_44' title="bbox 293 4465 1858 4587; baseline -0.019 -13"><span class='ocrx_word' id='word_1_387' title='bbox 293 4518 347 4574; x_wconf 83' lang='lat' dir='ltr'>liet</span> <span class='ocrx_word' id='word_1_388' title='bbox 365 4515 408 4572; x_wconf 88' lang='lat' dir='ltr'>eis</span> <span class='ocrx_word' id='word_1_389' title='bbox 427 4515 603 4587; x_wconf 72' lang='lat' dir='ltr'>provinciam</span> <span class='ocrx_word' id='word_1_390' title='bbox 618 4514 653 4571; x_wconf 91' lang='lat' dir='ltr'>de</span> <span class='ocrx_word' id='word_1_391' title='bbox 670 4515 703 4572; x_wconf 86' lang='lat' dir='ltr'>G.</span> <span class='ocrx_word' id='word_1_392' title='bbox 723 4514 900 4571; x_wconf 86' lang='lat' dir='ltr'>Leusanensi</span> <span class='ocrx_word' id='word_1_393' title='bbox 922 4514 1024 4582; x_wconf 89' lang='lat' dir='ltr'>electo,</span> <span class='ocrx_word' id='word_1_394' title='bbox 1039 4514 1086 4586; x_wconf 82' lang='lat' dir='ltr'>qui</span> <span class='ocrx_word' id='word_1_395' title='bbox 1142 4471 1297 4548; x_wconf 61' lang='lat' dir='ltr'>epi⁸⁰⁰p⁰</span> <span class='ocrx_word' id='word_1_396' title='bbox 1316 4465 1858 4548; x_wconf 58' lang='grc' dir='ltr'>11111Ιά·(ΑῙΠῘΓθῗθ)νθὲῑῙῦῘθΠῙνθῐθ·</span> 
     </span>
    </p>
   </div>
   <div class='ocr_carea' id='block_1_9' title="bbox 328 4562 1915 4670">
    <p class='ocr_par' dir='ltr' id='par_1_9' title="bbox 328 4562 1915 4670">
     <span class='ocr_line' id='line_1_45' title="bbox 328 4562 1915 4670; baseline -0.01 -9"><span class='ocrx_word' id='word_1_397' title='bbox 328 4603 364 4661; x_wconf 89' lang='lat' dir='ltr'>ad</span> <span class='ocrx_word' id='word_1_398' title='bbox 378 4603 476 4661; x_wconf 87' lang='lat' dir='ltr'>sedern</span> <span class='ocrx_word' id='word_1_399' title='bbox 491 4603 857 4662; x_wconf 87' lang='lat' dir='ltr'>Bisuntiuomeoonouicis</span> <span class='ocrx_word' id='word_1_400' title='bbox 872 4603 1036 4670; x_wconf 86' lang='lat' dir='ltr'>vocabatur,</span> <span class='ocrx_word' id='word_1_401' title='bbox 1049 4603 1088 4658; x_wconf 92' lang='lat' dir='ltr'>in·</span> <span class='ocrx_word' id='word_1_402' title='bbox 1182 4567 1396 4629; x_wconf 47' lang='lat' dir='ltr'>maternitati</span> <span class='ocrx_word' id='word_1_403' title='bbox 1433 4569 1499 4628; x_wconf 49' lang='grc' dir='ltr'>ἴω</span> <span class='ocrx_word' id='word_1_404' title='bbox 1532 4565 1745 4637; x_wconf 83' lang='lat' dir='ltr'>mandamus,</span> <span class='ocrx_word' id='word_1_405' title='bbox 1774 4562 1915 4642; x_wconf 59' lang='lat' dir='ltr'><strong>quatenus</strong></span> 
     </span>
    </p>
   </div>
   <div class='ocr_carea' id='block_1_10' title="bbox 327 4661 1913 4838">
    <p class='ocr_par' dir='ltr' id='par_1_10' title="bbox 327 4661 1913 4838">
     <span class='ocr_line' id='line_1_46' title="bbox 327 4661 1913 4768; baseline -0.013 -17"><span class='ocrx_word' id='word_1_406' title='bbox 327 4691 467 4764; x_wconf 77' lang='lat' dir='ltr'>missii,</span> <span class='ocrx_word' id='word_1_407' title='bbox 481 4700 508 4750; x_wconf 80' lang='lat' dir='ltr'>ei</span> <span class='ocrx_word' id='word_1_408' title='bbox 523 4693 547 4750; x_wconf 83' lang='lat' dir='ltr'>si</span> <span class='ocrx_word' id='word_1_409' title='bbox 562 4691 682 4750; x_wconf 77' lang='lat' dir='ltr'>idoneus</span> <span class='ocrx_word' id='word_1_410' title='bbox 701 4690 853 4760; x_wconf 72' lang='lat' dir='ltr'>moeretur,</span> <span class='ocrx_word' id='word_1_411' title='bbox 867 4691 961 4763; x_wconf 80' lang='lat' dir='ltr'>ipsun</span> <span class='ocrx_word' id='word_1_412' title='bbox 980 4690 1084 4748; x_wconf 80' lang='lat' dir='ltr'>muni·</span> <span class='ocrx_word' id='word_1_413' title='bbox 1142 4665 1328 4742; x_wconf 78' lang='lat' dir='ltr'>pecuniam,</span> <span class='ocrx_word' id='word_1_414' title='bbox 1346 4665 1375 4723; x_wconf 90' lang='lat' dir='ltr'>si</span> <span class='ocrx_word' id='word_1_415' title='bbox 1395 4679 1492 4741; x_wconf 82' lang='lat' dir='ltr'>quam</span> <span class='ocrx_word' id='word_1_416' title='bbox 1507 4661 1567 4724; x_wconf 77' lang='lat' dir='ltr'>tibi</span> <span class='ocrx_word' id='word_1_417' title='bbox 1588 4663 1700 4723; x_wconf 79' lang='lat' dir='ltr'>nostro</span> <span class='ocrx_word' id='word_1_418' title='bbox 1717 4661 1845 4768; x_wconf 76' lang='lat' dir='ltr'>nonius</span> <span class='ocrx_word' id='word_1_419' title='bbox 1863 4671 1913 4766; x_wconf 64' lang='lat' dir='ltr'>vr</span> 
     </span>
     <span class='ocr_line' id='line_1_47' title="bbox 328 4757 1913 4838; baseline -0.017 0"><span class='ocrx_word' id='word_1_420' title='bbox 328 4780 435 4838; x_wconf 87' lang='lat' dir='ltr'>mandi.</span> <span class='ocrx_word' id='word_1_421' title='bbox 1142 4761 1302 4824; x_wconf 90' lang='lat' dir='ltr'>nerabilis</span> <span class='ocrx_word' id='word_1_422' title='bbox 1314 4761 1416 4822; x_wconf 86' lang='lat' dir='ltr'>trater</span> <span class='ocrx_word' id='word_1_423' title='bbox 1425 4761 1538 4821; x_wconf 91' lang='lat' dir='ltr'>noster</span> <span class='ocrx_word' id='word_1_424' title='bbox 1546 4762 1572 4820; x_wconf 90' lang='lat' dir='ltr'><strong>U</strong></span> <span class='ocrx_word' id='word_1_425' title='bbox 1576 4759 1741 4836; x_wconf 88' lang='lat' dir='ltr'>psalonsis</span> <span class='ocrx_word' id='word_1_426' title='bbox 1750 4757 1913 4831; x_wconf 87' lang='lat' dir='ltr'>archiepis-</span> 
     </span>
    </p>
   </div>
   <div class='ocr_carea' id='block_1_11' title="bbox 1142 4849 1916 5128">
    <p class='ocr_par' dir='ltr' id='par_1_11' title="bbox 1142 4849 1916 5128">
     <span class='ocr_line' id='line_1_48' title="bbox 1142 4849 1916 4936; baseline -0.019 -14"><span class='ocrx_word' id='word_1_427' title='bbox 1142 4876 1244 4936; x_wconf 92' lang='lat' dir='ltr'>copus</span> <span class='ocrx_word' id='word_1_428' title='bbox 1269 4858 1461 4934; x_wconf 88' lang='lat' dir='ltr'>assignabit,</span> <span class='ocrx_word' id='word_1_429' title='bbox 1482 4857 1625 4934; x_wconf 85' lang='lat' dir='ltr'>recipias</span> <span class='ocrx_word' id='word_1_430' title='bbox 1648 4857 1681 4917; x_wconf 92' lang='lat' dir='ltr'>et</span> <span class='ocrx_word' id='word_1_431' title='bbox 1698 4855 1857 4918; x_wconf 89' lang='lat' dir='ltr'>custodias</span> <span class='ocrx_word' id='word_1_432' title='bbox 1875 4849 1916 4909; x_wconf 92' lang='lat' dir='ltr'>di·</span> 
     </span>
     <span class='ocr_line' id='line_1_49' title="bbox 1143 4945 1916 5031; baseline -0.013 -16"><span class='ocrx_word' id='word_1_433' title='bbox 1143 4956 1297 5031; x_wconf 85' lang='lat' dir='ltr'>ligenter,</span> <span class='ocrx_word' id='word_1_434' title='bbox 1310 4954 1415 5014; x_wconf 90' lang='lat' dir='ltr'>donec</span> <span class='ocrx_word' id='word_1_435' title='bbox 1436 4967 1536 5029; x_wconf 90' lang='lat' dir='ltr'>super</span> <span class='ocrx_word' id='word_1_436' title='bbox 1559 4952 1622 5013; x_wconf 93' lang='lat' dir='ltr'>hoc</span> <span class='ocrx_word' id='word_1_437' title='bbox 1644 4967 1663 5012; x_wconf 88' lang='lat' dir='ltr'>a</span> <span class='ocrx_word' id='word_1_438' title='bbox 1683 4951 1779 5013; x_wconf 91' lang='lat' dir='ltr'>nobis</span> <span class='ocrx_word' id='word_1_439' title='bbox 1799 4945 1916 5010; x_wconf 87' lang='lat' dir='ltr'>manda·</span> 
     </span>
     <span class='ocr_line' id='line_1_50' title="bbox 1143 5049 1655 5128; baseline -0.016 -12"><span class='ocrx_word' id='word_1_440' title='bbox 1143 5054 1211 5117; x_wconf 90' lang='lat' dir='ltr'>tum</span> <span class='ocrx_word' id='word_1_441' title='bbox 1227 5051 1394 5128; x_wconf 90' lang='lat' dir='ltr'>receperis</span> <span class='ocrx_word' id='word_1_442' title='bbox 1409 5049 1575 5120; x_wconf 91' lang='lat' dir='ltr'>iteratum,</span> <span class='ocrx_word' id='word_1_443' title='bbox 1593 5050 1655 5110; x_wconf 90' lang='lat' dir='ltr'>etc.</span> 
     </span>
    </p>
   </div>
   <div class='ocr_carea' id='block_1_12' title="bbox 291 4894 1914 5656">
    <p class='ocr_par' dir='ltr' id='par_1_12' title="bbox 292 4894 1087 5071">
     <span class='ocr_line' id='line_1_51' title="bbox 331 4894 1087 4968; baseline -0.004 -9"><span class='ocrx_word' id='word_1_444' title='bbox 331 4897 513 4968; x_wconf 89' lang='lat' dir='ltr'>Honorius,</span> <span class='ocrx_word' id='word_1_445' title='bbox 540 4897 620 4968; x_wconf 81' lang='lat' dir='ltr'>otc,</span> <span class='ocrx_word' id='word_1_446' title='bbox 650 4895 897 4958; x_wconf 88' lang='lat' dir='ltr'>venerabilibus</span> <span class='ocrx_word' id='word_1_447' title='bbox 929 4894 1087 4958; x_wconf 86' lang='lat' dir='ltr'>tratribus</span> 
     </span>
     <span class='ocr_line' id='line_1_52' title="bbox 292 4994 866 5071; baseline -0.007 -13"><span class='ocrx_word' id='word_1_448' title='bbox 292 4998 429 5058; x_wconf 84' lang='lat' dir='ltr'>Trecen.</span> <span class='ocrx_word' id='word_1_449' title='bbox 443 4995 477 5058; x_wconf 93' lang='lat' dir='ltr'>et</span> <span class='ocrx_word' id='word_1_450' title='bbox 492 4995 673 5070; x_wconf 88' lang='lat' dir='ltr'>Lingonen.</span> <span class='ocrx_word' id='word_1_451' title='bbox 690 4994 866 5071; x_wconf 89' lang='lat' dir='ltr'>episcopis.</span> 
     </span>
    </p>

    <p class='ocr_par' dir='ltr' id='par_1_13' title="bbox 291 5086 1914 5656">
     <span class='ocr_line' id='line_1_53' title="bbox 332 5086 1088 5164; baseline -0.005 -12"><span class='ocrx_word' id='word_1_452' title='bbox 332 5091 480 5152; x_wconf 85' lang='lat' dir='ltr'>Ecclesia</span> <span class='ocrx_word' id='word_1_453' title='bbox 493 5089 666 5150; x_wconf 90' lang='lat' dir='ltr'>Bisuntina</span> <span class='ocrx_word' id='word_1_454' title='bbox 682 5089 826 5164; x_wconf 87' lang='lat' dir='ltr'>pastoris</span> <span class='ocrx_word' id='word_1_455' title='bbox 842 5087 964 5150; x_wconf 90' lang='lat' dir='ltr'>solatio</span> <span class='ocrx_word' id='word_1_456' title='bbox 982 5086 1088 5149; x_wconf 89' lang='lat' dir='ltr'>desti-</span> 
     </span>
     <span class='ocr_line' id='line_1_54' title="bbox 291 5175 1913 5264; baseline -0.009 -14"><span class='ocrx_word' id='word_1_457' title='bbox 291 5189 374 5260; x_wconf 89' lang='lat' dir='ltr'>tuta,</span> <span class='ocrx_word' id='word_1_458' title='bbox 387 5179 498 5248; x_wconf 87' lang='lat' dir='ltr'>dilecti</span> <span class='ocrx_word' id='word_1_459' title='bbox 514 5186 575 5246; x_wconf 86' lang='lat' dir='ltr'>filii</span> <span class='ocrx_word' id='word_1_460' title='bbox 589 5187 622 5247; x_wconf 90' lang='lat' dir='ltr'>S.</span> <span class='ocrx_word' id='word_1_461' title='bbox 636 5185 807 5262; x_wconf 84' lang='lat' dir='ltr'>Stephani,</span> <span class='ocrx_word' id='word_1_462' title='bbox 824 5187 893 5246; x_wconf 89' lang='lat' dir='ltr'>et...</span> <span class='ocrx_word' id='word_1_463' title='bbox 910 5187 944 5246; x_wconf 80' lang='lat' dir='ltr'>s.</span> <span class='ocrx_word' id='word_1_464' title='bbox 960 5184 1088 5246; x_wconf 84' lang='lat' dir='ltr'>lohan-</span> <span class='ocrx_word' id='word_1_465' title='bbox 1185 5183 1372 5264; x_wconf 81' lang='lat' dir='ltr'>(Excerpsit</span> <span class='ocrx_word' id='word_1_466' title='bbox 1388 5181 1602 5259; x_wconf 89' lang='lat' dir='ltr'>Lagerbring,</span> <span class='ocrx_word' id='word_1_467' title='bbox 1619 5183 1660 5242; x_wconf 89' lang='grc' dir='ltr'>Η.</span> <span class='ocrx_word' id='word_1_468' title='bbox 1672 5181 1751 5250; x_wconf 87' lang='lat' dir='ltr'>s.,t.</span> <span class='ocrx_word' id='word_1_469' title='bbox 1766 5181 1805 5252; x_wconf 93' lang='lat' dir='ltr'>ll,</span> <span class='ocrx_word' id='word_1_470' title='bbox 1817 5195 1845 5257; x_wconf 92' lang='lat' dir='ltr'>p.</span> <span class='ocrx_word' id='word_1_471' title='bbox 1857 5175 1913 5242; x_wconf 82' lang='lat' dir='ltr'>iio,</span> 
     </span>
     <span class='ocr_line' id='line_1_55' title="bbox 291 5270 1911 5359; baseline -0.012 -11"><span class='ocrx_word' id='word_1_472' title='bbox 291 5286 344 5348; x_wconf 90' lang='lat' dir='ltr'>nis</span> <span class='ocrx_word' id='word_1_473' title='bbox 357 5284 520 5347; x_wconf 90' lang='lat' dir='ltr'>Bisuntin.</span> <span class='ocrx_word' id='word_1_474' title='bbox 535 5284 710 5356; x_wconf 90' lang='lat' dir='ltr'>decani,et</span> <span class='ocrx_word' id='word_1_475' title='bbox 719 5281 883 5354; x_wconf 90' lang='lat' dir='ltr'>canonici,</span> <span class='ocrx_word' id='word_1_476' title='bbox 896 5282 1088 5344; x_wconf 87' lang='lat' dir='ltr'>convocatis</span> <span class='ocrx_word' id='word_1_477' title='bbox 1143 5299 1187 5345; x_wconf 86' lang='lat' dir='ltr'>ex</span> <span class='ocrx_word' id='word_1_478' title='bbox 1214 5279 1406 5359; x_wconf 87' lang='lat' dir='ltr'>apographo</span> <span class='ocrx_word' id='word_1_479' title='bbox 1434 5295 1493 5356; x_wconf 90' lang='lat' dir='ltr'>per</span> <span class='ocrx_word' id='word_1_480' title='bbox 1518 5280 1699 5352; x_wconf 88' lang='lat' dir='ltr'>Malletum‚</span> <span class='ocrx_word' id='word_1_481' title='bbox 1726 5277 1808 5356; x_wconf 87' lang='lat' dir='ltr'>prot.</span> <span class='ocrx_word' id='word_1_482' title='bbox 1832 5270 1911 5336; x_wconf 84' lang='lat' dir='ltr'>liat.</span> 
     </span>
     <span class='ocr_line' id='line_1_56' title="bbox 291 5374 1914 5461; baseline -0.01 -17"><span class='ocrx_word' id='word_1_483' title='bbox 291 5384 348 5461; x_wconf 86' lang='lat' dir='ltr'>qui</span> <span class='ocrx_word' id='word_1_484' title='bbox 362 5382 495 5444; x_wconf 86' lang='lat' dir='ltr'>tuerent</span> <span class='ocrx_word' id='word_1_485' title='bbox 504 5381 720 5452; x_wconf 90' lang='lat' dir='ltr'>convocandi,</span> <span class='ocrx_word' id='word_1_486' title='bbox 733 5380 773 5441; x_wconf 91' lang='lat' dir='ltr'>de</span> <span class='ocrx_word' id='word_1_487' title='bbox 785 5394 877 5442; x_wconf 90' lang='lat' dir='ltr'>more</span> <span class='ocrx_word' id='word_1_488' title='bbox 891 5381 1089 5442; x_wconf 90' lang='lat' dir='ltr'>couvenien·</span> <span class='ocrx_word' id='word_1_489' title='bbox 1144 5383 1257 5444; x_wconf 84' lang='lat' dir='ltr'>Rornae</span> <span class='ocrx_word' id='word_1_490' title='bbox 1277 5394 1351 5441; x_wconf 88' lang='lat' dir='ltr'>cum</span> <span class='ocrx_word' id='word_1_491' title='bbox 1375 5377 1453 5439; x_wconf 90' lang='lat' dir='ltr'>aliis</span> <span class='ocrx_word' id='word_1_492' title='bbox 1480 5375 1676 5440; x_wconf 83' lang='lat' dir='ltr'>Pontificum</span> <span class='ocrx_word' id='word_1_493' title='bbox 1697 5374 1851 5453; x_wconf 89' lang='lat' dir='ltr'>epistolis,</span> <span class='ocrx_word' id='word_1_494' title='bbox 1868 5383 1914 5429; x_wconf 91' lang='lat' dir='ltr'>re-</span> 
     </span>
     <span class='ocr_line' id='line_1_57' title="bbox 291 5468 1914 5556; baseline -0.007 -14"><span class='ocrx_word' id='word_1_495' title='bbox 291 5485 341 5542; x_wconf 88' lang='lat' dir='ltr'>tes</span> <span class='ocrx_word' id='word_1_496' title='bbox 365 5481 399 5541; x_wconf 88' lang='lat' dir='ltr'>in</span> <span class='ocrx_word' id='word_1_497' title='bbox 430 5495 544 5548; x_wconf 85' lang='lat' dir='ltr'>unum,</span> <span class='ocrx_word' id='word_1_498' title='bbox 573 5479 769 5556; x_wconf 89' lang='lat' dir='ltr'>potestatem</span> <span class='ocrx_word' id='word_1_499' title='bbox 799 5476 995 5554; x_wconf 90' lang='lat' dir='ltr'>providendi</span> <span class='ocrx_word' id='word_1_500' title='bbox 1025 5478 1087 5539; x_wconf 91' lang='lat' dir='ltr'>sihi</span> <span class='ocrx_word' id='word_1_501' title='bbox 1144 5494 1284 5556; x_wconf 88' lang='lat' dir='ltr'>gnorum</span> <span class='ocrx_word' id='word_1_502' title='bbox 1304 5475 1612 5554; x_wconf 82' lang='lat' dir='ltr'>septentrionalium</span> <span class='ocrx_word' id='word_1_503' title='bbox 1642 5473 1813 5536; x_wconf 87' lang='lat' dir='ltr'>historiam</span> <span class='ocrx_word' id='word_1_504' title='bbox 1834 5468 1914 5531; x_wconf 68' lang='lat' dir='ltr'>illlis·</span> 
     </span>
     <span class='ocr_line' id='line_1_58' title="bbox 293 5571 1560 5656; baseline -0.005 -19"><span class='ocrx_word' id='word_1_505' title='bbox 293 5593 469 5656; x_wconf 79' lang='lat' dir='ltr'>personam</span> <span class='ocrx_word' id='word_1_506' title='bbox 490 5577 643 5638; x_wconf 87' lang='lat' dir='ltr'>idoneam</span> <span class='ocrx_word' id='word_1_507' title='bbox 671 5575 829 5638; x_wconf 88' lang='lat' dir='ltr'>canonice</span> <span class='ocrx_word' id='word_1_508' title='bbox 853 5575 887 5636; x_wconf 92' lang='lat' dir='ltr'>iu</span> <span class='ocrx_word' id='word_1_509' title='bbox 910 5577 1086 5652; x_wconf 87' lang='lat' dir='ltr'>pastorem,</span> <span class='ocrx_word' id='word_1_510' title='bbox 1144 5575 1319 5646; x_wconf 85' lang='lat' dir='ltr'>trentibus,</span> <span class='ocrx_word' id='word_1_511' title='bbox 1336 5571 1560 5648; x_wconf 85' lang='lat' dir='ltr'>transmisso.)</span> 
     </span>
    </p>
   </div>
   <div class='ocr_carea' id='block_1_13' title="bbox 0 0 1990 6340">
    <p class='ocr_par' dir='ltr' id='par_1_14' title="bbox 0 0 1990 6340">
     <span class='ocr_line' id='line_1_59' title="bbox 0 0 1990 6340; baseline 0 0"><span class='ocrx_word' id='word_1_512' title='bbox 0 0 1990 6340; x_wconf 95' lang='lat' dir='ltr'> </span> 
     </span>
    </p>
   </div>
  </div>
 </body>
</html>
