4066 6290
304 307 367 368 '847
925 311 1100 373 llONORII
1122 313 1166 373 111
1188 314 1336 376 oraha.
1884 316 1938 376 848

278 464 383 530 'esse
406 483 609 545 processum,
634 469 667 532 et
691 467 935 530 nominatorum
952 471 1103 532 multitu·
1156 471 1332 548 quominus
1367 473 1499 547 negotio
1526 475 1606 535 iesu
1631 471 1752 534 Christi
1781 471 1937 534 auxilinm

308 563 419 624 dinem
430 581 662 636 onerosam,ac
672 567 805 643 propter
815 566 888 636 hoc,
899 566 1100 628 ordinationi
1156 569 1338 638 conserant,
1354 571 1561 644 eximantor3
1579 572 1657 646 quin
1678 570 1860 631 conditioni
1882 587 1938 632 eo·

308 659 498 737 hujusmodi
509 662 863 734 resistentes,dilectus
875 661 1102 724 filius...deca·
1157 681 1228 724 rum
1249 657 1287 726 in'
1308 666 1398 727 nullo
1423 669 1554 744 penitus
1579 668 1751 743 dirigatur,
1768 669 1939 744 qnantum-

308 774 372 818 nus
392 761 425 820 et
438 759 597 834 magister
617 761 650 820 S.
673 759 823 820 hiauritii
844 760 1024 821 canonicus
1039 761 1103 821 Le-
1156 779 1294 842 comque
1308 763 1348 824 de
1366 763 1462 825 bonis
1477 765 1546 824 suis
1568 765 1771 840 erogaturin
1786 764 1938 840 henepla-

190 917 196 928 ,
309 855 508 916 movicensis
524 871 583 932 pro
596 855 668 932 ipso
679 857 835 933 capitulo,
848 857 1102 933 etpraefatiret
1155 861 1220 922 cito
1234 861 1424 922 conditoris.
1442 855 1839 938 Ideoquefrateriritatem
1854 864 1938 923 tuam

307 953 344 1012 Β.
357 967 416 1026 pro
431 968 467 1014 se
481 969 521 1014 ac
537 969 596 1029 pro
611 953 687 1014 aliis
697 953 876 1017 nominatis
892 955 1025 1030 propter
1039 953 1101 1015 boc
1155 973 1326 1019 monemus
1360 961 1483 1020 attente
1513 975 1573 1036 per
1603 959 1792 1036 Apostolica
1821 960 1938 1036 scripta

305 1048 347 1108 ad
359 1050 505 1110 nostram
515 1051 726 1125 praesentiam
743 1052 966 1122 accesserunt,
980 1051 1100 1128 quihus
1155 1056 1361 1123 mandantes,
1374 1059 1536 1133 qnatenus
1550 1057 1585 1118 in
1600 1058 1690 1118 terra
1704 1058 1769 1118 tuae
1785 1055 1938 1132 legationi

306 1144 463 1208 dilectum
489 1147 593 1208 filium
617 1149 768 1210 nostrum
785 1151 822 1208 P.
840 1147 953 1209 Sancti
968 1149 1099 1224 Georgii
1155 1153 1570 1223 commissa,ecclesiarum
1581 1157 1807 1230 exemptarum
1819 1154 1937 1231 praela-

305 1242 346 1303 ad
361 1243 468 1304 velum
480 1259 616 1304 aureum
631 1245 807 1306 diaconum
820 1245 1102 1318 cardinalemde-
1156 1251 1204 1310 tos
1229 1250 1294 1311 tam
1316 1251 1520 1322 Cistercien„
1538 1266 1636 1327 quam
1657 1251 1863 1324 Cluniacen.,
1886 1267 1940 1312 seu

306 1339 413 1399 dimus
429 1341 612 1404 auditorem
622 1363 630 1416 ;
648 1342 705 1402 sed
719 1343 870 1418 jamdicti
886 1346 923 1402 P.
939 1346 972 1404 et
988 1345 1024 1402 B.
1041 1358 1099 1402 oo·
1155 1348 1445 1408 t‘raemonstraten.
1467 1348 1630 1417 ordinum,
1650 1349 1687 1409 ut
1704 1348 1862 1424 praedicto
1880 1365 1937 1409 ne-

304 1437 1101 1514 rameodemcardinali'prosedumtaxatagen·
1154 1445 1242 1518 gotio
1274 1444 1446 1506 conserant
1481 1445 1567 1505 sicui
1594 1444 1744 1506 ecclesiae
1773 1443 1852 1505 aliae
1879 1461 1938 1505 non

304 1535 367 1605 tes,
378 1549 436 1609 pro
452 1533 528 1596 aliis
545 1535 723 1596 nominatis
737 1537 772 1596 in
783 1536 925 1597 ecclesia
941 1537 1099 1612 praedicta
1154 1544 1326 1616 exemptae,
1345 1557 1480 1602 moneas
1499 1541 1680 1603 efficaciter
1694 1543 1726 1603 et
1744 1541 1894 1612 inducas,
1911 1544 1939 1604 et

304 1631 474 1692 canonicis
490 1647 588 1706 agere
608 1633 798 1694 noluerunt.
816 1635 885 1694 Nos
909 1634 1012 1708 igitur
1034 1633 1096 1704 hie,
1154 1639 1183 1698 si
1209 1655 1289 1714 opus
1312 1637 1412 1700 suerit
1433 1639 1628 1701 auctoritate
1651 1641 1777 1710 nostra,
1794 1641 1938 1700 cessante

305 1743 378 1804 qnae
397 1743 508 1788 coram
527 1729 678 1790 auditore
691 1731 847 1806 praedicto
862 1729 996 1791 suerunt
1022 1731 1099 1791 hinc

303 1825 382 1884 inde
397 1825 575 1901 proposita,
594 1842 654 1901 per
669 1831 741 1903 ejus
754 1827 949 1888 relationem
966 1828 1098 1904 plenius

304 1921 494 1992 intellectis,
507 1923 583 1998 quia
599 1923 786 1984 invenimus
798 1928 830 1985 et
843 1925 1098 2002 appellationem

304 2017 486 2094 legitimam
498 2021 708 2094 praecessisse
720 2022 753 2082 et
770 2023 1015 2082 nominatorum
1031 2039 1097 2083 nu·

304 2115 627 2178 mernmexcessisse
637 2117 740 2194 ipsius
751 2119 900 2181 ecclesias
910 2118 1095 2192 facultates,

304 2211 344 2273 de
364 2211 503 2274 fratrum
531 2215 721 2275 nostrornm
747 2217 887 2278 consilto
916 2217 1098 2279 sententia-

303 2307 382 2370 liter
397 2310 600 2372 irritavimus
616 2311 701 2388 quod
718 2312 757 2374 de
779 2311 925 2388 praefatis
947 2317 983 2374 P.
1007 2316 1040 2376 et
1059 2317 1095 2375 B.

298 2421 365 2482 per
390 2407 495 2467 dictos
528 2409 834 2482 Petragoricensem
850 2411 1040 2487 episcopum
1065 2413 1098 2474 et

305 2505 377 2580 ejus
399 2495 532 2564 'socium
558 2503 680 2566 iactum
707 2505 779 2568 luit.
801 2505 943 2584 Ideoque
971 2508 1098 2569 discre-

301 2599 388 2660 tioni
404 2601 522 2662 vestrae
546 2617 606 2678 per
621 2603 810 2680 apostolica
822 2605 943 2680 scripta
960 2605 1098 2665 manda·

244 2755 251 2762 .
304 2713 389 2764 mus,
404 2703 566 2774 quatenus
582 2699 668 2775 qnod
693 2715 712 2759 a
735 2699 829 2762 nobis
844 2703 894 2761 est
914 2703 1097 2763 sententia-

303 2793 579 2868 literdilfinitum,
596 2795 1093 2871 facientesfirmiterobservari,

303 2889 478 2950 ecclesiam
489 2891 594 2968 ipsam
606 2890 739 2968 fatigari
753 2897 866 2954 contra
879 2896 1024 2954 nostram
1038 2895 1097 2956 dif-

303 2985 465 3048 finitivam
494 2989 692 3050 sententiam
719 3005 784 3052 non
803 2990 933 3052 sinatis.
957 2993 1096 3053 Contra-

191 3155 194 3161 .
303 3083 446 3145 dictores
467 3100 607 3146 censura
630 3087 866 3158 ecclesiastica,
884 3086 1012 3150 sublato
1030 3104 1094 3166 ap-

270 3183 271 3188 ’
303 3181 494 3258 pellationis
508 3181 691 3254 obstaculo,
704 3185 953 3260 compescendo.
964 3187 1053 3257 Quod
1066 3187 1094 3248 si

304 3293 370 3340 non
394 3294 519 3351 omnes
542 3283 602 3342 etc.
628 3282 744 3341 Datum
764 3283 930 3354 Laterani,
959 3285 1002 3344 lV
1020 3285 1095 3344 idus

299 3375 398 3454 junii,
416 3377 626 3454 pontificatus
641 3377 746 3440 nostri
761 3393 849 3438 anno
862 3379 987 3458 quinto.

575 3647 824 3796 ccccxxvi

292 3951 294 3958 Α
328 3861 380 3920 Aci
400 3861 596 3921 cortracum
614 3861 848 3932 portuensem
869 3863 1076 3936 episcopum,

455 3958 655 4030 apostoncae
671 3961 768 4018 Sedis
781 3959 942 4033 ceparum.

592 4097 626 4152 lt)
638 4096 710 4168 junii
726 4096 804 4153 frti.

333 4221 455 4286 [Rogest.,
466 4217 511 4270 lib.
522 4219 553 4278 V,
563 4219 638 4284 epist.
648 4219 702 4268 323.
720 4219 778 4268 tiss.
791 4220 827 4270 La
838 4217 913 4268 Porta
923 4219 957 4268 du
968 4220 1062 4282 rheti]

302 4335 417 4396 blandai
432 4343 460 4393 nt
474 4336 501 4392 in
515 4342 588 4392 terra
599 4334 735 4407 legationi
748 4349 807 4392 snae
818 4335 983 4404 commissa,
994 4335 1092 4393 Eccle-

336 4426 443 4481 siarnm
458 4429 653 4494 exemptarum
672 4423 803 4494 praelatos
818 4423 1021 4495 cujuscumque
1037 4426 1094 4482 sint

336 4511 444 4570 ordinis
459 4511 492 4567 ad
506 4509 677 4567 conserenda
692 4511 809 4584 negorio
824 4509 888 4568 beiti
899 4519 996 4569 contra
1007 4511 1094 4569 haere-

336 4603 408 4660 ticos
421 4599 544 4656 subsidia
558 4605 654 4670 cogat.

341 4733 524 4805 Honorius,
547 4734 623 4804 etc,
643 4732 829 4793 venerabili
854 4732 950 4795 fratri
978 4737 1092 4797 nostro

301 4833 457 4896 Portuen.
473 4829 627 4906 episcopo
649 4829 846 4906 apostolicae
862 4830 956 4892 Sedis
971 4831 1090 4908 legato,

300 4930 450 5000 salutem,
468 4928 530 4988 etc.

340 5031 445 5099 Quum
467 5024 553 5085 bona
569 5021 725 5084 Ecclesiae
746 5023 890 5100 speciale
909 5025 976 5086 sint
988 5025 1093 5102 patri-

291 5115 446 5186 'monium
456 5125 535 5185 Jesu
551 5119 685 5191 Christi,
702 5120 759 5180 vix
774 5125 832 5182 aut
846 5138 1014 5198 nunquam
1026 5122 1092 5183 uti-

1153 1735 1374 1812 appellatione
1407 1737 1595 1813 compellas.
1624 1738 1742 1798 Datum
1776 1736 1936 1808 Laterani,
2009 1783 2010 1810 ,

1154 1835 1197 1894 lv
1213 1833 1285 1893 idus
1296 1833 1371 1910 juni
1387 1849 1474 1894 anno
1490 1834 1616 1911 quinto.

1418 2123 1470 2184 Aa
1497 2123 1664 2183 cumdem.

1458 2251 1566 2310 Eodem
1581 2251 1637 2310 die.

1188 2374 1309 2439 [Ιὶερειι.ἱ
1322 2374 1367 2425 lib.
1379 2375 1410 2436 V,
1423 2377 1496 2440 episi.
1508 2375 1563 2426 dil.
1577 2377 1634 2426 tiss.
1645 2375 1682 2426 bc
1697 2377 1770 2426 Porta
1782 2375 1820 2426 du
1834 2376 1921 2438 rheti]
2009 2415 2010 2420 ,

1192 2503 1230 2562 Et
1243 2504 1364 2578 quanto
1381 2502 1553 2579 pravitatis
1569 2503 1733 2564 fiaretfcae
1748 2505 1935 2573 sectatores,

1150 2601 1185 2658 in
1200 2615 1270 2660 suae
1284 2601 1511 2676 perversitatis
1526 2615 1641 2660 errore
1654 2601 1871 2677 pertinaciter
1884 2600 1937 2661 oh-

1151 2696 1276 2768 stinati‚
1294 2697 1408 2758 contra
1424 2699 1525 2758 Deum
1539 2700 1573 2758 et
1587 2697 1767 2758 Ecclesiam
1782 2697 1936 2758 audacius

1151 2793 1366 2864 insolescunt,
1379 2795 1471 2854 tanto
1495 2794 1667 2856 catholicae
1685 2793 1762 2854 fidei
1781 2795 1936 2854 zelatores

1150 2891 1183 2951 in
1200 2906 1259 2950 sna
1276 2889 1432 2952 fidelitate
1457 2891 1648 2952 constantes
1672 2891 1851 2966 insurgant
1870 2890 1934 2950 sor-

1150 2989 1216 3050 tins
1233 2991 1348 3048 contra
1363 3003 1440 3062 eos;
1458 2987 1591 3063 expedit
1605 2989 1642 3048 ut
1655 2987 1741 3048 hona
1765 2987 1936 3048 ecclesias-

1149 3086 1226 3156 tica,
1247 3101 1321 3162 quae
1343 3101 1419 3145 cum
1443 3085 1510 3146 sint
1537 3085 1681 3160 speciale
1705 3085 1934 3160 patrimonium

1149 3185 1228 3244 lesu
1255 3181 1388 3253 Christi,
1416 3197 1584 3258 nunquam
1614 3181 1728 3243 utilius
1755 3197 1857 3259 qnam
1881 3197 1934 3257 pro
2009 3175 2010 3180 ’

1150 3279 1341 3340 defensione
1354 3279 1544 3340 christianae
1555 3278 1632 3338 fldei
1647 3279 1889 3355 expenduntur,
1903 3279 1934 3338 in
2009 3269 2010 3314 l

1150 3378 1310 3437 auxilium
1326 3377 1547 3446 assumantur,
1566 3393 1665 3452 quum
1684 3377 1816 3437 tantum
1838 3391 1934 3450 nego·
2009 3423 2010 3444 ,

1148 3475 1230 3536 tium
1246 3475 1304 3535 vix
1317 3474 1376 3534 aut
1394 3487 1562 3549 nunquam
1584 3473 1657 3533 sine
1676 3474 1808 3548 magnis
1830 3489 1935 3548 sump-
2009 3485 2010 3554 i

1148 3572 1236 3634 tibus
1252 3571 1293 3631 ad
1308 3571 1420 3631 votnm
1444 3571 1554 3630 valeat
1574 3570 1774 3646 promoveri.
1800 3569 1933 3646 ideoque

1149 3669 1388 3731 fraternitatem
1413 3668 1504 3728 tuam
1530 3682 1701 3728 monemus
1729 3669 1855 3728 attente
1880 3681 1933 3742 per
2009 3671 2010 3698 ¹

1148 3766 1337 3843 Apostolica
1359 3765 1481 3840 scripta
1500 3763 1705 3836 mandantes,
1723 3765 1885 3840 quatenus
1902 3763 1931 3822 in

1148 3866 1238 3926 terra
1255 3864 1320 3924 tuae
1335 3861 1492 3937 legationi
1508 3861 1683 3922 commissa
1698 3861 1833 3922 studeas
1845 3857 1938 3920 ordi-¹

1149 3977 1242 4027 nare,
1257 3960 1293 4021 ut
1309 3958 1349 4020 de
1369 3958 1581 4034 proventibus
1596 3958 1843 4030 ecclesiasticis
1858 3972 1933 4034 pon-

1149 4057 1231 4120 satis
1251 4055 1465 4118 ecclesiarum
1482 4053 1703 4124 facultatibus,
1718 4057 1787 4115 tam
1809 4051 1932 4130 urgenti
2009 4127 2010 4154 ἦ

1149 4153 1346 4216 necessitate
1361 4151 1486 4227 negotii
1501 4152 1660 4228 usquead
1677 4153 1806 4212 certum
1824 4150 1932 4212 termi-
2009 4155 2010 4206 i

1148 4268 1238 4334 num,
1269 4265 1365 4327 quem
1402 4248 1526 4309 videris
1562 4249 1735 4325 expedire,
1767 4247 1930 4310 annuatim
2009 4251 2010 4264 ¹

1149 4348 1336 4423 competens
1365 4345 1548 4406 subsidium
1576 4345 1779 4408 conseratur.
1804 4347 1845 4406 nt
1864 4342 1930 4420 qni-

1148 4446 1222 4506 dem
1234 4445 1298 4506 viri
1314 4441 1532 4504 ecclesiastici
1549 4459 1615 4504 non
1637 4443 1709 4504 sine
1727 4443 1837 4504 multae
1856 4455 1930 4501 ava·
2009 4449 2010 4532 J

1147 4543 1233 4604 ritiae
1247 4543 1336 4612 nota,
1348 4539 1400 4601 vel
1414 4539 1583 4615 quusdam
1595 4538 1714 4600 occulti
1730 4539 1854 4600 lavoris
1868 4551 1929 4597 sus·
2009 4535 2010 4620 j

1148 4639 1278 4717 picione
1303 4637 1338 4696 in
1362 4635 1484 4698 talibus
1508 4651 1569 4696 sua
1592 4634 1836 4706 subtraherent,
1861 4649 1928 4695 cum
2009 4675 2010 4718 ρ

1145 4734 1298 4798 nonnulli
1312 4732 1513 4794 secularium
1525 4732 1653 4808 seipsos
1669 4730 1847 4794 obtulerint
1861 4745 1928 4790 can·
2009 4729 2010 4768 3

1146 4848 1217 4893 sam
1232 4831 1308 4891 fidei
1321 4847 1380 4890 suo
1393 4829 1555 4905 sanguine
1569 4831 1820 4906 prosequentes;
1837 4841 1926 4903 porro

1147 4928 1342 4990 confidimus
1355 4927 1390 4986 in
1406 4926 1543 4986 Domino
1553 4927 1632 4986 iesu
1648 4925 1791 4996 Christo,
1808 4924 1862 5002 qui
1876 4939 1927 4982 sn·
2009 4907 2010 4980 i

1146 5021 1923 5102 perbosdeJiciens,exaltathumilesinsalutem
2009 5023 2010 5034 ³

1146 5123 1232 5200 quod
1256 5123 1320 5183 cito
1339 5135 1409 5181 rem
1431 5120 1557 5180 iaciens
1583 5119 1636 5178 sui
1662 5121 1780 5191 moris,
1801 5131 1924 5180 causam
2009 5141 2010 5146 ¹

299 5221 363 5283 lius
396 5219 534 5296 possunt
565 5217 707 5294 expendi
735 5212 838 5294 ‘qivana
876 5235 935 5294 pro
969 5219 1091 5280 tuenda
1146 5219 1314 5297 propriam
1334 5216 1507 5295 judicabit,
1536 5217 1572 5277 ut
1596 5217 1733 5294 repente
1761 5216 1923 5278 stultorum
2009 5287 2010 5294 ἵ

300 5317 495 5379 Christianae
515 5314 592 5376 fidei
612 5314 763 5374 veritate.
780 5317 888 5385 Quare
903 5316 983 5375 satis
998 5317 1092 5376 vide·
1145 5316 1349 5394 prosperitas
1380 5313 1496 5391 perdat
1521 5329 1595 5384 eos,
1626 5316 1659 5374 ei
1686 5314 1825 5376 ecclesia
1857 5313 1924 5372 tan-
2009 5325 2010 5328 ¹

298 5419 353 5477 tur
367 5411 545 5474 absurdum
569 5413 604 5472 nt
625 5411 786 5483 ecclesiae,
803 5411 856 5472 vel
875 5413 1087 5484 monasteria,
1145 5415 1218 5474 dem
1235 5414 1269 5472 in
1285 5427 1419 5472 suarum
1435 5410 1597 5486 glorietur
1611 5409 1787 5471 tolerantia
1802 5407 1921 5496 passio-

298 5527 372 5590 quae
393 5523 451 5587 per
474 5506 650 5584 privilegia
671 5508 764 5569 Sedis
790 5507 988 5585 apostolicae
1014 5512 1091 5571 sunt
1145 5528 1234 5582 num,
1260 5507 1486 5572 exultantibus
1515 5507 1572 5583 qui
1600 5505 1764 5567 auxilium
1785 5503 1921 5566 contule-

299 5605 462 5681 exempta,
486 5603 660 5665 occasione
686 5605 875 5681 hujusmodi
913 5605 1087 5677 libertatis,
1144 5610 1232 5679 runt,
1243 5605 1517 5685 quoddereliquo
1530 5605 1675 5684 reposita
1686 5605 1738 5666 est
1750 5604 1797 5665 eis
1808 5612 1919 5663 corona
