3952 6350
61 321 111 383 ⁷65
660 313 989 378 reterodamus.
1012 317 1051 378 V.
1625 323 1685 418 'ldd

62 477 167 542 colum
180 477 214 540 et
227 475 350 538 terram
363 473 397 537 et
409 475 516 536 maria
527 474 561 536 et
574 473 697 547 omnia,
713 489 786 552 quae
800 473 836 535 in
891 473 1098 552 proventum.
1121 477 1240 539 Datum
1262 475 1429 553 Laterani,
1445 475 1504 541 XV
1523 477 1684 543 kalendas

59 577 102 638 eis
112 575 197 648 sunt,
214 575 248 635 in
262 573 356 636 arida
370 570 423 636 vel
437 571 473 633 in
488 571 594 649 aquis,
610 573 779 650 nequeunt
795 571 836 633 ab
891 571 983 646 maii,
998 585 1086 635 anno
1098 569 1225 652 quinte.

61 669 237 750 hujusmodi
251 669 448 733 latrunculis
467 681 541 730 esse
559 667 643 731 tuiit
663 669 713 732 Ne
734 667 839 744 igitur
870 675 874 678 ’
1502 717 1508 726 ,

61 765 269 830 infandissimi
292 765 404 830 hostes
417 765 544 828 Christi
565 763 601 826 in
620 781 681 826 sua
702 779 836 842 praeva-
1174 785 1398 877 CCCXXIH

60 865 139 927 leant
152 863 325 942 pravitate,
343 861 412 936 sed,
426 863 483 941 qui
498 861 638 924 oderunt
648 861 835 934 Dominum,
1012 931 1018 942 Ι
1105 935 1108 942 1
1433 937 1435 942 Ι

58 961 301 1034 confundantur,
316 957 567 1022 universitatem
576 959 723 1022 vestram
735 971 839 1036 roga-
891 927 943 988 Ad
962 941 1160 1003 ‘mmmm
1174 931 1503 1006 mmmmm
1514 937 1684 1010 mm·

57 1075 130 1131 nus‚
150 1074 320 1121 monemus
342 1057 374 1120 et
395 1055 567 1118 hortamur
580 1069 641 1134 per
663 1055 835 1134 aspersio·
932 1023 1006 1086 mm
1032 1029 1311 1102 maritimum
1338 1029 1372 1090 0²
1392 1032 1559 1093 ‘iwanum
1576 1033 1685 1094 'Moi-

60 1171 124 1216 nem
137 1155 309 1231 sanguinis
320 1157 338 1216 J
342 1170 400 1216 esu
415 1152 548 1226 Christi,
562 1153 656 1216 robis
667 1151 839 1214 nihilomla
930 1121 1087 1186 mmm·
1175 1202 1208 1260 ii
1221 1201 1305 1274 april·
1322 1203 1401 1262 1224·

59 1267 113 1312 nus
129 1253 162 1313 in
180 1251 412 1313 remissionem
427 1251 638 1329 peccatorum
658 1250 838 1330 injungen-
962 1319 1085 1388 [ahainai
1106 1321 1211 1376 nom
1234 1323 1348 1378 Palania
1366 1331 1380 1376 t
1400 1327 1447 1392 ,ῳ
1468 1323 1498 1378 4,
1517 1323 1539 1378 n·
1557 1325 1611 1393 it]

1087 1361 1094 1386 ‚
1213 1361 1219 1376 ,
1499 1362 1597 1386 ,,.

59 1353 109 1421 tes,
126 1351 285 1426 quatenns
300 1349 342 1411 ad
362 1347 617 1425 disperdendum
641 1361 699 1408 eos
713 1359 836 1407 exsur-

59 1447 159 1522 gentes
174 1447 210 1507 in
224 1445 452 1508 manusalida
471 1445 504 1506 et
520 1445 658 1521 potenti,
676 1444 837 1505 studeatis
892 1438 928 1496 Ut
948 1435 1051 1496 ducem
1069 1437 1198 1498 Pidonia
1222 1455 1240 1498 a
1260 1448 1329 1499 roto
1353 1439 1384 1499 in
1405 1439 1564 1500 subsidium
1587 1441 1685 1532 ferre

59 1545 137 1620 ipsos
149 1543 189 1604 de
203 1543 323 1605 vestris
338 1541 460 1602 tinibus
472 1537 663 1619 profligare,
673 1534 722 1602 ita
737 1537 835 1618 quod,
925 1527 1038 1629 Sillii&
1050 1527 1509 1632 hundretandiebaolvunt,eioue
1519 1529 1681 1606 injungant,

62 1652 149 1716 quum
171 1640 335 1712 desinere,
357 1653 458 1716 quum
483 1636 617 1714 possitis
643 1637 837 1721 perturbare
924 1617 1498 1716 Ψ’31111110ῙὛἪὸΙΜΜΠΨΘΓιθῃιϋε
1507 1618 1680 1693 mm·

60 1751 233 1814 perversos,
247 1735 334 1797 nihil
348 1734 393 1797 sit
407 1735 510 1803 aliud,
527 1733 757 1812 quamfovere,
774 1751 836 1796 nos
926 1703 1001 1762 Μ
1012 1703 1190 1776 οΡθω-ῘΜ

59 1836 160 1895 contra
185 1849 245 1896 ros
266 1831 445 1910 procedere
470 1846 538 1892 uon
563 1847 750 1907 cogamur,
767 1831 836 1912 sed
930 1827 1108 1904 Honorius,
1119 1832 1185 1894 eto.

60 1931 155 2006 potius
169 1945 241 2003 vos,
257 1931 412 2007 tanquam
433 1927 663 2006 persecutores
678 1927 835 1990 inimico·
929 1927 1050 1989 Audito
1065 1929 1241 2005 quondam,
1256 1926 1342 2008 quod
1360 1927 1500 1993 dilectus
1515 1928 1604 1993 filius
1616 1941 1684 1994 no-

59 2041 121 2086 rum
134 2027 269 2100 Christi,
281 2027 446 2104 possimus
462 2026 580 2086 merito
592 2026 834 2088 commendare.
891 2020 968 2085 bilis
984 2025 1037 2087 rir
1047 2024 1083 2104 L.
1095 2023 1163 2087 dux
1177 2026 1325 2088 Poloniae
1340 2027 1682 2092 solemniterroverat

61 2125 95 2184 Ut
109 2127 226 2196 autem,
249 2124 407 2200 quantum
421 2137 482 2184 nos
502 2121 693 2199 hujusmodi
715 2123 837 2185 factum
892 2132 928 2181 se
961 2120 1254 2183 transfretaturum
1283 2124 1319 2184 in
1348 2123 1535 2185 subsidium
1570 2123 1682 2186 Terrae

60 2223 162 2296 urgeat
189 2237 233 2282 ex
258 2220 369 2282 nundi
403 2219 562 2298 qualitate
585 2218 680 2282 vohis
706 2220 836 2297 plenius
892 2218 1034 2291 Sanctae,
1049 2218 1103 2282 vel
1117 2219 1341 2297 profecturum
1358 2220 1395 2282 in
1415 2221 1579 2282 auxilium
1593 2223 1683 2282 Pru-

59 2315 338 2394 iunotescat3eoce
349 2317 504 2386 dilectum
514 2315 630 2389 filium,
642 2317 836 2391 magistrum
890 2314 1043 2376 tenorum
1071 2316 1203 2379 noviter
1226 2332 1473 2390 conversorum,
1503 2319 1582 2396 quia
1612 2317 1685 2396 ipse

57 2415 236 2486 leoncium,
251 2414 490 2478 subdiaconum
500 2413 533 2474 et
545 2412 753 2490 capellanum
763 2427 837 2473 nos·
890 2411 1003 2474 votum
1035 2428 1132 2474 suum
1160 2413 1299 2491 exsequi
1328 2413 1523 2488 differebat,
1553 2431 1615 2478 nos
1643 2415 1684 2478 de

59 2509 143 2580 trum,
157 2528 256 2588 quem
270 2527 330 2589 pro
346 2527 415 2573 suae
435 2509 609 2588 probitatis
630 2503 759 2571 meritis
774 2524 836 2570 nos
890 2507 996 2592 ipsius
1020 2510 1129 2572 salute
1150 2511 1297 2586 solliciti,
1316 2527 1394 2574 eum
1418 2513 1541 2575 nostrie
1563 2512 1684 2589 litteris

58 2605 207 2670 etfratres
222 2608 329 2670 nostri
352 2620 465 2670 carum
485 2607 644 2669 hahemus
659 2605 835 2670 admodum
890 2604 1028 2683 paterno
1047 2606 1169 2668 affectu
1188 2609 1388 2682 monuimus,
1402 2609 1438 2672 et
1457 2610 1615 2688 paralius
1634 2608 1684 2672 fe-

58 2703 84 2764 et
100 2705 279 2782 acceptum,
298 2705 433 2782 propter
446 2704 509 2766 hoo
524 2704 566 2764 ad
582 2704 693 2781 partes
707 2703 841 2766 vestras·
890 2701 995 2764 cimus
1011 2705 1224 2777 commoneri,
1242 2696 1282 2768 ut
1295 2705 1381 2783 quod
1402 2707 1603 2783 promiserat
1617 2723 1681 2770 ve·

57 2801 250 2874 providimus
272 2801 523 2877 destinandum
545 2801 600 2861 cui
620 2800 785 2873 volumus,
800 2799 836 2862 ut
889 2799 991 2871 ritati,
1013 2801 1177 2862 veraciter
1200 2801 1406 2878 adimpleret.
1431 2801 1545 2880 Nuper
1570 2803 1681 2866 autem

59 2895 87 2956 iu
99 2897 147 2958 his
161 2899 194 2961 et
204 2901 244 2960 in
261 2899 348 2971 aliis,
360 2898 471 2960 'modis
486 2897 639 2959 omnihus
656 2891 835 2959 intendatis
890 2893 984 2956 nobis
1000 2898 1051 2958 est
1066 2911 1125 2975 pro
1141 2899 1231 2962 certo
1245 2899 1399 2972 relatum,
1414 2893 1500 2978 quod
1511 2893 1600 2960 idem
1615 2896 1684 2961 dux

56 2993 233 3068 efficaciter,
251 2996 400 3072 alioquin
415 2994 623 3068 sententiam,
637 3008 735 3072 quam
747 2994 835 3055 idem
891 2993 1040 3072 eorporis
1055 2991 1236 3070 gravedine
1252 2996 1365 3072 gravis
1375 2993 1500 3060 rixaut
1514 3011 1683 3074 nunquam

57 3090 110 3152 rita
126 3092 239 3155 tulerit
254 3093 291 3153 in
304 3092 459 3164 rebelles,
469 3105 534 3153 seu
549 3092 650 3154 etiam
665 3092 837 3168 contemp·
890 3089 1001 3167 posset
1017 3091 1052 3152 in
1071 3093 1183 3154 Terrae
1207 3093 1337 3156 Sanctae
1365 3091 1548 3154 subsidium
1569 3091 1685 3156 'trans-

57 3187 268 3261 temeratam
287 3189 491 3261 habebimus
507 3189 544 3251 et
562 3187 734 3260 faciemus,
755 3203 837 3249 auo-
890 3183 1023 3260 fretare,
1038 3188 1222 3265 praesertim
1247 3205 1322 3250 cum
1344 3205 1387 3250 en
1409 3189 1572 3252 accidenti
1585 3205 1684 3252 verso

57 3281 117 3346 tore
138 3288 290 3360 Domino,
306 3279 547 3348 inviolabiliter
565 3285 747 3348 observari.
769 3287 836 3346 Da-
890 3285 926 3345 in
954 3285 1108 3346 naturam
1143 3299 1205 3347 nac
1241 3287 1374 3360 viuum,
1402 3301 1464 3348 nee
1499 3285 1684 3364 simplicem

57 3379 115 3442 tum
138 3385 305 3455 Laterani,
330 3383 439 3444 idibus
467 3381 594 3460 aprilis,
623 3379 835 3460 pontificatus
891 3395 1011 3458 aquam
1028 3377 1275 3456 hibereraleat‚
1293 3385 1470 3447 consuetus
1482 3385 1598 3462 potare
1611 3383 1686 3446 tan·

56 3475 151 3534 nostri
166 3495 253 3539 anno
270 3481 396 3558 quinto.
890 3479 959 3540 tum
975 3479 1172 3541 cerevisiam
1185 3479 1240 3543 vel
1257 3481 1442 3554 medonem,
1459 3480 1492 3543 et
1503 3481 1531 3542 si
1541 3477 1686 3542 forsitan·

696 3608 700 3615 ·
890 3575 1137 3650 transfretaret,
1164 3593 1230 3638 non
1253 3579 1367 3654 posset
1394 3578 1434 3639 de
1461 3578 1529 3640 tam
1548 3577 1686 3639 remotis

337 3644 542 3743 GCCXXII
891 3671 1041 3748 partibus
1065 3687 1178 3735 secum
1197 3687 1380 3750 congruum
1400 3673 1600 3736 bellatorum
1616 3673 1685 3734 ‘du-

72 3786 117 3845 Ad
129 3789 419 3850 Barmowmoeltm
432 3793 628 3864 efflSCOWm
644 3789 817 3864 Quinque.
892 3783 967 3830 ΟΘΓΘ
982 3769 1185 3838 comitatum,
1202 3769 1236 3831 0¹8
1249 3769 1386 3870 propser.
1399 3771 1524 3832 'multas
1539 3769 1686 3846 ineptias

317 3889 563 3948 eccmwmem·
891 3863 1102 3941 nequiretibi
1116 3881 1244 3928 moram
1259 3863 1369 3927 facere
1381 3865 1596 3928 tructuosam.
1614 3860 1684 3927 '‘Sed
1736 3885 1741 3894 ·

326 3999 552 4078 flaminiam.
892 3975 992 4037 quum
1018 3959 1064 4023 sit
1082 3961 1214 4024 vicinus
1242 3963 1421 4035 Pruteniae,
1448 3961 1547 4024 facile
1577 3957 1687 4040 pdtest

194 4111 568 4186 „-„00a„10,.‚11,
582 4135 600 4181 1·
615 4121 683 4186 a]
890 4071 966 4214 iti
985 4060 1113 4216 tiit?
1128 4054 1685 4232 tiniltiiitttiffn

126 4230 160 4314 ht
172 4229 324 4286 ³⁰⁰¹0³¹³¹¹¹
338 4243 421 4286 ΜΠ
435 4227 594 4302 regendam
606 4229 753 4302 suscipiat.
891 4249 992 4311 etiam
1004 4249 1088 4312 alios
1096 4267 1246 4328 paganos
1258 4267 1323 4313 sue
1335 4249 1443 4314 studio
1457 4251 1683 4328 etdiligentia,

90 4345 251 4407 Honorius
273 4346 459 4422 episcopus,
475 4345 660 4434 venerabili
673 4342 769 4407 fratri
772 4387 833 4406 .....
890 4345 1033 4409 iaciente
1057 4349 1208 4421 Domino,
1230 4361 1463 4422 conversurus,
1480 4349 1592 4425 utpote
1615 4349 1683 4425 qui,

55 4440 196 4520 episcopo
215 4441 574 4518 Quinqueecclesiensi‚
598 4441 749 4515 salutem,
772 4443 833 4504 etc.
890 4443 976 4507 siout
1000 4443 1121 4506 dicitur
1144 4459 1265 4506 noram
1281 4445 1317 4506 in
1339 4446 1450 4507 medio
1468 4447 1568 4508 torrae
1589 4441 1684 4506 illius

90 4539 219 4600 Gratum
233 4540 330 4600 nohis
350 4542 411 4612 est,
428 4525 514 4618 quod
537 4540 661 4601 utiliter
674 4539 835 4616 proficere
890 4539 1032 4602 intendit
1058 4542 1251 4602 construere
1275 4541 1454 4613 ciuitatem,
1482 4541 1595 4618 itaque
1613 4540 1685 4603 sta-

58 4627 164 4696 diceris
188 4638 221 4699 et
244 4635 460 4700 laudabiliter
484 4637 688 4698 conversari.
712 4639 835 4700 Verum
890 4637 984 4698 tuere
1001 4635 1113 4698 'forum
1128 4637 1215 4699 salis
1237 4637 1270 4700 at
1288 4637 1380 4710 ferri,
1403 4651 1543 4716 quorum
1560 4633 1685 4716 pagani

58 4730 125 4803 quia
140 4733 290 4796 ecclesiae
309 4733 375 4795 tuae
395 4733 605 4812 dispendium
624 4749 667 4794 ex
684 4729 835 4796 absentia
889 4733 1063 4810 penuriam
1077 4733 1260 4810 paiiuntur,
1278 4733 1314 4796 ut
1332 4734 1381 4796 sic
1392 4733 1475 4796 illuc
1495 4727 1547 4795 illl
1568 4747 1686 4796 neces-

57 4825 105 4887 tua
124 4829 243 4896 dicitur
257 4830 442 4904 imminere,
459 4830 674 4908 praesentium
686 4829 746 4891 tibi
761 4846 836 4892 auo-
890 4829 1173 4902 sariorenienteS,
1186 4846 1246 4908 per
1258 4845 1317 4892 ora
1325 4828 1582 4908 praedicatorum
1593 4828 1683 4892 faoi·

58 4921 177 4988 toritate
190 4927 397 5001 mandamus,
420 4929 582 5005 quatenus
597 4927 639 4989 ad
655 4927 765 5004 ipsam
777 4941 836 4988 re·
889 4926 955 4988 lius
964 4927 1112 4999 audiant,
1121 4929 1153 4990 et
1161 4929 1209 4989 sic
1217 4925 1386 4990 efficacius
1395 4925 1685 4990 exaudiantrerba

58 5025 186 5086 terteris
199 5025 374 5087 ecclesiam
387 5023 672 5103 adtemperalium
687 5025 720 5086 et
735 5024 837 5102 spiri-
889 5023 978 5098 vitae,
995 5023 1146 5101 aliosque
1162 5023 1311 5086 fidelium
1331 5023 1483 5087 moribus
1504 5021 1684 5101 perfectius

58 5115 184 5183 tualium
207 5122 529 5184 administrationem
556 5121 707 5198 plenarie
731 5121 834 5183 resti-
890 5122 1096 5183 assuescant.
1106 5117 1178 5183 Nos
1192 5117 1299 5199 igitur
1313 5121 1470 5200 e‘duobus
1485 5119 1685 5195 artati,onm

58 5213 146 5290 tutus,
158 5218 190 5281 et
200 5219 305 5281 libere
317 5220 388 5293 illa,
401 5236 473 5298 quaa
484 5219 526 5282 ad
541 5217 729 5296 episcopale
740 5233 836 5295 spee—
890 5219 923 5281 et
943 5219 1009 5280 ista
1035 5219 1069 5280 ei
1083 5219 1145 5280 illa
1170 5219 1262 5281 terra
1285 5217 1520 5295 urgentissime
1535 5211 1686 5294 indigeat

57 5309 120 5375 tant
133 5316 285 5392 officium,
302 5317 508 5396 exsequaris.
528 5316 690 5378 Volumus
712 5317 833 5387 autem,
890 5317 1020 5378 maturo
1040 5329 1212 5389 succursu,
1226 5329 1379 5394 personae
1391 5315 1498 5393 ipsius
1513 5311 1607 5375 ducis
1621 5313 1685 5375 ha·

59 5409 202 5474 utteeum
214 5415 316 5476 ducas
329 5414 474 5492 aliquem
483 5413 593 5477 sirum
601 5413 788 5475 litteratum
804 5414 836 5474 et
890 5409 1084 5485 bitudinem,
1101 5413 1134 5475 et
1153 5413 1281 5490 negotii
1300 5415 1399 5476 tarrae
1424 5409 1518 5472 illius
1536 5411 1683 5472 eircum-

59 5507 193 5583 lrohum
209 5514 242 5575 et
256 5511 382 5576 tamdiu
395 5511 522 5583 teneas,
540 5511 643 5573 donec
661 5509 835 5572 sufficien-
891 5503 1032 5572 startias
1046 5511 1251 5586 ignorantes,
1267 5509 1372 5582 vobis,
1389 5506 1686 5586 marahensum

58 5597 115 5662 tem
127 5603 247 5670 habeas
267 5623 310 5671 ex
331 5609 468 5688 inempti
482 5609 584 5672 studii
602 5609 836 5686 prosecutione
891 5607 1092 5678 nitatis‘hac
1107 5609 1244 5684 potestis
1261 5607 1385 5670 melius
1401 5605 1576 5682 indagare,
1593 5617 1685 5664 com·
