3988 6306
81 358 137 418 ads
593 430 600 442 ‚
677 351 905 413 EPISTOLAE.
929 353 1006 414 dle.
1030 355 1085 413 lv.
1592 352 1600 383 ‘'
1645 353 1704 412 310

79 515 166 582 serit,
197 514 265 590 ipse
293 513 405 574 umen
438 525 627 588 processum
666 509 854 587 hujusmodi
910 512 982 584 lilii,
995 513 1115 574 vestris
1126 512 1227 589 justis
1240 511 1517 588 postulationibus
1526 511 1706 588 proecon-

81 612 237 674 nisusfest
263 610 299 670 in
325 610 427 670 certis
452 606 717 685 possessionibus
733 623 856 668 execu-
910 613 1081 672 currentes
1103 625 1253 681 assensu,
1280 625 1440 685 personas
1459 609 1589 670 vestras
1604 605 1703 668 etlo-

79 709 151 769 lioni
172 705 339 774 mandare,
353 707 452 782 prout
470 705 639 780 colligitur
656 719 699 765 ex
713 705 855 781 quodam
910 721 984 766 cum
995 708 1030 766 in
1041 721 1106 784 quo
1120 707 1234 768 divino
1244 707 1326 768 estis
1336 706 1496 783 obsequio
1512 705 1702 780 mancipati,
1733 769 1742 776 ,

80 805 195 882 publico
209 804 429 866 instrumento
445 818 487 864 ex
502 805 595 878 parte
610 802 740 878 praelati
762 801 855 877 epis·
910 804 1144 864 cumomnibus
1156 804 1253 864 bonis
1264 803 1635 880 quoeinpraesentiarum
1646 814 1705 862 ra-

78 903 141 977 copi
154 900 300 964 exhibito
320 915 432 962 coram
452 899 564 970 nobis,
584 899 670 976 quod
686 898 745 960 suli
764 898 854 958 bulla
909 900 1112 962 tionabiliter
1126 901 1315 978 possidetis,
1327 901 1385 961 aut
1397 900 1431 960 in
1446 900 1592 960 futurum
1604 899 1704 975 iustis

79 999 158 1058 vobis
173 997 426 1060 transmittimus
450 995 681 1071 interclusum
695 997 729 1058 et
742 996 778 1056 in
790 995 854 1056 ab·
910 997 1026 1068 modis,
1039 999 1218 1074 praestante
1227 997 1377 1068 Domino,
1387 995 1539 1074 poteritis
1550 996 1701 1072 adipisci,

77 1095 171 1158 batem
188 1093 407 1156 nihilominus
422 1097 456 1155 ot
467 1095 669 1156 conventum
682 1093 855 1170 praedictos
910 1094 970 1156 sub
984 1093 1072 1156 beati
1082 1095 1172 1157 Petri
1186 1097 1220 1156 et
1241 1095 1355 1156 nostra
1366 1095 1571 1170 protectione
1593 1093 1702 1153 susci-

77 1197 105 1252 el
117 1191 369 1254 contradictores
393 1189 556 1268 prosdoci
581 1190 854 1252 excommunica·-
909 1194 1028 1268 pimus.
1045 1192 1240 1268 Specialiter
1254 1195 1363 1252 autem
1380 1192 1420 1251 de
1434 1189 1653 1266 Altbilringen
1668 1191 1702 1251 et

75 1290 164 1350 tionis
178 1287 378 1352 sententiam
391 1287 624 1364 promulgavit.
910 1290 950 1349 de
965 1291 1070 1364 Berge
1091 1287 1247 1360 decimae,
1265 1291 1298 1349 et
1314 1288 1358 1350 de
1371 1287 1515 1372 Dabtorl
1523 1289 1647 1348 curtem
1663 1303 1703 1347 ac

111 1389 183 1446 Cum
196 1387 308 1448 artem
321 1383 552 1455 diotusabbas,
569 1386 603 1445 et
617 1382 769 1445 Urbanus
785 1382 857 1458 ple-
910 1387 976 1447 alia
998 1387 1083 1447 bona
1101 1388 1222 1457 vestra,
1250 1387 1337 1447 sicut
1361 1401 1401 1446 ea
1422 1386 1534 1446 omnia
1558 1387 1647 1461 J'uste
1671 1386 1704 1446 et

77 1483 169 1546 banus
205 1482 320 1546 sancti
354 1481 451 1546 Pauli
489 1481 687 1558 procurator
710 1480 855 1558 episcopi
910 1483 1048 1560 pacifice
1063 1483 1249 1560 possidetis,
1266 1481 1361 1544 vobis
1375 1483 1477 1558 etper
1491 1481 1625 1558 vosipsi
1640 1497 1701 1541 eo-

77 1579 258 1654 1111111111111,
275 1579 410 1654 propior
424 1577 495 1640 haec
508 1577 664 1638 innostra
679 1576 856 1652 presentia
910 1581 1021 1642 clesiae
1046 1581 1243 1643 auctoritato
1255 1580 1443 1656 Apostolica
1469 1578 1703 1640 confirmamus

75 1675 242 1746 rvonstituti,
257 1673 532 1750 procuratoripse
543 1687 734 1750 processum
743 1687 858 1748 supra·
911 1681 943 1740 et
966 1678 1139 1754 praesentis
1164 1679 1280 1754 scripti
1306 1677 1490 1754 patrocinio
1514 1676 1704 1737 communi-

74 1773 140 1834 dicti
160 1771 290 1834 abbatis
305 1771 345 1834 de
361 1771 482 1842 Quieta
495 1770 687 1832 confirmari
701 1771 806 1846 petiit,
824 1772 859 1831 et
911 1791 996 1836 mus.
1021 1775 1111 1836 Nulli
1136 1789 1215 1850 ergo
1234 1776 1369 1836 omnino
1402 1773 1573 1835 bominum
1604 1771 1705 1834 liceat

76 1885 142 1946 pers
161 1869 268 1930 altera
289 1869 464 1930 indmuari.
478 1869 547 1930 Nos
570 1868 676 1942 igitur
687 1867 809 1928 auditis
824 1869 858 1928 et
910 1873 997 1932 banc
1010 1873 1164 1948 paginam
1188 1874 1311 1933 nostros
1326 1871 1520 1948 protectinis
1534 1873 1568 1932 et
1581 1869 1705 1930 condr-

76 1967 252 2036 intellectis‚
274 1981 349 2042 quse
373 1979 474 2040 super
498 1963 551 2026 bis
573 1964 666 2026 luere
688 1965 856 2040 proposita
912 1969 1066 2029 metionis
1079 1969 1270 2044 infringere,
1291 1969 1344 2029 vel
1370 1965 1402 2028 ei
1423 1983 1508 2028 ausu
1527 1965 1707 2028 temerario

74 2062 501 2133 conschismaticorum
516 2063 706 2122 nostrornm
717 2061 856 2122 consilio
912 2067 1087 2128 oronaim.
1105 2065 1139 2126 Si
1155 2065 1344 2142 quisautem
1359 2065 1422 2124 hoc
1438 2065 1600 2125 attentare
1616 2077 1704 2138 prae*

75 2177 254 2237 processum
287 2161 396 2236 ipsum
423 2159 630 2222 decrevimus
667 2159 800 2219 irritum
825 2159 859 2219 et
912 2165 1100 2240 sumpserit,
1117 2163 1378 2239 indignationem
1394 2161 1628 2236 omnipotentis
1641 2159 1700 2219 Del

75 2257 419 2330 irmnem,mandantes
434 2255 858 2332 onniaqoepcrprssdic
911 2263 945 2322 et
978 2259 1148 2322 beatorum
1171 2259 1268 2320 Petri·
1284 2261 1317 2320 et
1345 2257 1442 2318 Pauli
1472 2257 1702 2333 Apostolorum

74 2360 134 2416 tum
160 2354 314 2418 abbatem
336 2353 379 2416 de
392 2354 513 2424 Quiesa
525 2353 577 2414 rel
592 2352 769 2414 occasione
779 2367 859 2427 pro·
912 2361 984 2434 eius
999 2373 1034 2418 se
1045 2357 1402 2418 noveritincursurum.
1419 2356 1537 2416 Datum
1551 2351 1703 2420 viterbii,

75 2467 177 2514 cessus
200 2452 307 2528 ipsius
330 2451 445 2512 contra
469 2449 592 2511 dictum
622 2449 857 2512 monasterium
912 2457 1001 2515 xllll
1032 2454 1100 2515 kal.
1126 2440 1329 2525 novembris,
1357 2451 1568 2530 pontificatus
1599 2449 1704 2510 nostrl

75 2551 224 2612 absolata
241 2563 317 2610 esse
332 2550 525 2618 noscuntur,
542 2547 579 2608 iu
591 2547 685 2606 illum
705 2545 858 2607 revocari
913 2567 1000 2613 anno
1016 2553 1145 2630 quomo.

76 2647 248 2716 salumin
261 2646 441 2722 quoerant,
455 2659 528 2706 cum
543 2645 704 2719 praetextu
716 2643 860 2720 praedio-
1270 2695 1281 2714 ,

75 2749 171 2808 amm
188 2745 376 2808 litterarum
396 2745 584 2804 nostrarum
606 2740 858 2802 contradictum
1249 2693 1375 2782 mx

74 2839 301 2902 monasterium
312 2839 448 2914 incepit
462 2837 732 2914 procedereidem
743 2836 856 2898 abbas.
913 2833 964 2892 Ad
981 2833 1119 2902 priores
1137 2829 1169 2890 et
1184 2831 1327 2902 conopia
1345 2828 1568 2887 ecclesiarum¹
1590 2823 1711 2885 soracti

74 2938 225 3008 Quocirca
250 2935 576 2999 discretionivestrca
594 2950 653 3010 per
668 2933 858 3010 apostolica
952 2930 1064 2988 Marci
1088 2929 1129 2987 cte
1155 2926 1311 2996 Maritus,
1345 2923 1463 2986 Sancti
1490 2921 1642 2995 Spiritus
1666 2919 1708 2982 dc

75 3037 188 3111 scripta
223 3033 429 3104 mandamus,
457 3033 619 3108 quatenus
645 3031 730 3108 quod
760 3046 861 3106 super
959 3028 1102 3093 l'crooo,
1119 3023 1183 3086 otc.

74 3131 119 3192 bis
145 3130 368 3201 decrevimus,
390 3129 521 3190 faciatis
537 3129 734 3192 auctoritate
746 3127 859 3188 nostra
1196 3117 1229 3176 19
1242 3115 1335 3176 octob.
1350 3116 1428 3174 ¹2¹⁹·

73 3227 322 3305 subapostolica
331 3226 519 3288 obedientia
527 3225 667 3290 firmiter
675 3223 857 3296 observari,
999 3223 1416 3288 [11111101111111111111111111.
1427 3227 1446 3272 1-
1462 3221 1620 3285 libr-*m

74 3325 326 3390 contradictores
353 3339 413 3399 per
426 3337 585 3386 censuras
616 3322 859 3384 ecclesiasticas
914 3333 1053 3407 Regulam
1069 3331 1105 3388 ab
1120 3331 1286 3388 lnnooenoo
1303 3331 1343 3387 lll
1359 3328 1708 3388 roborovsvnantecooci·
1807 3349 1818 3366 κ

73 3423 321 3500 compescentes.
338 3420 430 3492 Quod
445 3419 475 3480 si
489 3433 556 3482 non
571 3433 685 3482 omnes
700 3419 752 3478 bis
768 3434 861 3482 exse·
949 3423 1018 3478 lium
1033 3421 1169 3494 generale
1188 3433 1222 3476 sc
1236 3418 1271 3476 od
1286 3431 1384 3474 cortun
1399 3417 1563 3490 petitionem
1578 3423 1703 3490 postmo-

76 3519 206 3594 suendis
217 3517 393 3595 potueritis
405 3517 578 3587 interesse,
593 3514 859 3578 duovestrumea
949 3510 1017 3568 dom
1032 3517 1189 3568 mileciam
1204 3507 1364 3564 confirmet.

73 3615 284 3678 nibilominus
295 3614 530 3690 exsequantur.
955 3619 1122 3680 Honorius
1130 3617 1317 3694 episcopus,
1330 3629 1446 3676 servus
1459 3626 1629 3675 servorum
1638 3613 1709 3686 Del,
1769 3670 1771 3679 ,
1793 3647 1796 3654 ·

108 3714 223 3774 Datum
235 3711 377 3775 viterbii
385 3713 475 3772 XVll
486 3709 648 3772 kalendas
657 3708 858 3776 novembris,
915 3717 1045 3778 dilectis
1059 3715 1137 3774 illlis
1152 3713 1329 3790 prioribus,
1341 3714 1375 3773 et
1387 3711 1540 3788 collegiis
1554 3712 1710 3772 ecclesia·

73 3809 278 3884 ponuncatus
290 3807 396 3872 nostri
412 3823 501 3872 auno
524 3807 653 3884 quarto.
915 3831 989 3874 rum
1003 3812 1117 3874 Sancti
1133 3811 1236 3870 Marci
1252 3809 1292 3869 de
1308 3811 1456 3878 Mantua,
1474 3807 1586 3869 Sancti
1603 3808 1711 3883 Spiri-

915 3913 968 3972 tus
983 3911 1023 3970 de
1036 3911 1180 3978 Verona,
1198 3907 1315 3966 domus
1333 3903 1507 3979 religionis
1522 3903 1563 3963 de
1578 3907 1709 3975 Parma,

379 3976 547 4068 XXVIII
917 4009 1029 4069 Sancti
1044 4003 1177 4066 Eusebli
1197 4001 1238 4063 de
1254 4002 1407 4063 seratico
1423 4000 1608 4061 Vicentinae
1624 4000 1712 4060 dim-

71 4103 119 4163 Ad
143 4100 376 4175 propontico
413 4101 447 4164 cl
481 4101 669 4174 copltrdom
709 4101 859 4162 ecclesio
916 4105 1012 4175 cesis,
1043 4105 1173 4163 Sanctae
1199 4100 1374 4176 Perpetuos
1398 4097 1440 4158 de
1473 4097 1644 4168 baventia,
1679 4099 1714 4158 et

103 4203 162 4260 SS.
178 4199 421 4273 Apostolorum
436 4197 538 4258 Petri
553 4197 586 4257 et
598 4199 701 4258 Pauli
712 4199 754 4279 cle
767 4199 861 4258 Mirr·
917 4204 1047 4264 Sanctae
1061 4197 1177 4260 Mariae
1193 4197 1234 4258 de
1246 4197 1362 4258 Castro
1376 4194 1531 4266 Yzerino,
1548 4195 1713 4257 veronen·

10 4367 12 4380 ‚
105 4298 193 4358 tello.
916 4299 963 4359 sis
976 4297 1141 4367 dioecesis,
1157 4297 1191 4356 et
1204 4293 1375 4359 omnibus,
1396 4291 1453 4367 qui
1468 4291 1550 4351 sein
1566 4288 1713 4350 luterum

363 4373 396 4430 111
415 4380 471 4430 1111·
490 4373 568 4430 1111·
917 4408 1031 4458 eorum
1044 4393 1154 4455 ordini
1170 4391 1298 4452 sociare
1317 4384 1496 4460 voluerint,
1518 4385 1659 4447 salutem
1681 4389 1714 4448 et

231 4478 418 4544 [wirtember.
429 4479 472 4530 1111
483 4479 525 4536 111
538 4478 580 4536 ⁸⁶⁹
594 4477 700 4542 111111]
917 4493 1132 4569 apostolicam
1143 4487 1417 4552 benedictionem.

118 4590 199 4659 ipsos
213 4601 281 4646 111111
295 4585 429 4645 0111111111
443 4585 526 4644 11111111
540 4583 662 4644 1111111111
673 4585 801 4656 1111111111
957 4591 1027 4652 Piae
1055 4587 1234 4666 postulatio
1259 4583 1441 4645 voluntatis
1469 4579 1591 4642 affectu
1618 4580 1715 4643 debet

105 4695 283 4765 Honorius,
300 4695 375 4764 etc„
388 4693 519 4756 dilectis
531 4693 621 4764 liliis,
637 4693 818 4769 preposito
829 4692 863 4752 et
918 4689 1137 4766 prosequente
1148 4681 1318 4760 compleri,
1334 4683 1369 4742 ut
1379 4681 1526 4744 etsacrae
1538 4678 1712 4754 religionis

70 4793 211 4869 capitulo
235 4793 387 4858 ecclesiae
418 4791 608 4853 sanctorum
638 4789 861 4865 apostolorum
917 4787 1012 4860 vigor
1027 4783 1215 4845 succrescat
1230 4779 1377 4846 uberius,
1393 4776 1624 4839 etdevotionis
1640 4777 1712 4838 sin·
1788 4790 1790 4803 “

71 4891 156 4952 Petri
166 4892 200 4952 et
215 4890 312 4951 Pauli
327 4889 368 4950 de
387 4888 551 4959 MartellO,
569 4887 863 4948 Praemonstraten·
918 4883 1039 4944 ceritas
1064 4877 1278 4941 laudabiliter
1303 4877 1476 4937 enitescat.
1499 4878 1545 4936 Ea
1567 4877 1711 4951 propter,

72 4989 115 5048 sis
136 4987 279 5058 ordinis,
304 4985 567 5048 constantiensis
589 4983 755 5055 dioecesis,
772 4983 864 5044 salu·
918 4979 1029 5041 dilecti
1038 4979 1073 5040 in
1083 4975 1299 5043 Dominofllii,
1307 4971 1714 5049 vestrispostulationibus

71 5087 131 5146 tem
147 5083 410 5162 etapostolicam
422 5083 701 5144 benedictionem.
917 5077 1080 5146 inclina-ti,
1094 5074 1256 5150 regulam,
1273 5085 1372 5148 quam
1384 5069 1622 5130 deliberatione
1636 5083 1715 5143 pro-

107 5181 327 5244 Sacresanota
347 5183 495 5243 Romana
512 5179 661 5241 Ecclesia
681 5177 817 5240 devotos
831 5179 865 5239 et
917 5175 994 5237 vida
1022 5171 1204 5234 statuentes
1231 5169 1449 5232 communiter
1462 5163 1712 5242 approbastis,a

71 5279 209 5341 humiles
237 5279 326 5339 lilios
353 5293 397 5339 ex
429 5280 570 5339 assuetae
597 5276 729 5353 pietatis
753 5273 863 5336 oidcio
918 5272 1025 5334 felicis
1047 5267 1290 5332 recordationis
1310 5264 1493 5326 innocentii
1518 5275 1601 5338 papa
1620 5275 1713 5338 prae-

70 5377 264 5453 propensius
279 5375 620 5452 diligereconsuevit,
639 5377 672 5438 et
686 5389 728 5434 ne
743 5387 864 5450 pravo-
918 5371 1093 5431 decessore
1128 5367 1242 5428 nostro
1275 5363 1369 5424 vobis
1409 5359 1566 5422 iratribus
1600 5359 1714 5421 Sancti

71 5491 139 5534 nrm
155 5473 328 5536 bominum
341 5473 504 5534 molestiis
517 5473 694 5548 agitentur,
716 5485 773 5532 eos
786 5473 862 5530 tan·
919 5467 1022 5530 llaroi
1056 5465 1178 5526 dudum
1212 5461 1401 5523 roboratam
1429 5459 1505 5519 ante
1530 5457 1713 5520 Concilium

71 5589 163 5647 quam
178 5573 235 5650 pia
244 5573 351 5632 mater
365 5587 433 5632 suae
448 5569 667 5647 protectionis
679 5567 864 5629 munimine
918 5565 1087 5642 gencrale,
1113 5577 1152 5623 ac
1175 5561 1216 5621 ad
1240 5557 1430 5636 petitionem
1452 5557 1596 5616 vestram
1619 5557 1713 5630 post-

73 5671 253 5732 coolovere.
284 5671 481 5747 ltapropter,
512 5667 624 5728 dilecti
651 5667 685 5726 in
722 5665 862 5728 Domino
919 5663 1050 5724 modum
1078 5661 1117 5721 de
1142 5657 1297 5720 mandato
1321 5655 1433 5714 nostro
1461 5654 1494 5714 in
1519 5651 1714 5730 quibusdam

871 5782 879 5824 r
