4066 6290
698 353 939 430 ,naisitanam
961 353 1041 416 tta.
1063 354 1103 415 V.
1665 352 1726 414 866

354 526 606 616 CGGGXLIV
933 513 995 578 tati
1006 513 1073 576 tna
1090 527 1151 590 por
1165 511 1355 590 apostoliea
1377 509 1502 588 scripta
1518 503 1726 584 mandantes,

934 611 1098 688 quatenus
1118 610 1319 673 auctoritate
1343 610 1457 671 nostra
1479 609 1606 670 statuas
1628 623 1730 686 super

105 684 158 744 Λα
179 685 374 744 mmmmm
396 680 627 742 P⁰r⁸²⁴⁶⁷²⁸⁶m
652 682 859 756 ‘mmmm’
935 710 1001 782 liis,
1018 726 1091 787 quae
1106 708 1286 770 secundum
1304 711 1407 769 Deum
1427 707 1469 768 ad
1486 707 1646 769 bonorem
1662 709 1728 768 Ec·

239 774 440 851 Ap⁰⁸t⁰l²⁰ae
453 776 552 836 33⁶²ss
565 775 727 851 ‘effatum‘
936 806 1047 868 clasiae
1061 821 1101 868 ae
1116 805 1341 868 defensionem
1356 805 1434 866 fidei
1449 804 1548 882 atque
1563 803 1668 881 paciS,
1683 803 1731 866 vi·

384 907 418 966 lli
428 906 492 979 julii
506 906 585 964 llil.
936 905 1025 966 deris
1040 903 1225 966 statuenda.
1243 907 1362 966 Datum
1377 903 1545 974 Laterani,
1562 904 1653 964 XVII
1668 901 1731 965 ka-

87 1027 882 1096 [Federicilstoriade’caval.Gaudenti,ll,(lod.dipl.,5,n.7.]
936 1003 1051 1064 lendas
1080 1002 1225 1078 augustis
1257 1001 1470 1079 pontificatus
1503 999 1609 1062 nostri
1642 1015 1731 1062 illino

87 1150 233 1208 Honorius
265 1116 419 1222 respondet
449 1150 579 1207 llomano
609 1147 746 1206 cardinali
774 1147 882 1220 legato,
937 1099 1063 1177 quinto'

119 1240 258 1312 episcopo
277 1238 437 1308 Portuensi,
456 1253 488 1294 se
503 1238 646 1310 recepisse
662 1235 698 1294 de
710 1251 785 1294 nova
801 1237 881 1293 insti·

119 1327 227 1386 tuenda
241 1326 341 1384 militia
354 1341 369 1384 a
382 1325 505 1399 quodam
518 1327 652 1385 savarico
667 1333 696 1383 et
710 1324 796 1382 sociis
810 1325 882 1397 ejus,
1223 1313 1449 1402 GGGGXLV

119 1418 152 1474 in
165 1415 301 1474 auxilium
316 1414 452 1474 amalrici
465 1415 569 1472 comite
580 1413 615 1471 de
625 1413 804 1482 Montelorte,
815 1415 885 1472 litte·

104 1521 171 1564 ·ras
186 1512 215 1563 et
227 1506 353 1576 nuntios,
367 1505 479 1577 ipsique
496 1505 594 1578 legato
609 1502 725 1562 mandat
735 1510 767 1561 ut
780 1510 886 1562 statuat

121 1609 213 1666 super
227 1591 272 1652 bia
286 1591 362 1666 qnod
377 1591 479 1651 viderit
493 1590 685 1649 statuendum.
771 1633 774 1639 .

1044 1459 1097 1519 Act
1116 1458 1310 1534 Stgsrtdctm
1329 1461 1624 1534 archiepiscopum

1203 1555 1459 1631 maguntinum.

91 1769 93 1776 .
124 1720 297 1782 Honorius
307 1719 495 1796 episcopus,
506 1733 623 1780 servus
632 1731 803 1779 servorum
812 1715 884 1790 Dei,
1234 1685 1344 1760 ²⁰J¹¹¹¹¹
1360 1687 1439 1746 ¹²²¹·

84 1817 273 1882 venerabili
282 1816 379 1880 tratri
390 1820 428 1878 R.
440 1816 597 1878 Portnen.
607 1815 888 1892 episeopollpos-
1068 1799 1333 1882 [wmdtuein'nma
1347 1801 1470 1860 subsidia,
1482 1801 1524 1860 lv,
1539 1802 1605 1866 lib]

84 1917 199 1978 tolicae
215 1915 311 1977 Sedis
325 1913 446 1991 legat0‚
463 1913 604 1976 salutem
619 1915 652 1975 at
666 1913 886 1990 apostolicam
941 1914 1057 1974 Mandat
1069 1916 1204 1989 episcopo
1219 1917 1387 1989 linguntino
1405 1924 1435 1974 ut
1449 1917 1537 1990 eligat
1554 1925 1675 1989 quatuor
1690 1919 1735 1975 vel

85 2013 367 2076 benedictionem.
976 2012 1033 2062 tres
1047 2005 1125 2062 viros
1139 2004 1344 2078 cujuscumque
1356 2003 1465 2062 ordinis
1484 2019 1518 2062 ao
1535 2005 1614 2077 ipsos
1628 2005 1664 2062 ad
1682 2007 1732 2064 Se-

126 2111 344 2173 Praesenlatae
355 2109 451 2170 nobis
464 2108 682 2172 fraternitatis
691 2108 756 2170 tuae
767 2108 887 2170 fitterae
976 2091 1042 2150 dem
1061 2093 1254 2166 apostoticam
1275 2095 1446 2151 transmittat
1458 2093 1497 2150 ad
1515 2093 1735 2153 sollicitudinem

86 2208 307 2271 continebant
327 2207 414 2284 quod
433 2209 482 2278 Ρ.,
502 2207 652 2268 savarici
673 2206 780 2274 miles,
802 2205 889 2267 lator
976 2181 1153 2240 diviliarum
1164 2183 1295 2256 gentium
1307 2181 1503 2274 deitississdosf

86 2307 317 2384 praesentium,
332 2321 407 2366 eum
422 2304 619 2382 quibusdam
635 2303 735 2365 sociis
750 2303 829 2375 suis,
846 2303 888 2364 ad
982 2307 1150 2368 Honorius
1160 2307 1346 2385 episcopus,
1357 2324 1472 2370 servus
1482 2325 1652 2370 servorum
1662 2311 1734 2384 Dei,

85 2404 302 2482 praesentiam
318 2403 410 2464 tuam
425 2402 598 2473 accedens,
616 2401 790 2462 humiliter
804 2417 887 2477 sup·
941 2403 1126 2467 venerabili
1147 2405 1244 2467 tratri
1266 2405 1516 2483 archiepiscopo
1534 2409 1733 2483 maguntin,

86 2501 238 2578 plicavit,
261 2500 296 2561 ut
311 2499 522 2576 signaculum
537 2498 647 2560 crucis
662 2497 748 2574 quod
769 2496 885 2569 delent
942 2504 1082 2564 salutem
1098 2504 1131 2565 et
1143 2503 1359 2580 apostolicam
1373 2502 1637 2566 benedictionem
1654 2505 1666 2585 (
1689 2506 1713 2585 ).

87 2598 157 2659 sibi
180 2597 308 2674 atejus
331 2596 442 2668 sociis
467 2596 602 2657 nomine
627 2595 829 2672 poenitentiae
853 2595 888 2655 in
982 2601 1043 2673 Ne,
1061 2599 1090 2661 si
1102 2617 1198 2662 secus
1213 2601 1347 2663 vineam
1362 2603 1494 2664 Domini
1509 2604 1631 2666 nostrae
1648 2619 1738 2666 curae

87 2695 326 2756 remissionem
350 2709 486 2756 suorum
515 2691 705 2768 imponeres
731 2693 888 2769 peccato·
943 2699 1152 2760 commissam
1168 2699 1293 2775 positas
1310 2699 1455 2776 undique
1471 2701 1666 2761 solitudines
1681 2717 1739 2762 re-

87 2809 179 2865 rum,
211 2792 402 2869 specialiter
425 2791 466 2852 ad
494 2791 751 2866 expugnandum
775 2789 888 2850 haere-
943 2795 1056 2872 digere
1071 2797 1318 2872 neglexerimus
1330 2797 1370 2856 ad
1383 2797 1558 2870 culturam,
1571 2799 1603 2859 et
1615 2815 1738 2875 propa-

87 2893 189 2962 ticoS,
206 2891 239 2951 et
253 2888 493 2950 defendendam
512 2887 772 2949 ecclesiasticam
788 2886 890 2948 liber·
942 2907 1022 2969 gare
1042 2892 1078 2953 in
1098 2893 1146 2954 eis
1170 2893 1384 2970 propagines,
1409 2911 1482 2972 qnae
1504 2895 1603 2956 flores
1626 2895 1738 2958 odoris

88 2989 197 3052 tatem
219 2988 254 3049 in
278 2985 488 3048 Narbonensi
512 2986 546 3048 et
563 2985 783 3048 auxitanensi
809 3000 889 3061 pro·
943 2991 976 3052 et
1005 2989 1148 3052 fructum
1175 2989 1319 3053 afferant
1347 2991 1542 3065 honestatis,
1574 2995 1738 3070 possimus

88 3087 227 3155 vinciis,
268 3087 302 3147 et
339 3083 531 3160 regionibus
561 3083 757 3154 convicinis,
792 3085 890 3161 juxta
943 3087 1061 3149 merito
1079 3087 1120 3149 de
1138 3091 1272 3165 torpore
1292 3103 1352 3150 seu
1367 3089 1495 3150 desidia
1516 3091 1736 3168 reprehendi,

88 3183 340 3260 beneplacitum
372 3183 406 3244 et
438 3181 554 3242 nutum
580 3181 703 3242 sanetae
732 3183 889 3242 Romanae
944 3185 1024 3247 licet
1035 3186 1209 3246 undecima
1223 3187 1266 3248 sit
1280 3187 1374 3254 hora,
1390 3187 1560 3264 operiaros
1579 3192 1691 3251 tamen
1704 3189 1739 3251 in

90 3281 265 3352 Ecclesiae,
287 3280 467 3341 secundum
495 3279 740 3340 observantiam
757 3277 890 3339 ordinis
944 3282 1034 3358 ipsas
1060 3283 1275 3358 proponimus
1306 3281 1484 3355 destinare,
1516 3285 1573 3362 qui
1606 3287 1738 3348 sarculo

89 3379 236 3440 fratrum
251 3377 379 3438 militiae
397 3375 525 3452 Templi
543 3376 578 3435 in
593 3375 758 3446 omnibns,
775 3373 890 3437 babitu
945 3378 1191 3456 praedicationis
1204 3395 1246 3440 ex
1256 3379 1613 3458 circumadjacentibus
1625 3384 1739 3445 natio-

90 3477 260 3537 duntaxat
280 3476 429 3551 excepto,
451 3474 520 3534 toto
542 3475 691 3548 ternpore
711 3473 789 3534 vitae
809 3488 889 3533 suae.
945 3477 1043 3537 nibus
1060 3477 1219 3538 uitiorum
1239 3477 1353 3555 spinas
1367 3478 1547 3541 evellentes
1563 3485 1596 3542 et
1610 3495 1738 3558 vepres,

90 3577 144 3635 Tu
165 3587 246 3635 vero
271 3573 378 3650 ipsius
405 3572 438 3633 et
463 3570 575 3632 dilecti
598 3571 659 3630 lilii
681 3571 803 3632 nobilis
826 3570 891 3632 viri
945 3574 1201 3637 etextendentes
1210 3575 1244 3635 in
1254 3574 1387 3637 easdem
1396 3577 1548 3654 palmites
1559 3577 1742 3651 fideicom-

91 3671 255 3734 Amalrici
279 3669 410 3731 comitis
429 3669 597 3739 Tolosani,
623 3669 680 3745 qui
696 3672 766 3746 jam
787 3684 891 3744 quos·
946 3671 1098 3748 pluentes
1124 3671 1200 3732 illas
1226 3673 1334 3750 aquis,
1359 3688 1433 3749 quim
1456 3675 1630 3737 transeunt
1654 3677 1742 3737 inter

92 3771 172 3832 dam
182 3767 331 3830 redditus
342 3767 407 3828 sibi
420 3765 509 3828 dedit
519 3767 553 3827 et
562 3766 671 3826 adhuc
681 3766 794 3842 plnres
807 3765 891 3826 alios
946 3768 1090 3852 medium
1116 3769 1289 3840 montium,
1304 3770 1394 3846 ipsas
1418 3771 1539 3832 llorere
1560 3770 1686 3834 faciant
1710 3774 1744 3834 et

93 3883 132 3929 se
148 3866 304 3928 daturum
324 3865 487 3942 promisit,
511 3879 550 3926 ac
572 3862 735 3924 baronum
755 3878 891 3925 suorum
945 3867 1105 3928 virtutum
1122 3867 1273 3940 germina
1291 3867 1490 3942 germinare,
1501 3883 1541 3929 ac
1556 3869 1615 3938 sic,
1633 3869 1743 3930 eitun-

92 3963 252 4043 precibus
271 3963 464 4034 inclinatus,
482 3977 569 4033 eum,
589 3960 629 4022 de
650 3960 892 4023 uenerabilium
947 3964 1044 4025 dente
1060 3965 1200 4025 Domino
1216 3963 1369 4040 spiritum
1389 3966 1429 4026 de
1449 3966 1582 4027 excelso
1602 3967 1637 4027 in
1656 3967 1742 4029 soli-

92 4064 237 4125 fratrum
252 4061 492 4124 nostrorum...
516 4059 758 4120 auxitanensis
774 4058 892 4120 archi·
946 4061 1072 4134 tudine,
1084 4062 1258 4139 judicium,
1273 4079 1338 4139 quo
1354 4077 1390 4124 se
1404 4079 1479 4124 curn
1497 4066 1614 4127 Decet
1630 4081 1742 4126 coram

93 4159 257 4237 episcopi,
290 4173 381 4219 ac...
406 4157 613 4219 Tolosam...
640 4155 892 4232 agathensis....
947 4157 1026 4228 Deo,
1056 4171 1099 4216 ne
1122 4155 1163 4217 ab
1189 4171 1229 4218 eo
1248 4157 1427 4234 judicetur,
1452 4157 1591 4235 judicet,
1617 4159 1745 4223 habitet

94 4273 136 4319 ao
157 4255 375 4333 quorumdam
399 4255 541 4316 aliorum
563 4255 794 4332 episcoporum
814 4269 895 4314 oon·
948 4253 1071 4330 datque
1090 4255 1264 4316 nationum
1285 4253 1452 4316 desertum
1467 4256 1503 4316 in
1523 4257 1686 4330 chermel,
1706 4259 1744 4318 in

95 4355 188 4426 silio,
209 4353 251 4414 ad
273 4353 421 4414 nostram
441 4352 565 4414 duxisti
588 4352 722 4428 propter
741 4351 804 4412 hoo
819 4366 896 4427 spe·
947 4366 1036 4412 verae
1052 4350 1315 4413 circumcisionis
1328 4351 1503 4414 scientiam
1519 4353 1697 4425 veniendo,
1711 4357 1745 4418 et

95 4451 231 4515 cialiter
262 4449 474 4528 praesentiam
503 4448 745 4522 destinandum,
772 4463 894 4525 rogans
948 4449 1122 4525 postquam
1161 4449 1339 4512 intraverit
1374 4451 1522 4527 gentium
1561 4451 1742 4528 plenitudo,

95 4548 272 4612 humiliter
297 4551 330 4610 et
356 4548 475 4610 devote
504 4547 541 4609 ut
566 4547 737 4610 deierandi
764 4563 895 4610 crucem
947 4546 1082 4607 tandem
1105 4547 1388 4608 reconciliationis
1411 4549 1546 4625 justitia
1570 4549 1685 4612 sedeat
1708 4551 1744 4612 in

91 4651 166 4726 jam
192 4646 313 4709 dictam
338 4645 373 4708 et
396 4645 593 4707 observandi
617 4644 766 4707 ordinem
795 4648 894 4708 ante·
950 4643 1113 4713 Chermel,
1137 4643 1173 4707 in
1204 4644 1386 4708 israelitico
1414 4646 1548 4724 populo,
1576 4647 1633 4725 qui
1656 4664 1746 4712 nuno

98 4747 237 4818 dictum,
284 4745 381 4822 prout
414 4743 568 4820 superins
603 4743 654 4804 est
688 4758 894 4819 expressum,
950 4743 1122 4819 reputatur
1145 4742 1181 4802 in
1202 4743 1300 4804 saltu.
1323 4746 1447 4805 Verum
1470 4761 1544 4806 cum
1567 4745 1662 4808 multi
1686 4763 1747 4824 per

97 4844 164 4906 sibi
185 4843 218 4904 et
237 4845 309 4920 eius
326 4841 427 4904 sociis
447 4841 616 4903 licentiam
636 4841 818 4902 concedere
840 4841 897 4901 di·
950 4839 1010 4900 Dei
1038 4839 1180 4915 gratiam
1208 4838 1250 4900 ad
1279 4839 1342 4902 hoc
1369 4857 1451 4919 opus
1477 4842 1590 4905 idonei
1616 4823 1748 4908 latitent

97 4955 292 5020 gnaremur,
320 4941 390 5002 Nos
414 4939 518 5016 igitur
548 4939 589 5000 de
617 4937 819 5000 discretione
840 4939 897 5000 tua
951 4937 1039 4998 intra
1068 4936 1255 5009 ecclesiam,
1284 4939 1351 5000 otio
1376 4941 1665 5018 contemplationis
1686 4958 1748 5003 va-

97 5042 235 5119 plenam
259 5037 414 5100 fiduciam
438 5036 638 5108 obtinentes
662 5036 774 5112 ipsum
798 5034 839 5096 ad
864 5035 897 5096 te
952 5035 1077 5106 cantes,
1095 5033 1305 5110 amplexibus
1321 5037 1506 5100 insecundae
1521 5029 1677 5100 Rachelis
1696 5039 1749 5102 vi-

99 5139 159 5217 qui
177 5135 217 5198 de
234 5135 391 5213 praedicto
407 5135 551 5210 negotio,
574 5135 607 5195 et
625 5133 732 5211 ipsius
754 5133 899 5194 circum·
952 5131 1073 5192 dentur
1093 5132 1205 5193 tamen
1225 5133 1380 5195 subtilius
1404 5135 1609 5208 inbaerendo,
1632 5137 1689 5214 qui
1711 5153 1748 5198 se

101 5235 238 5299 stantiis
248 5233 425 5304 universis,
437 5231 625 5308 intelligere
633 5230 757 5308 poteris
768 5229 898 5306 plenius
952 5227 988 5288 in
1010 5227 1140 5288 cultura
1164 5229 1345 5291 Dominicae
1368 5230 1477 5291 vineae
1500 5246 1567 5291 non
1586 5235 1748 5293 curarunt

100 5331 291 5403 veritatem,
307 5329 462 5391 duximus
477 5328 724 5400 remittendum,
742 5326 900 5389 iraterni-
953 5325 1114 5387 hactenus
1129 5339 1298 5398 exercere,
1315 5327 1392 5403 Lyae
1407 5326 1558 5388 fecundae
1578 5325 1636 5388 sed
1648 5327 1748 5406 lippae

140 5472 183 5548 (l)
203 5474 236 5530 ln
251 5472 374 5530 Domino
391 5471 525 5544 gravisus
542 5475 585 5527 est
605 5469 747 5526 llonorius
762 5469 816 5526 ΡΡ.
832 5467 897 5526 bar·
955 5465 1009 5523 lide
1024 5472 1156 5541 suscepta
1176 5465 1305 5523 ecelesia
1325 5480 1389 5524 sese
1404 5481 1577 5594 aggregare.
1594 5468 1654 5525 lloe
1668 5467 1746 5524 saln-

102 5545 190 5602 baras
208 5543 345 5610 Livoniae,
363 5542 498 5612 Estonioe,
519 5541 697 5612 Prussiaeque
716 5549 818 5612 gentes
835 5539 897 5596 inii·
955 5544 1014 5594 tare
1041 5552 1114 5610 opus
1136 5543 1166 5593 ut
1189 5537 1346 5609 perliceret,
1371 5539 1479 5596 litteras
1521 5552 1587 5595 asce
1616 5545 1749 5611 paternas
1813 5594 1815 5598 ,

103 5615 230 5673 delitatis
238 5613 364 5671 tenebris
373 5613 489 5670 obrutas
500 5611 603 5669 divina
616 5611 716 5684 gratiae
729 5609 816 5668 radiis
827 5610 901 5667 illus·
955 5622 1073 5666 exarare
1087 5608 1126 5665 illi
1141 5608 1234 5666 visunt
1250 5607 1301 5666 luit
1315 5606 1398 5666 valde
1412 5613 1613 5682 opportunum.

103 5687 185 5757 trari,
199 5687 319 5759 luceque
329 5683 496 5758 evangelica
511 5682 689 5742 collustratos
704 5681 853 5740 mitescere
868 5695 902 5738 ao

249 5825 366 5869 rinnon.
386 5823 460 5866 roan
478 5810 527 5866 lll.
1574 5804 1609 5860 28
