4088 6306
113 263 187 324 197
744 267 971 333 delerem.
996 272 1074 332 nia.
1097 272 1154 334 111.
1708 270 1765 330 198

415 435 638 526 CLXXXIV
934 451 936 454 ·
975 429 1082 491 tribus
1096 427 1311 492 Novlomensi
1327 425 1374 508 (1)
1389 427 1423 490 et
1436 427 1600 490 bleldensl
1614 425 1662 508 (2)
1672 427 1765 504 epis·
1823 473 1826 480 .

148 561 220 620 ‘aa
233 561 459 633 maalmam,
482 534 768 623 casanatensem
777 563 880 636 epae.
953 589 954 602 ,
977 527 1079 603 ⁰⁰⁹1&
1098 525 1249 598 eluiem,
1266 526 1328 587 ete.

422 661 470 720 Η
491 663 550 721 rffifl
560 663 629 721 ΗΝ
1016 622 1185 684 intellecto
1197 619 1615 698 exlitterisvestris,quod,
1627 620 1766 698 diligen·
1786 663 1789 668 ‚

472 679 490 736 p
632 706 639 720 '
975 719 1028 780 ter
1058 717 1249 798 mandatum
1275 718 1493 795 apostolicum
1528 719 1764 794 exsequentes,

977 813 1116 877 duorum
1137 815 1381 892 praeteritorum
1396 829 1558 876 annorum
1573 815 1768 876 vicesimam

977 912 1010 973 et
1021 913 1195 988 pecuniam
1206 914 1411 985 truncorum,
1421 927 1460 974 ac
1471 927 1530 989 pro
1541 911 1768 989 redemptione

977 1009 1128 1070 votorum
1147 1008 1337 1071 exhibitam·
1355 1003 1424 1086 per
1441 1008 1710 1086 metropolitanos
1732 1010 1768 1071 in

977 1105 1159 1180 provinciis
1181 1105 1304 1167 suiset
1326 1121 1440 1167 eorum
1464 1105 1709 1182 suffraganeos,
1726 1105 1768 1168 ad

976 1201 1168 1264 mandatum
1191 1205 1339 1265 vestrum
1371 1203 1537 1274 collectas,
1568 1203 1609 1264 ad
1635 1203 1768 1265 domum

977 1299 1105 1362 militiae
1128 1299 1256 1379 Templi
1278 1300 1416 1362 Parisiis
1441 1299 1563 1362 deferri
1586 1299 1721 1373 lecistis,
1736 1302 1770 1364 et

977 1396 1146 1472 assignata
1170 1397 1346 1459 medietate
1369 1397 1517 1474 ipsarum
1535 1398 1708 1460 carissimo
1733 1398 1768 1460 in

977 1494 1108 1555 Christo
1124 1494 1316 1557 illionostro
1346 1494 1510 1572 Philippo,
1529 1495 1601 1572 regi
1622 1497 1769 1558 Franco-

977 1606 1051 1651 rum
1076 1589 1210 1664 illustri,
1234 1591 1332 1668 juxta
1358 1592 1505 1653 mandati
1533 1593 1639 1654 nostri
1670 1595 1767 1655 teno-

977 1702 1047 1748 rem
1056 1685 1286 1766 (3),reliquam
1295 1704 1353 1765 pro
1361 1690 1473 1751 Terrae
1483 1691 1611 1751 Sanctae
1621 1689 1768 1751 subsidio

977 1784 1181 1844 reservatam
1203 1785 1238 1844 in
1259 1784 1355 1846 domo
1378 1785 1574 1862 reposuistis
1597 1786 1766 1864 praedicta,

975 1895 1043 1941 non
1057 1879 1207 1943 volentes
1228 1896 1302 1942 eam
1316 1881 1447 1944 dilectis
1462 1883 1541 1944 tiliis
1556 1885 1588 1944 S.
1606 1885 1766 1961 Hospita-

975 1975 1060 2038 lario
1082 1977 1116 2040 et
1145 1979 1229 2038 Hen.
1255 1979 1455 2056 Templario,
1474 1981 1597 2043 nostris
1621 1983 1765 2058 nunciis,

976 2073 1150 2149 assignare
1164 2075 1236 2137 sine
1251 2076 1513 2153 nostrospeciali
1521 2077 1688 2151 mandate,
1705 2079 1768 2140 sol-

976 2167 1181 2232 licitudinem
1205 2172 1238 2232 et
1260 2170 1468 2248 diligentiam
1482 2176 1628 2236 vestram
1653 2176 1768 2238 iulio-

975 2267 1065 2330 mino
1080 2268 1358 2332 commendamus.
1370 2270 1528 2334 Veientes
1545 2272 1658 2348 igitur,
1675 2275 1712 2335 ut
1725 2272 1766 2335 ad

975 2363 1123 2442 ejusden
1148 2367 1260 2429 Terras
1282 2381 1476 2429 succursum
1504 2367 1592 2430 dicta
1625 2371 1767 2446 pecunia

115 747 922 825 [mmssneeuomsamoenam-st,inmanem]

157 857 295 930 Eiusdem
310 857 474 931 argumenti
487 855 569 930 cujus
578 857 706 930 superior
715 858 836 930 epistola
851 857 888 916 ad

245 945 380 1003 eumdem
394 945 579 1018 episcopum„
588 943 652 1003 data
669 946 683 1002 l
697 945 804 1019 aprilis.

164 1055 336 1116 Honorius
350 1054 524 1132 episcopus
537 1067 653 1115 servus
664 1069 836 1115 servorum
849 1052 920 1127 Dei,

115 1150 419 1212 venerabililratri
435 1151 589 1228 episcopo
604 1150 851 1232 GateXaunensi,
867 1166 925 1212 sa·

116 1245 231 1310 lutem
241 1249 275 1310 et
287 1247 506 1326 apostolicam
526 1246 801 1308 benedictionem.

165 1346 261 1418 Cum,
285 1345 372 1406 siem
392 1359 452 1422 per
480 1345 555 1405 tuas
581 1342 677 1405 nobis
695 1343 824 1406 litteras
842 1343 924 1405 inti·

116 1441 238 1511 masti,
255 1439 351 1517 signo
366 1440 474 1501 crucis
489 1440 669 1516 assumpto,
689 1439 921 1502 irrevocabili·

118 1537 179 1598 ter
192 1537 406 1615 proposueris
416 1535 469 1597 ire
485 1537 601 1599 contra
616 1535 759 1613 perfidos
770 1535 923 1612 Albigen·

119 1649 195 1707 seS,
219 1633 379 1695 ducturus
402 1633 512 1696 tecum
534 1647 716 1709 congruum
742 1633 922 1695 electorum

120 1745 306 1792 numerum
336 1730 545 1803 bellatorum,
575 1745 641 1793 non
669 1729 741 1792 sine
764 1729 921 1808 gravibus

118 1825 300 1888 laboribus
315 1827 348 1888 et
362 1827 528 1904 expensis,
538 1841 598 1887 nos
612 1827 705 1889 tuum
718 1827 922 1903 propositum

119 1922 242 2000 dignis
256 1922 292 1985 iu
311 1923 450 1996 Domino
474 1922 628 1984 laudibus
641 1921 920 1991 commendantes,

118 2019 159 2079 et
168 2016 321 2080 volentes
335 2016 417 2077 illud
428 2032 574 2094 congruo
587 2013 734 2077 subsidio
750 2013 919 2092 adjuvare,

119 2114 224 2176 salva
236 2113 373 2175 dimidia
397 2115 490 2190 parte
504 2113 682 2184 vicesimae,
697 2128 798 2190 quam
808 2112 919 2174 carls-

119 2209 211 2272 simo
226 2210 263 2272 in
289 2211 419 2272 Christo
447 2209 516 2272 filio
537 2210 651 2271 nostro
666 2209 832 2286 Philippo,
848 2207 920 2284 regi

120 2309 333 2370 Francorum
341 2305 473 2378 illustri,
491 2305 716 2368 concessimus
731 2305 772 2366 ad
785 2304 922 2382 praedic·

117 2406 178 2466 tos
190 2403 335 2484 perfidos
350 2402 598 2482 expugnandos,
611 2401 781 2464 dimidiam
792 2404 920 2480 partem

117 2501 264 2579 reliquae
281 2501 449 2563 vicesimas
471 2501 511 2562 de
524 2499 582 2562 tua
601 2499 737 2561 dioecesi
752 2502 823 2577 jam
845 2497 918 2562 col-

118 2597 233 2671 lectae,
247 2597 403 2660 inTerrae
412 2597 541 2660 Sanctae
550 2595 733 2658 subsidium
741 2595 916 2672 reputate,

119 2709 187 2755 nec
202 2709 270 2756 non
284 2695 387 2757 tritam
400 2693 505 2766 illam,
522 2709 595 2771 qum
609 2691 718 2754 adbuc
732 2691 918 2769 colligenda

120 2792 242 2865 restat,
253 2790 315 2855 tibi
326 2792 476 2868 proteac
488 2791 541 2852 his
552 2793 752 2867 quostecum
769 2789 915 2865 duxeris,

118 2904 167 2951 ex
181 2890 297 2952 nostra
320 2887 475 2950 duximus
497 2887 707 2965 providentia
728 2887 916 2950 conceden-

117 2985 212 3047 dam.
227 2987 349 3049 natum
363 2983 530 3058 Laterani,
545 2983 653 3063 pridie
666 2998 773 3046 nonas
787 2984 914 3062 aprilis,

118 3097 215 3145 anno
229 3083 340 3145 tertio.

159 3181 338 3254 Senatum
358 3181 411 3242 cst
431 3194 538 3254 super
560 3183 623 3244 boc
643 3179 857 3242 Noviomensi
884 3180 917 3243 et

114 3276 285 3338 Meldensi
300 3276 464 3354 episcopis
478 3280 511 3339 et
522 3275 681 3339 tratribus
690 3279 845 3355 Aymarc,
862 3276 916 3339 do·

114 3373 331 3435 musmilitiae
342 3374 470 3452 Templi
482 3374 683 3437 Parisiensis
692 3373 914 3447 thesaurario,

113 3474 153 3532 et
163 3470 343 3548 Stephano,
369 3471 571 3547 panectario,
596 3485 702 3546 usque
725 3471 914 3534 conceden-

114 3567 209 3628 dam.
222 3569 354 3629 Detracta
365 3567 547 3640 subjicitur
559 3584 570 3628 :
583 3568 755 3642 Gaeterum,
770 3568 848 3645 quia
861 3583 917 3630 vo·

112 3665 242 3736 lumus,
265 3665 302 3725 ut
324 3663 513 3741 huJ‘usmodi
532 3665 646 3728 nostra
670 3666 841 3727 concessio
866 3667 917 3727 ei-

110 3760 194 3822 dem
203 3759 358 3838 episcopo
367 3761 421 3824 vel
431 3761 637 3838 procuratori
648 3778 707 3824 suo
717 3762 915 3826 indiminuta

104 3849 281 3930 servetur,
302 3856 495 3919 discretioni
509 3858 629 3920 vestrae
653 3873 712 3936 per
725 3859 915 3938 Apostolica

110 3953 244 4029 scripta
269 3954 475 4027 mandamus,
501 3955 678 4031 quatenus,
704 3957 735 4016 si
761 3955 845 4018 torte
874 3956 915 4018 de

111 4049 270 4128 portione
291 4049 458 4114 vicesimae
481 4067 554 4128 quae
575 4051 684 4128 ipsum
699 4053 871 4128 contingit,
894 4069 914 4116 a

111 4145 211 4208 vobis
223 4146 277 4207 vel
292 4147 369 4207 aliis
381 4147 507 4224 aliquid
521 4149 572 4212 ost
582 4151 762 4226 receptum,
772 4149 914 4212 tantum·

111 4241 191 4302 dem
203 4241 311 4303 eidem
321 4242 362 4304 do
375 4245 468 4319 parte
477 4246 610 4321 quaeest
619 4245 772 4308 inTerrae
783 4247 912 4310 Sanctae

107 4334 302 4398 subsidium
317 4336 524 4411 destinanda,
538 4337 611 4400 sine
625 4339 819 4404 dilllcultate
830 4358 912 4419 qua·

109 4431 198 4494 libet
209 4433 440 4511 compensetis.
456 4437 575 4497 Datum
586 4437 622 4500 ut
635 4451 746 4515 supra.
892 4423 895 4428 ’

167 4577 169 4581 ’
413 4592 617 4684 CLXXXV

108 4715 168 4778 Ad
180 4715 446 4778 Nootcmcnsem
456 4731 497 4778 cc
505 4721 714 4782 Mctdeosem
723 4724 909 4797 episcopos.

397 4826 414 4885 o
430 4829 527 4902 aprilis
547 4831 625 4890 iila.

109 4929 909 5006 [neumatum.dasffist.,xlx,tei;ltogest.,lib.111,epeia]

109 5027 229 5087 blandai
252 5030 404 5096 Honorius,
433 5037 466 5089 ut
489 5039 599 5104 partem
622 5033 766 5093 vicesimo
783 5037 905 5109 proven·

146 5115 227 5168 mum
253 5109 512 5169 ecclesiasticorum
538 5126 621 5169 sacro
645 5113 720 5170 bello
744 5117 907 5174 attributam

146 5183 294 5246 unnslsrrl
316 5185 421 5246 iaciant
439 5187 475 5246 ad
490 5188 606 5251 domum
630 5193 727 5267 templi
746 5195 864 5254 Parisiis
878 5203 908 5255 et

145 5265 214 5326 inda
230 5266 261 5324 ln
275 5267 392 5326 demam
402 5267 547 5328 Sanctam
899 5284 903 5292 ·

149 5373 319 5436 Honorius
344 5375 555 5455 episcopus...
570 5379 817 5446 venerabilibus
841 5383 907 5447 lra-

146 5501 189 5586 (l)
204 5502 361 5588 Stephano.
381 5475 388 5484 ⁶
409 5503 452 5582 (ἓ)
467 5507 617 5568 Guillelmc
628 5506 820 5584 deNemosio,
834 5527 903 5590 ger·

109 5587 205 5634 marus
220 5573 362 5633 iratribus.

975 2460 1129 2523 celeriter
1147 2461 1387 2536 transferatur,
1417 2465 1618 2528 fraternitati
1645 2469 1766 2530 vestrae

973 2572 1035 2634 per
1043 2559 1233 2636 Apostolica
1247 2561 1370 2639 scripta
1383 2562 1589 2634 mandamus,
1605 2566 1766 2641 quatenus

972 2652 1081 2730 ipsam
1096 2655 1216 2718 dilecto
1232 2656 1303 2719 illio
1320 2656 1416 2720 lratri
1430 2660 1606 2738 aymardo
1625 2659 1765 2723 thesau-

972 2750 1063 2812 rario
1082 2749 1198 2813 domus
1220 2752 1398 2830 praedicta,
1415 2771 1455 2816 ac
1472 2755 1619 2834 praelatis
1634 2759 1765 2821 nunciis

972 2848 1107 2918 nostris,
1118 2849 1172 2910 vel
1184 2864 1298 2912 eorum
1314 2851 1422 2924 alteri,
1435 2853 1464 2914 si
1479 2869 1546 2915 non
1560 2853 1675 2916 ambos
1690 2870 1766 2916 con·

971 2946 1085 3024 tigerit
1098 2947 1269 3022 interesse,
1285 2949 1461 3026 assignetis
1476 2950 1625 3013 eamdem
1635 2953 1671 3014 in
1681 2967 1764 3016 auro

972 3043 1013 3106 ab
1025 3045 1075 3106 eis
1091 3044 1231 3107 fideliter
1246 3047 1526 3120 commutandam,
1540 3049 1574 3111 et
1593 3048 1676 3109 illud
1689 3065 1763 3111 curn

971 3141 1112 3205 consilio
1126 3142 1238 3205 vestro
1253 3143 1286 3206 et
1300 3142 1360 3204 sub
1375 3143 1562 3207 litterarum
1576 3148 1762 3208 vestrarum

971 3239 1004 3302 et
1017 3239 1205 3317 aliquorum
1220 3241 1320 3303 etiam
1333 3242 1557 3320 praelatorum,
1572 3243 1602 3305 si
1616 3242 1689 3306 deri
1704 3261 1764 3321 po-

970 3335 1058 3409 terit,
1074 3337 1262 3400 testimonio
1275 3355 1335 3416 per
1346 3339 1437 3402 viros
1449 3339 1588 3402 idoneos
1603 3342 1635 3405 et
1649 3341 1763 3404 fideles

970 3431 1007 3492 in
1031 3433 1258 3496 ultramarinis
1281 3435 1430 3514 partibus
1456 3440 1552 3500 caute
1567 3455 1607 3500 ac
1621 3439 1764 3502 fideliter

971 3528 1233 3594 distribuendum
1254 3533 1288 3595 et
1301 3533 1538 3610 assignandum
1558 3537 1763 3599 venerabili-

970 3624 1032 3690 bus
1046 3626 1204 3692 iratribus
1215 3623 1715 3714 nostrisAlbanensiepiscopo(
1735 3634 1760 3713 ),

969 3725 1167 3802 Apostolicae
1182 3727 1277 3788 Sedis
1291 3727 1411 3803 legato,
1428 3730 1461 3791 et
1485 3731 1762 3809 ierosolymitano

969 3821 1178 3898 patriarchae,
1193 3825 1226 3885 et
1241 3822 1369 3886 dilectis
1384 3825 1462 3885 tiliis
1478 3827 1645 3901 magistris
1671 3831 1760 3890 Hos·
1833 3886 1834 3889 ,

969 3918 1081 3997 pitalis
1108 3920 1141 3981 et
1165 3921 1303 3998 Templi,
1331 3937 1390 3999 per
1412 3937 1485 3996 em,
1519 3922 1560 3984 de
1588 3926 1764 3988 conscien-

969 4015 1016 4078 tia
1035 4019 1225 4094 magnatum
1246 4019 1414 4081 exercitus
1429 4019 1615 4093 christiani,
1632 4038 1760 4086 necnon

969 4113 1003 4175 et
1016 4114 1175 4193 principis
1186 4117 1421 4192 Romanorum,
1436 4117 1473 4178 in
1488 4118 1636 4197 ejusdem
1649 4123 1761 4184 Terrae

968 4209 1153 4273 subsidium
1176 4213 1439 4290 expendendum,
1456 4218 1552 4292 prout
1567 4217 1675 4296 ipsius
1693 4218 1760 4279 uti-

967 4307 1044 4369 litas
1060 4310 1094 4371 et
1106 4311 1288 4373 necessitas
1301 4311 1491 4388 postulabit,
1504 4312 1593 4375 circa
1602 4313 1759 4376 instantis

968 4406 1048 4467 anni
1057 4405 1249 4469 vicesimam
1265 4408 1484 4484 colligendam
1494 4425 1646 4472 unacum
1661 4411 1758 4473 dictis

967 4503 1101 4566 nunciis
1127 4503 1261 4574 nostris,
1284 4505 1340 4568 vel
1359 4521 1475 4566 eorum
1500 4507 1617 4577 altero,
1637 4507 1667 4569 si
1690 4525 1757 4571 non

967 4598 1063 4661 ambo
1073 4599 1242 4677 potuerint
1256 4601 1429 4674 interesse,
1439 4603 1588 4664 eamdem
1600 4605 1758 4669 sollicitu-

967 4695 1076 4758 dinem
1087 4696 1293 4770 adhibentes,
1312 4698 1523 4762 medietatem
1537 4701 1640 4778 ipsius
1655 4703 1756 4765 simili

846 4843 847 4848 ,
965 4794 1062 4856 modo
1090 4794 1131 4857 ad
1143 4796 1255 4857 Terrae
1282 4797 1411 4859 Sanctae
1436 4797 1619 4861 subsidium
1643 4803 1755 4863 trans-

965 4906 1122 5050 mXXXXer
1143 4989 1300 5052 Laterani
1315 4991 1412 5053 nonis
1431 4993 1560 5072 aprilis,
1576 4997 1753 5072 pontifica-

963 5086 1015 5149 tus
1028 5085 1134 5148 nostri
1144 5101 1233 5148 anno
1247 5087 1357 5150 tertio.

996 5517 1037 5592 (3)
1060 5518 1178 5577 lionorii
1199 5518 1237 5579 ad
1260 5507 1419 5648 phssX’l’um
1440 5536 1539 5594 regem
1565 5525 1673 5586 litteras
1688 5529 1752 5587 vid-e

959 5589 1149 5662 supra,epist.
1165 5591 1309 5661 XVl,col.
1341 5591 1367 5648 l.
1409 5590 1589 5668 (l)Pelagio.
