<?xml version="1.0" encoding="UTF-8"?>
<!DOCTYPE html PUBLIC "-//W3C//DTD XHTML 1.0 Transitional//EN"
    "http://www.w3.org/TR/xhtml1/DTD/xhtml1-transitional.dtd">
<html xmlns="http://www.w3.org/1999/xhtml" xml:lang="en" lang="en">
 <head>
  <title>
</title>
<meta http-equiv="Content-Type" content="text/html;charset=utf-8" />
  <meta name='ocr-system' content='tesseract 3.04.00' />
  <meta name='ocr-capabilities' content='ocr_page ocr_carea ocr_par ocr_line ocrx_word'/>
</head>
<body>
  <div class='ocr_page' id='page_1' title='image "./mediiaevibiblio01bottgoog_0133.png"; bbox 0 0 4088 6306; ppageno 0'>
   <div class='ocr_carea' id='block_1_1' title="bbox 298 338 357 397">
    <p class='ocr_par' dir='ltr' id='par_1_1' title="bbox 298 338 357 397">
     <span class='ocr_line' id='line_1_1' title="bbox 298 338 357 397; baseline 0 0"><span class='ocrx_word' id='word_1_1' title='bbox 298 338 357 397; x_wconf 80' lang='lat'>239</span> 
     </span>
    </p>
   </div>
   <div class='ocr_carea' id='block_1_2' title="bbox 300 495 1098 2808">
    <p class='ocr_par' dir='ltr' id='par_1_2' title="bbox 300 495 1096 1438">
     <span class='ocr_line' id='line_1_2' title="bbox 300 495 1094 574; baseline 0.003 -20"><span class='ocrx_word' id='word_1_2' title='bbox 300 495 535 574; x_wconf 89' lang='lat' dir='ltr'>locumipsum,</span> <span class='ocrx_word' id='word_1_3' title='bbox 546 497 582 557; x_wconf 87' lang='lat' dir='ltr'>in</span> <span class='ocrx_word' id='word_1_4' title='bbox 592 513 656 574; x_wconf 90' lang='lat' dir='ltr'>quo</span> <span class='ocrx_word' id='word_1_5' title='bbox 667 495 840 574; x_wconf 82' lang='lat' dir='ltr'>praefatum</span> <span class='ocrx_word' id='word_1_6' title='bbox 856 495 1094 558; x_wconf 85' lang='lat' dir='ltr'>monasterium</span> 
     </span>
     <span class='ocr_line' id='line_1_3' title="bbox 301 593 1092 672; baseline 0.001 -21"><span class='ocrx_word' id='word_1_7' title='bbox 301 595 398 655; x_wconf 86' lang='lat' dir='ltr'>situm</span> <span class='ocrx_word' id='word_1_8' title='bbox 424 596 485 666; x_wconf 90' lang='lat' dir='ltr'>est,</span> <span class='ocrx_word' id='word_1_9' title='bbox 511 611 585 655; x_wconf 90' lang='lat' dir='ltr'>cnm</span> <span class='ocrx_word' id='word_1_10' title='bbox 606 593 757 656; x_wconf 92' lang='lat' dir='ltr'>omnibus</span> <span class='ocrx_word' id='word_1_11' title='bbox 776 593 984 672; x_wconf 80' lang='lat' dir='ltr'>pertinentiis</span> <span class='ocrx_word' id='word_1_12' title='bbox 1000 593 1092 654; x_wconf 90' lang='lat' dir='ltr'>suis:</span> 
     </span>
     <span class='ocr_line' id='line_1_4' title="bbox 301 690 1094 768; baseline -0.005 -15"><span class='ocrx_word' id='word_1_13' title='bbox 301 693 473 766; x_wconf 84' lang='lat' dir='ltr'>grangiam</span> <span class='ocrx_word' id='word_1_14' title='bbox 491 693 585 752; x_wconf 81' lang='lat' dir='ltr'>Gulle</span> <span class='ocrx_word' id='word_1_15' title='bbox 611 708 684 752; x_wconf 88' lang='lat' dir='ltr'>cum</span> <span class='ocrx_word' id='word_1_16' title='bbox 709 691 861 752; x_wconf 91' lang='lat' dir='ltr'>omnibus</span> <span class='ocrx_word' id='word_1_17' title='bbox 885 690 1094 768; x_wconf 76' lang='lat' dir='ltr'>pertinentiis</span> 
     </span>
     <span class='ocr_line' id='line_1_5' title="bbox 302 787 1094 864; baseline 0.003 -18"><span class='ocrx_word' id='word_1_18' title='bbox 302 789 371 848; x_wconf 84' lang='lat' dir='ltr'>suis</span> <span class='ocrx_word' id='word_1_19' title='bbox 389 811 396 848; x_wconf 93' lang='lat'><strong>:</strong></span> <span class='ocrx_word' id='word_1_20' title='bbox 413 791 584 864; x_wconf 79' lang='lat' dir='ltr'>grangiam</span> <span class='ocrx_word' id='word_1_21' title='bbox 602 789 635 848; x_wconf 94' lang='lat' dir='ltr'>in</span> <span class='ocrx_word' id='word_1_22' title='bbox 649 789 835 849; x_wconf 87' lang='lat' dir='ltr'>Colenbuse</span> <span class='ocrx_word' id='word_1_23' title='bbox 850 803 924 849; x_wconf 91' lang='lat' dir='ltr'>cum</span> <span class='ocrx_word' id='word_1_24' title='bbox 940 787 1094 848; x_wconf 87' lang='lat' dir='ltr'>omnibus</span> 
     </span>
     <span class='ocr_line' id='line_1_6' title="bbox 303 885 1094 962; baseline -0.001 -16"><span class='ocrx_word' id='word_1_25' title='bbox 303 887 511 962; x_wconf 78' lang='lat' dir='ltr'>pertinentiis</span> <span class='ocrx_word' id='word_1_26' title='bbox 524 887 604 956; x_wconf 92' lang='lat' dir='ltr'>suis,</span> <span class='ocrx_word' id='word_1_27' title='bbox 618 889 650 947; x_wconf 90' lang='lat' dir='ltr'>et</span> <span class='ocrx_word' id='word_1_28' title='bbox 662 885 834 962; x_wconf 79' lang='lat' dir='ltr'>grangiam</span> <span class='ocrx_word' id='word_1_29' title='bbox 844 886 877 946; x_wconf 92' lang='lat' dir='ltr'>in</span> <span class='ocrx_word' id='word_1_30' title='bbox 889 885 1094 946; x_wconf 80' lang='lat' dir='ltr'>Enniclrleim</span> 
     </span>
     <span class='ocr_line' id='line_1_7' title="bbox 302 983 1092 1060; baseline -0.003 -16"><span class='ocrx_word' id='word_1_31' title='bbox 302 999 376 1044; x_wconf 93' lang='lat' dir='ltr'>cum</span> <span class='ocrx_word' id='word_1_32' title='bbox 392 983 543 1045; x_wconf 91' lang='lat' dir='ltr'>omnibus</span> <span class='ocrx_word' id='word_1_33' title='bbox 559 984 767 1060; x_wconf 79' lang='lat' dir='ltr'>pertinentiis</span> <span class='ocrx_word' id='word_1_34' title='bbox 790 983 870 1056; x_wconf 74' lang='lat' dir='ltr'>suis</span> <span class='ocrx_word' id='word_1_35' title='bbox 887 1000 962 1045; x_wconf 92' lang='lat' dir='ltr'>cum</span> <span class='ocrx_word' id='word_1_36' title='bbox 977 983 1092 1059; x_wconf 86' lang='lat' dir='ltr'>pratis,</span> 
     </span>
     <span class='ocr_line' id='line_1_8' title="bbox 301 1081 1093 1159; baseline -0.003 -17"><span class='ocrx_word' id='word_1_37' title='bbox 301 1081 420 1153; x_wconf 89' lang='lat' dir='ltr'>vineis,</span> <span class='ocrx_word' id='word_1_38' title='bbox 434 1081 545 1154; x_wconf 88' lang='lat' dir='ltr'>terris,</span> <span class='ocrx_word' id='word_1_39' title='bbox 563 1081 765 1153; x_wconf 89' lang='lat' dir='ltr'>nemoribus,</span> <span class='ocrx_word' id='word_1_40' title='bbox 782 1081 933 1157; x_wconf 84' lang='lat' dir='ltr'>usuagiis</span> <span class='ocrx_word' id='word_1_41' title='bbox 955 1084 990 1141; x_wconf 91' lang='lat' dir='ltr'>et</span> <span class='ocrx_word' id='word_1_42' title='bbox 1012 1095 1093 1159; x_wconf 89' lang='lat' dir='ltr'>pas-</span> 
     </span>
     <span class='ocr_line' id='line_1_9' title="bbox 302 1177 1095 1257; baseline -0.003 -17"><span class='ocrx_word' id='word_1_43' title='bbox 302 1179 384 1248; x_wconf 90' lang='lat' dir='ltr'>cuis,</span> <span class='ocrx_word' id='word_1_44' title='bbox 401 1179 550 1240; x_wconf 91' lang='lat' dir='ltr'>inbosco</span> <span class='ocrx_word' id='word_1_45' title='bbox 570 1181 603 1241; x_wconf 91' lang='lat' dir='ltr'>et</span> <span class='ocrx_word' id='word_1_46' title='bbox 627 1180 738 1257; x_wconf 90' lang='lat' dir='ltr'>plano,</span> <span class='ocrx_word' id='word_1_47' title='bbox 753 1180 789 1240; x_wconf 91' lang='lat' dir='ltr'>in</span> <span class='ocrx_word' id='word_1_48' title='bbox 806 1180 901 1256; x_wconf 87' lang='lat' dir='ltr'>aquis</span> <span class='ocrx_word' id='word_1_49' title='bbox 921 1180 955 1241; x_wconf 89' lang='lat' dir='ltr'>et</span> <span class='ocrx_word' id='word_1_50' title='bbox 968 1177 1095 1238; x_wconf 88' lang='lat' dir='ltr'>molen-</span> 
     </span>
     <span class='ocr_line' id='line_1_10' title="bbox 301 1275 1096 1350; baseline 0 -14"><span class='ocrx_word' id='word_1_51' title='bbox 301 1275 400 1350; x_wconf 89' lang='lat' dir='ltr'>dinis,</span> <span class='ocrx_word' id='word_1_52' title='bbox 417 1279 452 1338; x_wconf 90' lang='lat' dir='ltr'>in</span> <span class='ocrx_word' id='word_1_53' title='bbox 471 1277 537 1338; x_wconf 88' lang='lat' dir='ltr'>viis</span> <span class='ocrx_word' id='word_1_54' title='bbox 551 1279 584 1340; x_wconf 89' lang='lat' dir='ltr'>et</span> <span class='ocrx_word' id='word_1_55' title='bbox 603 1278 729 1340; x_wconf 90' lang='lat' dir='ltr'>semitis</span> <span class='ocrx_word' id='word_1_56' title='bbox 745 1280 778 1339; x_wconf 90' lang='lat' dir='ltr'>et</span> <span class='ocrx_word' id='word_1_57' title='bbox 792 1276 945 1339; x_wconf 90' lang='lat' dir='ltr'>omnibus</span> <span class='ocrx_word' id='word_1_58' title='bbox 961 1277 1036 1338; x_wconf 89' lang='lat' dir='ltr'>aliis</span> <span class='ocrx_word' id='word_1_59' title='bbox 1052 1275 1096 1336; x_wconf 91' lang='lat' dir='ltr'>li-</span> 
     </span>
     <span class='ocr_line' id='line_1_11' title="bbox 301 1373 901 1438; baseline 0.003 -4"><span class='ocrx_word' id='word_1_60' title='bbox 301 1373 485 1437; x_wconf 89' lang='lat' dir='ltr'>bertatibus</span> <span class='ocrx_word' id='word_1_61' title='bbox 496 1379 528 1437; x_wconf 86' lang='lat' dir='ltr'>et</span> <span class='ocrx_word' id='word_1_62' title='bbox 542 1375 804 1438; x_wconf 88' lang='lat' dir='ltr'>immunitatibus</span> <span class='ocrx_word' id='word_1_63' title='bbox 819 1375 901 1436; x_wconf 90' lang='lat' dir='ltr'>suis.</span> 
     </span>
    </p>

    <p class='ocr_par' dir='ltr' id='par_1_3' title="bbox 303 1471 1098 2808">
     <span class='ocr_line' id='line_1_12' title="bbox 342 1471 1095 1549; baseline -0.003 -16"><span class='ocrx_word' id='word_1_64' title='bbox 342 1475 430 1534; x_wconf 88' lang='lat' dir='ltr'>Sane</span> <span class='ocrx_word' id='word_1_65' title='bbox 455 1473 606 1535; x_wconf 87' lang='lat' dir='ltr'>laborum</span> <span class='ocrx_word' id='word_1_66' title='bbox 629 1476 826 1545; x_wconf 73' lang='lat' dir='ltr'>vestrorum,</span> <span class='ocrx_word' id='word_1_67' title='bbox 851 1487 932 1549; x_wconf 91' lang='lat' dir='ltr'>quos</span> <span class='ocrx_word' id='word_1_68' title='bbox 952 1471 1095 1548; x_wconf 90' lang='lat' dir='ltr'>propriis</span> 
     </span>
     <span class='ocr_line' id='line_1_13' title="bbox 303 1567 1096 1648; baseline -0.001 -18"><span class='ocrx_word' id='word_1_69' title='bbox 303 1569 457 1631; x_wconf 88' lang='lat' dir='ltr'>manibus</span> <span class='ocrx_word' id='word_1_70' title='bbox 468 1574 525 1633; x_wconf 89' lang='lat' dir='ltr'>aut</span> <span class='ocrx_word' id='word_1_71' title='bbox 540 1571 724 1648; x_wconf 87' lang='lat' dir='ltr'>sumptibus</span> <span class='ocrx_word' id='word_1_72' title='bbox 737 1571 846 1633; x_wconf 90' lang='lat' dir='ltr'>colitis</span> <span class='ocrx_word' id='word_1_73' title='bbox 861 1570 902 1630; x_wconf 91' lang='lat' dir='ltr'>de</span> <span class='ocrx_word' id='word_1_74' title='bbox 917 1567 1096 1646; x_wconf 80' lang='lat' dir='ltr'>possessio</span> 
     </span>
     <span class='ocr_line' id='line_1_14' title="bbox 303 1667 1096 1744; baseline 0 -16"><span class='ocrx_word' id='word_1_75' title='bbox 303 1668 401 1728; x_wconf 90' lang='lat' dir='ltr'>nibus</span> <span class='ocrx_word' id='word_1_76' title='bbox 416 1669 538 1730; x_wconf 87' lang='lat' dir='ltr'>habitis</span> <span class='ocrx_word' id='word_1_77' title='bbox 553 1671 629 1731; x_wconf 91' lang='lat' dir='ltr'>ante</span> <span class='ocrx_word' id='word_1_78' title='bbox 645 1669 826 1730; x_wconf 83' lang='lat' dir='ltr'>Concilium</span> <span class='ocrx_word' id='word_1_79' title='bbox 846 1667 1012 1744; x_wconf 91' lang='lat' dir='ltr'>generale,</span> <span class='ocrx_word' id='word_1_80' title='bbox 1025 1667 1096 1728; x_wconf 85' lang='lat' dir='ltr'>sive</span> 
     </span>
     <span class='ocr_line' id='line_1_15' title="bbox 305 1765 1094 1843; baseline -0.006 -15"><span class='ocrx_word' id='word_1_81' title='bbox 305 1767 460 1829; x_wconf 84' lang='lat' dir='ltr'>debortis</span> <span class='ocrx_word' id='word_1_82' title='bbox 469 1771 502 1829; x_wconf 88' lang='lat' dir='ltr'>et</span> <span class='ocrx_word' id='word_1_83' title='bbox 511 1766 664 1842; x_wconf 87' lang='lat' dir='ltr'>virgultis</span> <span class='ocrx_word' id='word_1_84' title='bbox 676 1769 708 1828; x_wconf 88' lang='lat' dir='ltr'>et</span> <span class='ocrx_word' id='word_1_85' title='bbox 718 1765 1094 1843; x_wconf 83' lang='lat' dir='ltr'>piscationibusvestris,</span> 
     </span>
     <span class='ocr_line' id='line_1_16' title="bbox 305 1863 1097 1932; baseline -0.004 -6"><span class='ocrx_word' id='word_1_86' title='bbox 305 1863 1097 1932; x_wconf 80' lang='lat' dir='ltr'>veldenutrimentisanimaliumvestrorumaut</span> 
     </span>
     <span class='ocr_line' id='line_1_17' title="bbox 304 1960 1096 2032; baseline -0.01 -7"><span class='ocrx_word' id='word_1_87' title='bbox 304 1965 403 2025; x_wconf 86' lang='lat' dir='ltr'>etiam</span> <span class='ocrx_word' id='word_1_88' title='bbox 420 1963 459 2024; x_wconf 90' lang='lat' dir='ltr'>de</span> <span class='ocrx_word' id='word_1_89' title='bbox 472 1962 657 2032; x_wconf 86' lang='lat' dir='ltr'>novalibus,</span> <span class='ocrx_word' id='word_1_90' title='bbox 672 1961 783 2022; x_wconf 89' lang='lat' dir='ltr'>nullus</span> <span class='ocrx_word' id='word_1_91' title='bbox 805 1977 824 2022; x_wconf 89' lang='lat' dir='ltr'>a</span> <span class='ocrx_word' id='word_1_92' title='bbox 839 1960 933 2022; x_wconf 83' lang='lat' dir='ltr'>robis</span> <span class='ocrx_word' id='word_1_93' title='bbox 951 1960 1096 2021; x_wconf 88' lang='lat' dir='ltr'>decimas</span> 
     </span>
     <span class='ocr_line' id='line_1_18' title="bbox 304 2057 1098 2137; baseline -0.008 -15"><span class='ocrx_word' id='word_1_94' title='bbox 304 2062 440 2137; x_wconf 81' lang='lat' dir='ltr'>exigere</span> <span class='ocrx_word' id='word_1_95' title='bbox 467 2060 521 2121; x_wconf 87' lang='lat' dir='ltr'>rel</span> <span class='ocrx_word' id='word_1_96' title='bbox 549 2063 748 2136; x_wconf 85' lang='lat' dir='ltr'>extorquere</span> <span class='ocrx_word' id='word_1_97' title='bbox 769 2060 957 2134; x_wconf 86' lang='lat' dir='ltr'>praesumat.</span> <span class='ocrx_word' id='word_1_98' title='bbox 971 2057 1098 2128; x_wconf 66' lang='lat' dir='ltr'>,Liceat</span> 
     </span>
     <span class='ocr_line' id='line_1_19' title="bbox 305 2154 1098 2238; baseline -0.006 -18"><span class='ocrx_word' id='word_1_99' title='bbox 305 2175 434 2238; x_wconf 90' lang='lat' dir='ltr'>quoque</span> <span class='ocrx_word' id='word_1_100' title='bbox 457 2157 551 2220; x_wconf 85' lang='lat' dir='ltr'>vobis</span> <span class='ocrx_word' id='word_1_101' title='bbox 567 2158 706 2220; x_wconf 89' lang='lat' dir='ltr'>clericos</span> <span class='ocrx_word' id='word_1_102' title='bbox 724 2157 778 2217; x_wconf 83' lang='lat' dir='ltr'>rel</span> <span class='ocrx_word' id='word_1_103' title='bbox 792 2157 897 2217; x_wconf 89' lang='lat' dir='ltr'>laicos</span> <span class='ocrx_word' id='word_1_104' title='bbox 919 2155 1041 2215; x_wconf 89' lang='lat' dir='ltr'>liberos</span> <span class='ocrx_word' id='word_1_105' title='bbox 1065 2154 1098 2215; x_wconf 87' lang='lat' dir='ltr'>et</span> 
     </span>
     <span class='ocr_line' id='line_1_20' title="bbox 304 2252 1098 2330; baseline -0.009 -12"><span class='ocrx_word' id='word_1_106' title='bbox 304 2257 473 2318; x_wconf 90' lang='lat' dir='ltr'>absolutos</span> <span class='ocrx_word' id='word_1_107' title='bbox 488 2272 507 2317; x_wconf 90' lang='lat' dir='ltr'>e</span> <span class='ocrx_word' id='word_1_108' title='bbox 522 2256 645 2317; x_wconf 86' lang='lat' dir='ltr'>saeculo</span> <span class='ocrx_word' id='word_1_109' title='bbox 661 2254 824 2330; x_wconf 89' lang='lat' dir='ltr'>fugientes</span> <span class='ocrx_word' id='word_1_110' title='bbox 848 2253 888 2314; x_wconf 88' lang='lat' dir='ltr'>ad</span> <span class='ocrx_word' id='word_1_111' title='bbox 906 2252 1098 2314; x_wconf 86' lang='lat' dir='ltr'>conversio-</span> 
     </span>
     <span class='ocr_line' id='line_1_21' title="bbox 305 2349 1097 2430; baseline -0.008 -15"><span class='ocrx_word' id='word_1_112' title='bbox 305 2371 380 2416; x_wconf 90' lang='lat' dir='ltr'>nem</span> <span class='ocrx_word' id='word_1_113' title='bbox 403 2353 552 2430; x_wconf 88' lang='lat' dir='ltr'>recipere</span> <span class='ocrx_word' id='word_1_114' title='bbox 565 2354 598 2414; x_wconf 90' lang='lat' dir='ltr'>et</span> <span class='ocrx_word' id='word_1_115' title='bbox 616 2368 673 2414; x_wconf 92' lang='lat' dir='ltr'>eos</span> <span class='ocrx_word' id='word_1_116' title='bbox 690 2351 813 2429; x_wconf 88' lang='lat' dir='ltr'>absque</span> <span class='ocrx_word' id='word_1_117' title='bbox 838 2349 1097 2412; x_wconf 82' lang='lat' dir='ltr'>contradictione</span> 
     </span>
     <span class='ocr_line' id='line_1_22' title="bbox 303 2447 1098 2529; baseline -0.006 -16"><span class='ocrx_word' id='word_1_118' title='bbox 303 2452 416 2529; x_wconf 88' lang='lat' dir='ltr'>aliqua</span> <span class='ocrx_word' id='word_1_119' title='bbox 446 2452 602 2512; x_wconf 89' lang='lat' dir='ltr'>retinere.</span> <span class='ocrx_word' id='word_1_120' title='bbox 642 2449 858 2510; x_wconf 75' lang='lat' dir='ltr'>probibemus</span> <span class='ocrx_word' id='word_1_121' title='bbox 886 2449 1034 2524; x_wconf 88' lang='lat' dir='ltr'>insuper,</span> <span class='ocrx_word' id='word_1_122' title='bbox 1062 2447 1098 2508; x_wconf 91' lang='lat' dir='ltr'>ut</span> 
     </span>
     <span class='ocr_line' id='line_1_23' title="bbox 304 2545 1098 2622; baseline -0.006 -12"><span class='ocrx_word' id='word_1_123' title='bbox 304 2549 389 2610; x_wconf 93' lang='lat' dir='ltr'>nulli</span> <span class='ocrx_word' id='word_1_124' title='bbox 411 2547 550 2610; x_wconf 88' lang='lat' dir='ltr'>fratrum</span> <span class='ocrx_word' id='word_1_125' title='bbox 562 2546 746 2608; x_wconf 82' lang='lat' dir='ltr'>vestrorum</span> <span class='ocrx_word' id='word_1_126' title='bbox 763 2547 835 2622; x_wconf 91' lang='lat' dir='ltr'>post</span> <span class='ocrx_word' id='word_1_127' title='bbox 847 2545 968 2606; x_wconf 88' lang='lat' dir='ltr'>factam</span> <span class='ocrx_word' id='word_1_128' title='bbox 982 2546 1016 2606; x_wconf 92' lang='lat' dir='ltr'>in</span> <span class='ocrx_word' id='word_1_129' title='bbox 1031 2560 1098 2606; x_wconf 93' lang='lat' dir='ltr'>mo·</span> 
     </span>
     <span class='ocr_line' id='line_1_24' title="bbox 305 2643 1097 2721; baseline -0.009 -11"><span class='ocrx_word' id='word_1_130' title='bbox 305 2647 452 2710; x_wconf 82' lang='lat' dir='ltr'>naslerio</span> <span class='ocrx_word' id='word_1_131' title='bbox 482 2646 593 2707; x_wconf 84' lang='lat' dir='ltr'>vestro</span> <span class='ocrx_word' id='word_1_132' title='bbox 619 2643 856 2721; x_wconf 81' lang='lat' dir='ltr'>professionem</span> <span class='ocrx_word' id='word_1_133' title='bbox 885 2643 999 2704; x_wconf 88' lang='lat' dir='ltr'>fassit</span> <span class='ocrx_word' id='word_1_134' title='bbox 1025 2644 1097 2703; x_wconf 90' lang='lat' dir='ltr'>sine</span> 
     </span>
     <span class='ocr_line' id='line_1_25' title="bbox 304 2741 1094 2808; baseline -0.01 0"><span class='ocrx_word' id='word_1_135' title='bbox 304 2745 432 2808; x_wconf 90' lang='lat' dir='ltr'>abbatis</span> <span class='ocrx_word' id='word_1_136' title='bbox 447 2743 498 2804; x_wconf 92' lang='lat' dir='ltr'>sui</span> <span class='ocrx_word' id='word_1_137' title='bbox 509 2742 643 2803; x_wconf 89' lang='lat' dir='ltr'>licentia</span> <span class='ocrx_word' id='word_1_138' title='bbox 652 2741 692 2802; x_wconf 94' lang='lat' dir='ltr'>de</span> <span class='ocrx_word' id='word_1_139' title='bbox 704 2741 819 2802; x_wconf 91' lang='lat' dir='ltr'>eodem</span> <span class='ocrx_word' id='word_1_140' title='bbox 830 2741 903 2802; x_wconf 93' lang='lat' dir='ltr'>loco</span> <span class='ocrx_word' id='word_1_141' title='bbox 914 2741 1094 2802; x_wconf 89' lang='lat' dir='ltr'>discedere.</span> 
     </span>
    </p>
   </div>
   <div class='ocr_carea' id='block_1_3' title="bbox 212 2831 1098 2915">
    <p class='ocr_par' dir='ltr' id='par_1_4' title="bbox 212 2831 1098 2915">
     <span class='ocr_line' id='line_1_26' title="bbox 212 2831 1098 2915; baseline -0.009 -9"><span class='ocrx_word' id='word_1_142' title='bbox 212 2831 214 2845; x_wconf 82' lang='lat'>&#39;</span> <span class='ocrx_word' id='word_1_143' title='bbox 304 2842 532 2906; x_wconf 88' lang='lat' dir='ltr'>Discedentem</span> <span class='ocrx_word' id='word_1_144' title='bbox 544 2855 624 2901; x_wconf 87' lang='lat' dir='ltr'>vero</span> <span class='ocrx_word' id='word_1_145' title='bbox 636 2837 760 2915; x_wconf 89' lang='lat' dir='ltr'>absque</span> <span class='ocrx_word' id='word_1_146' title='bbox 775 2839 994 2899; x_wconf 87' lang='lat' dir='ltr'>communium</span> <span class='ocrx_word' id='word_1_147' title='bbox 1010 2838 1098 2900; x_wconf 90' lang='lat' dir='ltr'>litte-</span> 
     </span>
    </p>
   </div>
   <div class='ocr_carea' id='block_1_4' title="bbox 300 2935 1100 5746">
    <p class='ocr_par' dir='ltr' id='par_1_5' title="bbox 303 2935 1099 3410">
     <span class='ocr_line' id='line_1_27' title="bbox 304 2935 1098 3002; baseline -0.008 0"><span class='ocrx_word' id='word_1_148' title='bbox 304 2955 417 3002; x_wconf 88' lang='lat' dir='ltr'>rarum</span> <span class='ocrx_word' id='word_1_149' title='bbox 443 2939 629 3000; x_wconf 82' lang='lat' dir='ltr'>vestrarum</span> <span class='ocrx_word' id='word_1_150' title='bbox 657 2937 811 2997; x_wconf 89' lang='lat' dir='ltr'>cautione</span> <span class='ocrx_word' id='word_1_151' title='bbox 839 2935 950 2996; x_wconf 92' lang='lat' dir='ltr'>nullus</span> <span class='ocrx_word' id='word_1_152' title='bbox 977 2935 1098 2996; x_wconf 89' lang='lat' dir='ltr'>audeat</span> 
     </span>
     <span class='ocr_line' id='line_1_28' title="bbox 303 3033 1098 3112; baseline -0.01 -12"><span class='ocrx_word' id='word_1_153' title='bbox 303 3039 467 3104; x_wconf 87' lang='lat' dir='ltr'>retinere:</span> <span class='ocrx_word' id='word_1_154' title='bbox 490 3035 575 3112; x_wconf 90' lang='lat' dir='ltr'>quod</span> <span class='ocrx_word' id='word_1_155' title='bbox 596 3035 623 3093; x_wconf 93' lang='lat' dir='ltr'>si</span> <span class='ocrx_word' id='word_1_156' title='bbox 650 3033 724 3110; x_wconf 90' lang='lat' dir='ltr'>quis</span> <span class='ocrx_word' id='word_1_157' title='bbox 746 3033 830 3095; x_wconf 88' lang='lat' dir='ltr'>forte</span> <span class='ocrx_word' id='word_1_158' title='bbox 843 3033 989 3094; x_wconf 88' lang='lat' dir='ltr'>retinere</span> <span class='ocrx_word' id='word_1_159' title='bbox 1010 3048 1098 3109; x_wconf 86' lang='lat' dir='ltr'>prae-</span> 
     </span>
     <span class='ocr_line' id='line_1_29' title="bbox 305 3130 1099 3212; baseline -0.011 -14"><span class='ocrx_word' id='word_1_160' title='bbox 305 3135 492 3212; x_wconf 88' lang='lat' dir='ltr'>sumpserit,</span> <span class='ocrx_word' id='word_1_161' title='bbox 516 3132 643 3193; x_wconf 91' lang='lat' dir='ltr'>licitum</span> <span class='ocrx_word' id='word_1_162' title='bbox 665 3130 758 3191; x_wconf 88' lang='lat' dir='ltr'>vobis</span> <span class='ocrx_word' id='word_1_163' title='bbox 785 3131 827 3191; x_wconf 90' lang='lat' dir='ltr'>sit</span> <span class='ocrx_word' id='word_1_164' title='bbox 855 3131 889 3190; x_wconf 90' lang='lat' dir='ltr'>in</span> <span class='ocrx_word' id='word_1_165' title='bbox 913 3131 1002 3208; x_wconf 92' lang='lat' dir='ltr'>ipsos</span> <span class='ocrx_word' id='word_1_166' title='bbox 1026 3145 1099 3190; x_wconf 93' lang='lat' dir='ltr'>mo-</span> 
     </span>
     <span class='ocr_line' id='line_1_30' title="bbox 305 3227 1096 3302; baseline -0.01 -8"><span class='ocrx_word' id='word_1_167' title='bbox 305 3233 428 3294; x_wconf 88' lang='lat' dir='ltr'>nachos</span> <span class='ocrx_word' id='word_1_168' title='bbox 440 3232 493 3292; x_wconf 87' lang='lat' dir='ltr'>rel</span> <span class='ocrx_word' id='word_1_169' title='bbox 508 3242 686 3291; x_wconf 86' lang='lat' dir='ltr'>conversos</span> <span class='ocrx_word' id='word_1_170' title='bbox 701 3227 887 3302; x_wconf 83' lang='lat' dir='ltr'>regularem</span> <span class='ocrx_word' id='word_1_171' title='bbox 901 3228 1096 3288; x_wconf 89' lang='lat' dir='ltr'>sententiam</span> 
     </span>
     <span class='ocr_line' id='line_1_31' title="bbox 304 3329 525 3410; baseline -0.014 -17"><span class='ocrx_word' id='word_1_172' title='bbox 304 3329 525 3410; x_wconf 86' lang='lat' dir='ltr'>promulgare.</span> 
     </span>
    </p>

    <p class='ocr_par' dir='ltr' id='par_1_6' title="bbox 300 3424 1099 5362">
     <span class='ocr_line' id='line_1_32' title="bbox 343 3424 1097 3497; baseline -0.013 -4"><span class='ocrx_word' id='word_1_173' title='bbox 343 3429 427 3494; x_wconf 88' lang='lat' dir='ltr'>Illud</span> <span class='ocrx_word' id='word_1_174' title='bbox 444 3427 626 3488; x_wconf 91' lang='lat' dir='ltr'>districtius</span> <span class='ocrx_word' id='word_1_175' title='bbox 641 3424 839 3497; x_wconf 70' lang='lat' dir='ltr'>inhibentes</span> <span class='ocrx_word' id='word_1_176' title='bbox 850 3427 1025 3486; x_wconf 90' lang='lat' dir='ltr'>neterrras</span> <span class='ocrx_word' id='word_1_177' title='bbox 1039 3440 1097 3484; x_wconf 90' lang='lat' dir='ltr'>sen</span> 
     </span>
     <span class='ocr_line' id='line_1_33' title="bbox 303 3522 1098 3606; baseline -0.006 -18"><span class='ocrx_word' id='word_1_178' title='bbox 303 3525 472 3606; x_wconf 90' lang='lat' dir='ltr'>quodlibet</span> <span class='ocrx_word' id='word_1_179' title='bbox 481 3523 677 3586; x_wconf 86' lang='lat' dir='ltr'>beneficium</span> <span class='ocrx_word' id='word_1_180' title='bbox 697 3523 848 3584; x_wconf 72' lang='lat' dir='ltr'>ecclesiae</span> <span class='ocrx_word' id='word_1_181' title='bbox 860 3523 979 3584; x_wconf 87' lang='lat' dir='ltr'>vestrae</span> <span class='ocrx_word' id='word_1_182' title='bbox 995 3522 1098 3583; x_wconf 93' lang='lat' dir='ltr'>colla-</span> 
     </span>
     <span class='ocr_line' id='line_1_34' title="bbox 301 3618 1097 3697; baseline -0.01 -11"><span class='ocrx_word' id='word_1_183' title='bbox 301 3627 369 3686; x_wconf 89' lang='lat' dir='ltr'>tum</span> <span class='ocrx_word' id='word_1_184' title='bbox 383 3624 482 3684; x_wconf 91' lang='lat' dir='ltr'>liceat</span> <span class='ocrx_word' id='word_1_185' title='bbox 499 3621 599 3682; x_wconf 91' lang='lat' dir='ltr'>alicui</span> <span class='ocrx_word' id='word_1_186' title='bbox 616 3618 835 3697; x_wconf 87' lang='lat' dir='ltr'>personaliter</span> <span class='ocrx_word' id='word_1_187' title='bbox 848 3619 928 3680; x_wconf 89' lang='lat' dir='ltr'>dare</span> <span class='ocrx_word' id='word_1_188' title='bbox 948 3619 1018 3680; x_wconf 86' lang='lat' dir='ltr'>sira</span> <span class='ocrx_word' id='word_1_189' title='bbox 1031 3619 1097 3679; x_wconf 88' lang='lat' dir='ltr'>alio</span> 
     </span>
     <span class='ocr_line' id='line_1_35' title="bbox 301 3717 1096 3793; baseline -0.008 -11"><span class='ocrx_word' id='word_1_190' title='bbox 301 3721 398 3782; x_wconf 94' lang='lat' dir='ltr'>modo</span> <span class='ocrx_word' id='word_1_191' title='bbox 410 3719 557 3782; x_wconf 90' lang='lat' dir='ltr'>alienare</span> <span class='ocrx_word' id='word_1_192' title='bbox 568 3717 691 3793; x_wconf 87' lang='lat' dir='ltr'>absque</span> <span class='ocrx_word' id='word_1_193' title='bbox 706 3732 867 3778; x_wconf 88' lang='lat' dir='ltr'>consensu</span> <span class='ocrx_word' id='word_1_194' title='bbox 883 3717 984 3779; x_wconf 90' lang='lat' dir='ltr'>totius</span> <span class='ocrx_word' id='word_1_195' title='bbox 1000 3717 1096 3792; x_wconf 91' lang='lat' dir='ltr'>capi-</span> 
     </span>
     <span class='ocr_line' id='line_1_36' title="bbox 300 3815 1097 3893; baseline -0.011 -11"><span class='ocrx_word' id='word_1_196' title='bbox 300 3819 362 3882; x_wconf 94' lang='lat' dir='ltr'>tuli</span> <span class='ocrx_word' id='word_1_197' title='bbox 375 3818 427 3880; x_wconf 85' lang='lat' dir='ltr'>rel</span> <span class='ocrx_word' id='word_1_198' title='bbox 439 3815 575 3893; x_wconf 90' lang='lat' dir='ltr'>majoris</span> <span class='ocrx_word' id='word_1_199' title='bbox 585 3815 637 3876; x_wconf 85' lang='lat' dir='ltr'>vel</span> <span class='ocrx_word' id='word_1_200' title='bbox 649 3815 793 3875; x_wconf 91' lang='lat' dir='ltr'>sanioris</span> <span class='ocrx_word' id='word_1_201' title='bbox 811 3815 915 3892; x_wconf 92' lang='lat' dir='ltr'>partis</span> <span class='ocrx_word' id='word_1_202' title='bbox 926 3815 1042 3890; x_wconf 83' lang='lat' dir='ltr'>ipsius</span> <span class='ocrx_word' id='word_1_203' title='bbox 1063 3815 1097 3874; x_wconf 86' lang='lat' dir='ltr'>Si</span> 
     </span>
     <span class='ocr_line' id='line_1_37' title="bbox 303 3911 1094 3994; baseline -0.006 -17"><span class='ocrx_word' id='word_1_204' title='bbox 303 3933 375 3994; x_wconf 85' lang='lat' dir='ltr'>quae</span> <span class='ocrx_word' id='word_1_205' title='bbox 390 3931 469 3976; x_wconf 86' lang='lat' dir='ltr'>vero</span> <span class='ocrx_word' id='word_1_206' title='bbox 483 3913 678 3975; x_wconf 86' lang='lat' dir='ltr'>donationes</span> <span class='ocrx_word' id='word_1_207' title='bbox 690 3912 742 3974; x_wconf 80' lang='lat' dir='ltr'>vel</span> <span class='ocrx_word' id='word_1_208' title='bbox 754 3912 972 3974; x_wconf 89' lang='lat' dir='ltr'>alienationes</span> <span class='ocrx_word' id='word_1_209' title='bbox 987 3911 1094 3983; x_wconf 90' lang='lat' dir='ltr'>aliter,</span> 
     </span>
     <span class='ocr_line' id='line_1_38' title="bbox 303 4008 1097 4095; baseline -0.005 -23"><span class='ocrx_word' id='word_1_210' title='bbox 303 4030 401 4091; x_wconf 91' lang='lat' dir='ltr'>quam</span> <span class='ocrx_word' id='word_1_211' title='bbox 424 4011 546 4073; x_wconf 89' lang='lat' dir='ltr'>dictum</span> <span class='ocrx_word' id='word_1_212' title='bbox 565 4012 625 4077; x_wconf 92' lang='lat' dir='ltr'>est,</span> <span class='ocrx_word' id='word_1_213' title='bbox 642 4010 737 4072; x_wconf 88' lang='lat' dir='ltr'>factae</span> <span class='ocrx_word' id='word_1_214' title='bbox 756 4008 888 4080; x_wconf 86' lang='lat' dir='ltr'>fuerint,</span> <span class='ocrx_word' id='word_1_215' title='bbox 906 4025 963 4070; x_wconf 90' lang='lat' dir='ltr'>eas</span> <span class='ocrx_word' id='word_1_216' title='bbox 985 4009 1097 4095; x_wconf 80' lang='lat' dir='ltr'>irritas</span> 
     </span>
     <span class='ocr_line' id='line_1_39' title="bbox 303 4105 1098 4182; baseline -0.005 -11"><span class='ocrx_word' id='word_1_217' title='bbox 303 4127 377 4172; x_wconf 89' lang='lat' dir='ltr'>esse</span> <span class='ocrx_word' id='word_1_218' title='bbox 387 4119 570 4170; x_wconf 76' lang='lat' dir='ltr'>censemus</span> <span class='ocrx_word' id='word_1_219' title='bbox 580 4107 627 4167; x_wconf 80' lang='lat' dir='ltr'>Ad</span> <span class='ocrx_word' id='word_1_220' title='bbox 640 4105 1047 4182; x_wconf 83' lang='lat' dir='ltr'>haecetiamproliibemus,</span> <span class='ocrx_word' id='word_1_221' title='bbox 1056 4123 1098 4167; x_wconf 88' lang='lat' dir='ltr'>ne</span> 
     </span>
     <span class='ocr_line' id='line_1_40' title="bbox 302 4203 1096 4284; baseline -0.005 -16"><span class='ocrx_word' id='word_1_222' title='bbox 302 4207 423 4284; x_wconf 86' lang='lat' dir='ltr'>aliquis</span> <span class='ocrx_word' id='word_1_223' title='bbox 443 4204 624 4266; x_wconf 89' lang='lat' dir='ltr'>monachus</span> <span class='ocrx_word' id='word_1_224' title='bbox 646 4205 717 4265; x_wconf 89' lang='lat' dir='ltr'>sire</span> <span class='ocrx_word' id='word_1_225' title='bbox 737 4219 917 4264; x_wconf 88' lang='lat' dir='ltr'>conversus</span> <span class='ocrx_word' id='word_1_226' title='bbox 940 4203 1000 4264; x_wconf 90' lang='lat' dir='ltr'>sub</span> <span class='ocrx_word' id='word_1_227' title='bbox 1016 4219 1096 4280; x_wconf 92' lang='lat' dir='ltr'>pos-</span> 
     </span>
     <span class='ocr_line' id='line_1_41' title="bbox 302 4301 1096 4367; baseline -0.008 0"><span class='ocrx_word' id='word_1_228' title='bbox 302 4305 451 4367; x_wconf 87' lang='lat' dir='ltr'>sessione</span> <span class='ocrx_word' id='word_1_229' title='bbox 465 4303 584 4365; x_wconf 82' lang='lat' dir='ltr'>vestrae</span> <span class='ocrx_word' id='word_1_230' title='bbox 595 4301 711 4362; x_wconf 92' lang='lat' dir='ltr'>domus</span> <span class='ocrx_word' id='word_1_231' title='bbox 727 4301 905 4363; x_wconf 89' lang='lat' dir='ltr'>adstrictus</span> <span class='ocrx_word' id='word_1_232' title='bbox 925 4301 997 4361; x_wconf 90' lang='lat' dir='ltr'>sine</span> <span class='ocrx_word' id='word_1_233' title='bbox 1012 4316 1096 4362; x_wconf 90' lang='lat' dir='ltr'>con-</span> 
     </span>
     <span class='ocr_line' id='line_1_42' title="bbox 303 4399 1096 4476; baseline -0.008 -12"><span class='ocrx_word' id='word_1_234' title='bbox 303 4421 403 4464; x_wconf 91' lang='lat' dir='ltr'>sensu</span> <span class='ocrx_word' id='word_1_235' title='bbox 431 4401 570 4472; x_wconf 86' lang='lat' dir='ltr'>abbatis,</span> <span class='ocrx_word' id='word_1_236' title='bbox 599 4401 632 4462; x_wconf 91' lang='lat' dir='ltr'>et</span> <span class='ocrx_word' id='word_1_237' title='bbox 660 4400 798 4476; x_wconf 90' lang='lat' dir='ltr'>majoris</span> <span class='ocrx_word' id='word_1_238' title='bbox 826 4399 932 4476; x_wconf 90' lang='lat' dir='ltr'>partis</span> <span class='ocrx_word' id='word_1_239' title='bbox 961 4399 1096 4475; x_wconf 91' lang='lat' dir='ltr'>capituli</span> 
     </span>
     <span class='ocr_line' id='line_1_43' title="bbox 302 4495 1099 4576; baseline -0.009 -13"><span class='ocrx_word' id='word_1_240' title='bbox 302 4501 406 4563; x_wconf 84' lang='lat' dir='ltr'>vestri</span> <span class='ocrx_word' id='word_1_241' title='bbox 422 4498 630 4576; x_wconf 86' lang='lat' dir='ltr'>providentia</span> <span class='ocrx_word' id='word_1_242' title='bbox 643 4498 869 4567; x_wconf 90' lang='lat' dir='ltr'>constitutum,</span> <span class='ocrx_word' id='word_1_243' title='bbox 887 4495 951 4556; x_wconf 91' lang='lat' dir='ltr'>nisi</span> <span class='ocrx_word' id='word_1_244' title='bbox 965 4497 1099 4573; x_wconf 88' lang='lat' dir='ltr'>propter</span> 
     </span>
     <span class='ocr_line' id='line_1_44' title="bbox 303 4594 1096 4665; baseline -0.008 -6"><span class='ocrx_word' id='word_1_245' title='bbox 303 4599 512 4659; x_wconf 86' lang='lat' dir='ltr'>manifestam</span> <span class='ocrx_word' id='word_1_246' title='bbox 525 4597 642 4656; x_wconf 91' lang='lat' dir='ltr'>domus</span> <span class='ocrx_word' id='word_1_247' title='bbox 658 4596 776 4655; x_wconf 86' lang='lat' dir='ltr'>restrae</span> <span class='ocrx_word' id='word_1_248' title='bbox 797 4594 984 4655; x_wconf 85' lang='lat' dir='ltr'>utilitatem.</span> <span class='ocrx_word' id='word_1_249' title='bbox 1006 4594 1096 4665; x_wconf 89' lang='lat' dir='ltr'>Quod</span> 
     </span>
     <span class='ocr_line' id='line_1_45' title="bbox 304 4692 1098 4769; baseline -0.008 -13"><span class='ocrx_word' id='word_1_250' title='bbox 304 4696 333 4756; x_wconf 91' lang='lat' dir='ltr'>si</span> <span class='ocrx_word' id='word_1_251' title='bbox 356 4695 440 4756; x_wconf 90' lang='lat' dir='ltr'>forte</span> <span class='ocrx_word' id='word_1_252' title='bbox 463 4693 571 4754; x_wconf 87' lang='lat' dir='ltr'>facere</span> <span class='ocrx_word' id='word_1_253' title='bbox 593 4693 852 4769; x_wconf 86' lang='lat' dir='ltr'>praesumpserit,</span> <span class='ocrx_word' id='word_1_254' title='bbox 866 4707 933 4751; x_wconf 91' lang='lat' dir='ltr'>non</span> <span class='ocrx_word' id='word_1_255' title='bbox 946 4692 1098 4753; x_wconf 85' lang='lat' dir='ltr'>teneatur</span> 
     </span>
     <span class='ocr_line' id='line_1_46' title="bbox 304 4788 1095 4866; baseline -0.008 -10"><span class='ocrx_word' id='word_1_256' title='bbox 304 4794 486 4856; x_wconf 84' lang='lat' dir='ltr'>conventus</span> <span class='ocrx_word' id='word_1_257' title='bbox 504 4806 563 4866; x_wconf 92' lang='lat' dir='ltr'>pro</span> <span class='ocrx_word' id='word_1_258' title='bbox 585 4789 637 4849; x_wconf 90' lang='lat' dir='ltr'>bis</span> <span class='ocrx_word' id='word_1_259' title='bbox 652 4789 863 4865; x_wconf 92' lang='lat' dir='ltr'>aliquatenus</span> <span class='ocrx_word' id='word_1_260' title='bbox 879 4788 1095 4866; x_wconf 80' lang='lat' dir='ltr'>respondere3</span> 
     </span>
     <span class='ocr_line' id='line_1_47' title="bbox 303 4885 1098 4966; baseline -0.009 -13"><span class='ocrx_word' id='word_1_261' title='bbox 303 4892 430 4954; x_wconf 92' lang='lat' dir='ltr'>licitum</span> <span class='ocrx_word' id='word_1_262' title='bbox 446 4889 607 4966; x_wconf 84' lang='lat' dir='ltr'>praeterea</span> <span class='ocrx_word' id='word_1_263' title='bbox 621 4886 664 4948; x_wconf 91' lang='lat' dir='ltr'>sit</span> <span class='ocrx_word' id='word_1_264' title='bbox 678 4885 771 4948; x_wconf 90' lang='lat' dir='ltr'>vobis</span> <span class='ocrx_word' id='word_1_265' title='bbox 784 4887 819 4946; x_wconf 89' lang='lat' dir='ltr'>in</span> <span class='ocrx_word' id='word_1_266' title='bbox 832 4886 974 4964; x_wconf 87' lang='lat' dir='ltr'>propriis</span> <span class='ocrx_word' id='word_1_267' title='bbox 988 4887 1098 4948; x_wconf 89' lang='lat' dir='ltr'>causis</span> 
     </span>
     <span class='ocr_line' id='line_1_48' title="bbox 305 4983 1097 5058; baseline -0.006 -8"><span class='ocrx_word' id='word_1_268' title='bbox 305 4991 376 5050; x_wconf 86' lang='lat' dir='ltr'>sive</span> <span class='ocrx_word' id='word_1_269' title='bbox 398 4987 540 5058; x_wconf 87' lang='lat' dir='ltr'>civilem,</span> <span class='ocrx_word' id='word_1_270' title='bbox 568 4985 638 5045; x_wconf 90' lang='lat' dir='ltr'>sive</span> <span class='ocrx_word' id='word_1_271' title='bbox 665 4984 882 5054; x_wconf 88' lang='lat' dir='ltr'>criminalem,</span> <span class='ocrx_word' id='word_1_272' title='bbox 906 4983 1097 5045; x_wconf 86' lang='lat' dir='ltr'>contineant</span> 
     </span>
     <span class='ocr_line' id='line_1_49' title="bbox 306 5082 1098 5167; baseline -0.01 -19"><span class='ocrx_word' id='word_1_273' title='bbox 306 5085 521 5167; x_wconf 85' lang='lat' dir='ltr'>quaestionem</span> <span class='ocrx_word' id='word_1_274' title='bbox 544 5082 684 5144; x_wconf 82' lang='lat' dir='ltr'>fratrum</span> <span class='ocrx_word' id='word_1_275' title='bbox 699 5085 884 5144; x_wconf 84' lang='lat' dir='ltr'>vestrorum</span> <span class='ocrx_word' id='word_1_276' title='bbox 901 5083 1098 5143; x_wconf 85' lang='lat' dir='ltr'>testimoniis</span> 
     </span>
     <span class='ocr_line' id='line_1_50' title="bbox 306 5179 1098 5259; baseline -0.006 -14"><span class='ocrx_word' id='word_1_277' title='bbox 306 5185 366 5257; x_wconf 91' lang='lat' dir='ltr'>uti,</span> <span class='ocrx_word' id='word_1_278' title='bbox 387 5201 429 5246; x_wconf 93' lang='lat' dir='ltr'>ne</span> <span class='ocrx_word' id='word_1_279' title='bbox 449 5198 508 5259; x_wconf 92' lang='lat' dir='ltr'>pro</span> <span class='ocrx_word' id='word_1_280' title='bbox 523 5180 652 5242; x_wconf 88' lang='lat' dir='ltr'>defectu</span> <span class='ocrx_word' id='word_1_281' title='bbox 673 5179 806 5241; x_wconf 88' lang='lat' dir='ltr'>testium</span> <span class='ocrx_word' id='word_1_282' title='bbox 828 5181 883 5256; x_wconf 86' lang='lat' dir='ltr'>jus</span> <span class='ocrx_word' id='word_1_283' title='bbox 902 5181 1048 5240; x_wconf 82' lang='lat' dir='ltr'>vestrum</span> <span class='ocrx_word' id='word_1_284' title='bbox 1064 5179 1098 5240; x_wconf 92' lang='lat' dir='ltr'>in</span> 
     </span>
     <span class='ocr_line' id='line_1_51' title="bbox 307 5277 719 5362; baseline -0.012 -18"><span class='ocrx_word' id='word_1_285' title='bbox 307 5283 418 5362; x_wconf 88' lang='lat' dir='ltr'>aliquo</span> <span class='ocrx_word' id='word_1_286' title='bbox 431 5281 541 5342; x_wconf 83' lang='lat' dir='ltr'>ualeat</span> <span class='ocrx_word' id='word_1_287' title='bbox 556 5277 719 5354; x_wconf 90' lang='lat' dir='ltr'>deperire.</span> 
     </span>
    </p>

    <p class='ocr_par' dir='ltr' id='par_1_7' title="bbox 307 5373 1100 5746">
     <span class='ocr_line' id='line_1_52' title="bbox 346 5373 1098 5454; baseline -0.009 -13"><span class='ocrx_word' id='word_1_288' title='bbox 346 5373 1098 5454; x_wconf 76' lang='lat' dir='ltr'>Insuperauctoritateapostolicainhibemus,</span> 
     </span>
     <span class='ocr_line' id='line_1_53' title="bbox 307 5471 1098 5552; baseline -0.013 -11"><span class='ocrx_word' id='word_1_289' title='bbox 307 5495 348 5541; x_wconf 91' lang='lat' dir='ltr'>ne</span> <span class='ocrx_word' id='word_1_290' title='bbox 370 5476 459 5536; x_wconf 91' lang='lat' dir='ltr'>ullus</span> <span class='ocrx_word' id='word_1_291' title='bbox 481 5475 655 5552; x_wconf 90' lang='lat' dir='ltr'>episcopus</span> <span class='ocrx_word' id='word_1_292' title='bbox 676 5474 729 5534; x_wconf 89' lang='lat' dir='ltr'>vel</span> <span class='ocrx_word' id='word_1_293' title='bbox 750 5473 904 5549; x_wconf 86' lang='lat' dir='ltr'>quaelibet</span> <span class='ocrx_word' id='word_1_294' title='bbox 925 5471 992 5533; x_wconf 87' lang='lat' dir='ltr'>alia</span> <span class='ocrx_word' id='word_1_295' title='bbox 1018 5487 1098 5549; x_wconf 91' lang='lat' dir='ltr'>per-</span> 
     </span>
     <span class='ocr_line' id='line_1_54' title="bbox 308 5571 1100 5649; baseline -0.01 -12"><span class='ocrx_word' id='word_1_296' title='bbox 308 5591 388 5637; x_wconf 89' lang='lat' dir='ltr'>sona</span> <span class='ocrx_word' id='word_1_297' title='bbox 405 5573 445 5634; x_wconf 91' lang='lat' dir='ltr'>ad</span> <span class='ocrx_word' id='word_1_298' title='bbox 457 5572 601 5649; x_wconf 77' lang='lat' dir='ltr'>synodos</span> <span class='ocrx_word' id='word_1_299' title='bbox 616 5571 667 5632; x_wconf 91' lang='lat' dir='ltr'>vel</span> <span class='ocrx_word' id='word_1_300' title='bbox 680 5573 862 5632; x_wconf 88' lang='lat' dir='ltr'>conventus</span> <span class='ocrx_word' id='word_1_301' title='bbox 879 5571 1026 5632; x_wconf 88' lang='lat' dir='ltr'>forenses</span> <span class='ocrx_word' id='word_1_302' title='bbox 1041 5584 1100 5630; x_wconf 84' lang='lat' dir='ltr'>ros</span> 
     </span>
     <span class='ocr_line' id='line_1_55' title="bbox 308 5667 1099 5746; baseline -0.013 -9"><span class='ocrx_word' id='word_1_303' title='bbox 308 5676 369 5746; x_wconf 92' lang='lat' dir='ltr'>ire,</span> <span class='ocrx_word' id='word_1_304' title='bbox 386 5671 436 5734; x_wconf 83' lang='lat' dir='ltr'>vel</span> <span class='ocrx_word' id='word_1_305' title='bbox 456 5669 582 5746; x_wconf 91' lang='lat' dir='ltr'>judicio</span> <span class='ocrx_word' id='word_1_306' title='bbox 602 5669 754 5730; x_wconf 86' lang='lat' dir='ltr'>saeculari</span> <span class='ocrx_word' id='word_1_307' title='bbox 775 5669 815 5729; x_wconf 90' lang='lat' dir='ltr'>de</span> <span class='ocrx_word' id='word_1_308' title='bbox 830 5669 938 5729; x_wconf 89' lang='lat' dir='ltr'>vestra</span> <span class='ocrx_word' id='word_1_309' title='bbox 967 5667 1099 5744; x_wconf 91' lang='lat' dir='ltr'>propria</span> 
     </span>
    </p>
   </div>
   <div class='ocr_carea' id='block_1_5' title="bbox 897 335 1319 400">
    <p class='ocr_par' dir='ltr' id='par_1_8' title="bbox 897 335 1319 400">
     <span class='ocr_line' id='line_1_56' title="bbox 897 335 1319 400; baseline 0.002 -5"><span class='ocrx_word' id='word_1_310' title='bbox 897 335 1082 398; x_wconf 84' lang='lat' dir='ltr'>·HONORII</span> <span class='ocrx_word' id='word_1_311' title='bbox 1106 339 1150 396; x_wconf 87' lang='lat'>111</span> <span class='ocrx_word' id='word_1_312' title='bbox 1172 339 1319 400; x_wconf 77' lang='lat' dir='ltr'><strong>OPERA.</strong></span> 
     </span>
    </p>
   </div>
   <div class='ocr_carea' id='block_1_6' title="bbox 1873 339 1939 424">
    <p class='ocr_par' dir='ltr' id='par_1_9' title="bbox 1873 339 1939 424">
     <span class='ocr_line' id='line_1_57' title="bbox 1873 339 1939 424; baseline -0.061 -24"><span class='ocrx_word' id='word_1_313' title='bbox 1873 339 1939 424; x_wconf 43' lang='lat' dir='ltr'>,ato</span> 
     </span>
    </p>
   </div>
   <div class='ocr_carea' id='block_1_7' title="bbox 1145 496 2019 5742">
    <p class='ocr_par' dir='ltr' id='par_1_10' title="bbox 1145 496 2019 2330">
     <span class='ocr_line' id='line_1_58' title="bbox 1149 496 2017 578; baseline 0.005 -22"><span class='ocrx_word' id='word_1_314' title='bbox 1149 496 1332 560; x_wconf 87' lang='lat' dir='ltr'>substantia</span> <span class='ocrx_word' id='word_1_315' title='bbox 1348 498 1400 559; x_wconf 88' lang='lat' dir='ltr'>vel</span> <span class='ocrx_word' id='word_1_316' title='bbox 1412 497 1677 575; x_wconf 85' lang='lat' dir='ltr'>possessionibus</span> <span class='ocrx_word' id='word_1_317' title='bbox 1691 498 1811 561; x_wconf 85' lang='lat' dir='ltr'>restris</span> <span class='ocrx_word' id='word_1_318' title='bbox 1827 499 1942 576; x_wconf 88' lang='lat' dir='ltr'>subja·</span> <span class='ocrx_word' id='word_1_319' title='bbox 2016 550 2017 578; x_wconf 67' lang='lat'>,</span> 
     </span>
     <span class='ocr_line' id='line_1_59' title="bbox 1149 592 2017 670; baseline 0.005 -18"><span class='ocrx_word' id='word_1_320' title='bbox 1149 607 1224 653; x_wconf 89' lang='lat' dir='ltr'>cere</span> <span class='ocrx_word' id='word_1_321' title='bbox 1239 592 1427 670; x_wconf 90' lang='lat' dir='ltr'>compellat,</span> <span class='ocrx_word' id='word_1_322' title='bbox 1444 611 1506 656; x_wconf 90' lang='lat' dir='ltr'>nec</span> <span class='ocrx_word' id='word_1_323' title='bbox 1520 593 1560 656; x_wconf 88' lang='lat' dir='ltr'>ad</span> <span class='ocrx_word' id='word_1_324' title='bbox 1575 594 1689 656; x_wconf 92' lang='lat' dir='ltr'>domos</span> <span class='ocrx_word' id='word_1_325' title='bbox 1699 597 1827 657; x_wconf 88' lang='lat' dir='ltr'>vestras</span> <span class='ocrx_word' id='word_1_326' title='bbox 1840 612 1941 656; x_wconf 89' lang='lat' dir='ltr'>causa</span> <span class='ocrx_word' id='word_1_327' title='bbox 2016 601 2017 604; x_wconf 76' lang='grc'>’</span> 
     </span>
     <span class='ocr_line' id='line_1_60' title="bbox 1149 691 1942 764; baseline 0.005 -14"><span class='ocrx_word' id='word_1_328' title='bbox 1149 691 1284 750; x_wconf 89' lang='lat' dir='ltr'>ordines</span> <span class='ocrx_word' id='word_1_329' title='bbox 1303 691 1513 764; x_wconf 91' lang='lat' dir='ltr'>celebrandi,</span> <span class='ocrx_word' id='word_1_330' title='bbox 1542 708 1662 753; x_wconf 91' lang='lat' dir='ltr'>causas</span> <span class='ocrx_word' id='word_1_331' title='bbox 1687 693 1863 764; x_wconf 87' lang='lat' dir='ltr'>tractandi,</span> <span class='ocrx_word' id='word_1_332' title='bbox 1889 694 1942 754; x_wconf 85' lang='lat' dir='ltr'>vel</span> 
     </span>
     <span class='ocr_line' id='line_1_61' title="bbox 1149 788 1941 866; baseline 0.005 -18"><span class='ocrx_word' id='word_1_333' title='bbox 1149 789 1333 850; x_wconf 87' lang='lat' dir='ltr'>conventus</span> <span class='ocrx_word' id='word_1_334' title='bbox 1348 788 1476 866; x_wconf 91' lang='lat' dir='ltr'>aliquos</span> <span class='ocrx_word' id='word_1_335' title='bbox 1491 789 1638 866; x_wconf 91' lang='lat' dir='ltr'>publicos</span> <span class='ocrx_word' id='word_1_336' title='bbox 1660 791 1865 852; x_wconf 79' lang='lat' dir='ltr'>convocandi</span> <span class='ocrx_word' id='word_1_337' title='bbox 1880 808 1941 852; x_wconf 83' lang='lat' dir='ltr'>re-</span> 
     </span>
     <span class='ocr_line' id='line_1_62' title="bbox 1150 885 1943 963; baseline 0.004 -18"><span class='ocrx_word' id='word_1_338' title='bbox 1150 885 1222 945; x_wconf 92' lang='lat' dir='ltr'>nire</span> <span class='ocrx_word' id='word_1_339' title='bbox 1249 887 1437 962; x_wconf 89' lang='lat' dir='ltr'>praesumat,</span> <span class='ocrx_word' id='word_1_340' title='bbox 1455 902 1516 948; x_wconf 91' lang='lat' dir='ltr'>nec</span> <span class='ocrx_word' id='word_1_341' title='bbox 1539 887 1726 963; x_wconf 87' lang='lat' dir='ltr'>regularem</span> <span class='ocrx_word' id='word_1_342' title='bbox 1747 887 1943 950; x_wconf 89' lang='lat' dir='ltr'>electionem</span> 
     </span>
     <span class='ocr_line' id='line_1_63' title="bbox 1149 981 1944 1061; baseline 0.004 -18"><span class='ocrx_word' id='word_1_343' title='bbox 1149 981 1278 1043; x_wconf 87' lang='lat' dir='ltr'>abbatis</span> <span class='ocrx_word' id='word_1_344' title='bbox 1292 983 1394 1046; x_wconf 85' lang='lat' dir='ltr'>vestri</span> <span class='ocrx_word' id='word_1_345' title='bbox 1415 983 1584 1061; x_wconf 89' lang='lat' dir='ltr'>impediat,</span> <span class='ocrx_word' id='word_1_346' title='bbox 1602 985 1659 1046; x_wconf 89' lang='lat' dir='ltr'>aut</span> <span class='ocrx_word' id='word_1_347' title='bbox 1683 983 1723 1046; x_wconf 92' lang='lat' dir='ltr'>de</span> <span class='ocrx_word' id='word_1_348' title='bbox 1740 985 1944 1046; x_wconf 89' lang='lat' dir='ltr'>instituendo</span> 
     </span>
     <span class='ocr_line' id='line_1_64' title="bbox 1149 1080 1942 1160; baseline 0.005 -20"><span class='ocrx_word' id='word_1_349' title='bbox 1149 1080 1202 1141; x_wconf 80' lang='lat' dir='ltr'>rel</span> <span class='ocrx_word' id='word_1_350' title='bbox 1216 1081 1417 1142; x_wconf 86' lang='lat' dir='ltr'>removendo</span> <span class='ocrx_word' id='word_1_351' title='bbox 1431 1097 1482 1154; x_wconf 91' lang='lat' dir='ltr'>eo,</span> <span class='ocrx_word' id='word_1_352' title='bbox 1504 1082 1559 1158; x_wconf 91' lang='lat' dir='ltr'>qui</span> <span class='ocrx_word' id='word_1_353' title='bbox 1579 1099 1639 1160; x_wconf 93' lang='lat' dir='ltr'>pro</span> <span class='ocrx_word' id='word_1_354' title='bbox 1658 1084 1805 1160; x_wconf 88' lang='lat' dir='ltr'>tempore</span> <span class='ocrx_word' id='word_1_355' title='bbox 1829 1081 1942 1154; x_wconf 86' lang='lat' dir='ltr'>fucrit,</span> 
     </span>
     <span class='ocr_line' id='line_1_65' title="bbox 1150 1177 1944 1242; baseline 0 -3"><span class='ocrx_word' id='word_1_356' title='bbox 1150 1179 1265 1240; x_wconf 91' lang='lat' dir='ltr'>contra</span> <span class='ocrx_word' id='word_1_357' title='bbox 1280 1177 1402 1240; x_wconf 89' lang='lat' dir='ltr'>statuta</span> <span class='ocrx_word' id='word_1_358' title='bbox 1424 1179 1654 1241; x_wconf 85' lang='lat' dir='ltr'>Cistercicnsis</span> <span class='ocrx_word' id='word_1_359' title='bbox 1675 1179 1801 1241; x_wconf 86' lang='lat' dir='ltr'>ordinis</span> <span class='ocrx_word' id='word_1_360' title='bbox 1824 1196 1861 1242; x_wconf 88' lang='lat' dir='ltr'>se</span> <span class='ocrx_word' id='word_1_361' title='bbox 1876 1180 1944 1240; x_wconf 87' lang='lat' dir='ltr'>ali-</span> 
     </span>
     <span class='ocr_line' id='line_1_66' title="bbox 1150 1277 1946 1355; baseline 0.003 -19"><span class='ocrx_word' id='word_1_362' title='bbox 1150 1277 1312 1353; x_wconf 87' lang='lat' dir='ltr'>quatenus</span> <span class='ocrx_word' id='word_1_363' title='bbox 1324 1277 1531 1338; x_wconf 87' lang='lat' dir='ltr'>intromittat.</span> <span class='ocrx_word' id='word_1_364' title='bbox 1549 1277 1583 1338; x_wconf 88' lang='lat' dir='ltr'>Si</span> <span class='ocrx_word' id='word_1_365' title='bbox 1598 1293 1676 1339; x_wconf 82' lang='lat' dir='ltr'>vero</span> <span class='ocrx_word' id='word_1_366' title='bbox 1687 1279 1875 1355; x_wconf 90' lang='lat' dir='ltr'>episcopus,</span> <span class='ocrx_word' id='word_1_367' title='bbox 1886 1295 1946 1338; x_wconf 90' lang='lat' dir='ltr'>cu-</span> 
     </span>
     <span class='ocr_line' id='line_1_67' title="bbox 1145 1373 2019 1451; baseline 0.003 -17"><span class='ocrx_word' id='word_1_368' title='bbox 1145 1377 1202 1451; x_wconf 77' lang='lat' dir='ltr'>Jus</span> <span class='ocrx_word' id='word_1_369' title='bbox 1228 1373 1260 1434; x_wconf 94' lang='lat' dir='ltr'>in</span> <span class='ocrx_word' id='word_1_370' title='bbox 1278 1375 1436 1451; x_wconf 88' lang='lat' dir='ltr'>parocbia</span> <span class='ocrx_word' id='word_1_371' title='bbox 1451 1375 1568 1436; x_wconf 90' lang='lat' dir='ltr'>domus</span> <span class='ocrx_word' id='word_1_372' title='bbox 1586 1379 1699 1436; x_wconf 89' lang='lat' dir='ltr'>vestra</span> <span class='ocrx_word' id='word_1_373' title='bbox 1724 1375 1861 1437; x_wconf 87' lang='lat' dir='ltr'>fundata</span> <span class='ocrx_word' id='word_1_374' title='bbox 1884 1381 1943 1446; x_wconf 89' lang='lat' dir='ltr'>est,</span> <span class='ocrx_word' id='word_1_375' title='bbox 2018 1429 2019 1442; x_wconf 70' lang='grc'>,</span> 
     </span>
     <span class='ocr_line' id='line_1_68' title="bbox 1150 1471 1947 1550; baseline 0.003 -16"><span class='ocrx_word' id='word_1_376' title='bbox 1150 1488 1224 1534; x_wconf 89' lang='lat' dir='ltr'>cum</span> <span class='ocrx_word' id='word_1_377' title='bbox 1247 1472 1433 1534; x_wconf 87' lang='lat' dir='ltr'>bumilitate</span> <span class='ocrx_word' id='word_1_378' title='bbox 1451 1487 1491 1533; x_wconf 92' lang='lat' dir='ltr'>ac</span> <span class='ocrx_word' id='word_1_379' title='bbox 1507 1471 1694 1544; x_wconf 82' lang='lat' dir='ltr'>devotione,</span> <span class='ocrx_word' id='word_1_380' title='bbox 1710 1489 1775 1550; x_wconf 87' lang='lat' dir='ltr'>qua</span> <span class='ocrx_word' id='word_1_381' title='bbox 1789 1475 1947 1536; x_wconf 86' lang='lat' dir='ltr'>convenit</span> 
     </span>
     <span class='ocr_line' id='line_1_69' title="bbox 1148 1569 1945 1647; baseline 0.003 -17"><span class='ocrx_word' id='word_1_382' title='bbox 1148 1570 1329 1647; x_wconf 86' lang='lat' dir='ltr'>requisitus</span> <span class='ocrx_word' id='word_1_383' title='bbox 1345 1569 1555 1632; x_wconf 89' lang='lat' dir='ltr'>substitutum</span> <span class='ocrx_word' id='word_1_384' title='bbox 1571 1569 1722 1631; x_wconf 90' lang='lat' dir='ltr'>abbatem</span> <span class='ocrx_word' id='word_1_385' title='bbox 1733 1570 1945 1642; x_wconf 87' lang='lat' dir='ltr'>benedicere,</span> 
     </span>
     <span class='ocr_line' id='line_1_70' title="bbox 1150 1667 1944 1745; baseline -0.001 -16"><span class='ocrx_word' id='word_1_386' title='bbox 1150 1669 1183 1730; x_wconf 89' lang='lat' dir='ltr'>et</span> <span class='ocrx_word' id='word_1_387' title='bbox 1195 1669 1261 1729; x_wconf 89' lang='lat' dir='ltr'>alia</span> <span class='ocrx_word' id='word_1_388' title='bbox 1273 1683 1346 1744; x_wconf 86' lang='lat' dir='ltr'>quae</span> <span class='ocrx_word' id='word_1_389' title='bbox 1356 1667 1397 1728; x_wconf 87' lang='lat' dir='ltr'>ad</span> <span class='ocrx_word' id='word_1_390' title='bbox 1407 1667 1552 1728; x_wconf 88' lang='lat' dir='ltr'>officium</span> <span class='ocrx_word' id='word_1_391' title='bbox 1567 1667 1755 1745; x_wconf 89' lang='lat' dir='ltr'>episcopale</span> <span class='ocrx_word' id='word_1_392' title='bbox 1767 1670 1944 1744; x_wconf 88' lang='lat' dir='ltr'>pertinent,</span> 
     </span>
     <span class='ocr_line' id='line_1_71' title="bbox 1150 1765 1945 1836; baseline -0.003 -8"><span class='ocrx_word' id='word_1_393' title='bbox 1150 1765 1244 1828; x_wconf 81' lang='lat' dir='ltr'>vobis</span> <span class='ocrx_word' id='word_1_394' title='bbox 1268 1765 1419 1830; x_wconf 88' lang='lat' dir='ltr'>conferre</span> <span class='ocrx_word' id='word_1_395' title='bbox 1442 1766 1601 1836; x_wconf 86' lang='lat' dir='ltr'>renuerit,</span> <span class='ocrx_word' id='word_1_396' title='bbox 1625 1765 1751 1827; x_wconf 88' lang='lat' dir='ltr'>licitum</span> <span class='ocrx_word' id='word_1_397' title='bbox 1774 1767 1818 1828; x_wconf 93' lang='lat' dir='ltr'>sit</span> <span class='ocrx_word' id='word_1_398' title='bbox 1839 1767 1945 1826; x_wconf 89' lang='lat' dir='ltr'>eidem</span> 
     </span>
     <span class='ocr_line' id='line_1_72' title="bbox 1151 1862 1945 1944; baseline -0.003 -20"><span class='ocrx_word' id='word_1_399' title='bbox 1151 1862 1273 1944; x_wconf 76' lang='lat' dir='ltr'>abbati,</span> <span class='ocrx_word' id='word_1_400' title='bbox 1300 1863 1326 1922; x_wconf 91' lang='lat' dir='ltr'>si</span> <span class='ocrx_word' id='word_1_401' title='bbox 1349 1865 1461 1924; x_wconf 90' lang='lat' dir='ltr'>tamen</span> <span class='ocrx_word' id='word_1_402' title='bbox 1484 1863 1638 1924; x_wconf 88' lang='lat' dir='ltr'>sacerdos</span> <span class='ocrx_word' id='word_1_403' title='bbox 1659 1863 1771 1934; x_wconf 89' lang='lat' dir='ltr'>fuerit,</span> <span class='ocrx_word' id='word_1_404' title='bbox 1793 1865 1945 1940; x_wconf 85' lang='lat' dir='ltr'>proprios</span> 
     </span>
     <span class='ocr_line' id='line_1_73' title="bbox 1151 1957 1945 2038; baseline -0.001 -17"><span class='ocrx_word' id='word_1_405' title='bbox 1151 1962 1295 2022; x_wconf 85' lang='lat' dir='ltr'>novitios</span> <span class='ocrx_word' id='word_1_406' title='bbox 1307 1957 1514 2029; x_wconf 87' lang='lat' dir='ltr'>benedicere,</span> <span class='ocrx_word' id='word_1_407' title='bbox 1526 1962 1559 2022; x_wconf 89' lang='lat' dir='ltr'>et</span> <span class='ocrx_word' id='word_1_408' title='bbox 1569 1961 1646 2032; x_wconf 91' lang='lat' dir='ltr'>alia,</span> <span class='ocrx_word' id='word_1_409' title='bbox 1662 1977 1735 2038; x_wconf 84' lang='lat' dir='ltr'>quae</span> <span class='ocrx_word' id='word_1_410' title='bbox 1745 1961 1786 2021; x_wconf 86' lang='lat' dir='ltr'>ad</span> <span class='ocrx_word' id='word_1_411' title='bbox 1800 1959 1945 2021; x_wconf 85' lang='lat' dir='ltr'>officium</span> 
     </span>
     <span class='ocr_line' id='line_1_74' title="bbox 1152 2057 1946 2136; baseline 0 -18"><span class='ocrx_word' id='word_1_412' title='bbox 1152 2075 1248 2119; x_wconf 90' lang='lat' dir='ltr'>suum</span> <span class='ocrx_word' id='word_1_413' title='bbox 1273 2059 1449 2136; x_wconf 90' lang='lat' dir='ltr'>pertinent,</span> <span class='ocrx_word' id='word_1_414' title='bbox 1475 2073 1643 2130; x_wconf 79' lang='lat' dir='ltr'>exercere,</span> <span class='ocrx_word' id='word_1_415' title='bbox 1669 2057 1809 2120; x_wconf 87' lang='lat' dir='ltr'>etvobis</span> <span class='ocrx_word' id='word_1_416' title='bbox 1835 2061 1946 2119; x_wconf 92' lang='lat' dir='ltr'>omnia</span> 
     </span>
     <span class='ocr_line' id='line_1_75' title="bbox 1152 2156 1946 2234; baseline 0 -18"><span class='ocrx_word' id='word_1_417' title='bbox 1152 2157 1193 2217; x_wconf 91' lang='lat' dir='ltr'>ab</span> <span class='ocrx_word' id='word_1_418' title='bbox 1215 2157 1281 2217; x_wconf 90' lang='lat' dir='ltr'>alio</span> <span class='ocrx_word' id='word_1_419' title='bbox 1303 2156 1457 2234; x_wconf 89' lang='lat' dir='ltr'>episcopo</span> <span class='ocrx_word' id='word_1_420' title='bbox 1481 2157 1664 2233; x_wconf 89' lang='lat' dir='ltr'>percipere,</span> <span class='ocrx_word' id='word_1_421' title='bbox 1692 2171 1764 2234; x_wconf 84' lang='lat' dir='ltr'>qnae</span> <span class='ocrx_word' id='word_1_422' title='bbox 1791 2171 1810 2217; x_wconf 91' lang='lat' dir='ltr'>a</span> <span class='ocrx_word' id='word_1_423' title='bbox 1836 2159 1946 2218; x_wconf 85' lang='lat' dir='ltr'>restro</span> 
     </span>
     <span class='ocr_line' id='line_1_76' title="bbox 1153 2254 1618 2330; baseline -0.006 -14"><span class='ocrx_word' id='word_1_424' title='bbox 1153 2255 1275 2317; x_wconf 89' lang='lat' dir='ltr'>fuerint</span> <span class='ocrx_word' id='word_1_425' title='bbox 1287 2255 1432 2317; x_wconf 90' lang='lat' dir='ltr'>indebite</span> <span class='ocrx_word' id='word_1_426' title='bbox 1446 2254 1618 2330; x_wconf 86' lang='lat' dir='ltr'>denegata.</span> 
     </span>
    </p>

    <p class='ocr_par' dir='ltr' id='par_1_11' title="bbox 1149 2351 1948 5547">
     <span class='ocr_line' id='line_1_77' title="bbox 1192 2351 1946 2430; baseline -0.004 -17"><span class='ocrx_word' id='word_1_427' title='bbox 1192 2353 1275 2414; x_wconf 93' lang='lat' dir='ltr'>lilud</span> <span class='ocrx_word' id='word_1_428' title='bbox 1291 2352 1497 2430; x_wconf 72' lang='lat' dir='ltr'>adjicientes,</span> <span class='ocrx_word' id='word_1_429' title='bbox 1513 2355 1548 2414; x_wconf 91' lang='lat' dir='ltr'>ut</span> <span class='ocrx_word' id='word_1_430' title='bbox 1561 2352 1594 2412; x_wconf 92' lang='lat' dir='ltr'>in</span> <span class='ocrx_word' id='word_1_431' title='bbox 1604 2351 1804 2430; x_wconf 90' lang='lat' dir='ltr'>recipiendis</span> <span class='ocrx_word' id='word_1_432' title='bbox 1818 2367 1946 2429; x_wconf 82' lang='lat' dir='ltr'>posses·</span> 
     </span>
     <span class='ocr_line' id='line_1_78' title="bbox 1153 2449 1945 2528; baseline -0.003 -18"><span class='ocrx_word' id='word_1_433' title='bbox 1153 2451 1312 2522; x_wconf 91' lang='lat' dir='ltr'>sionibus,</span> <span class='ocrx_word' id='word_1_434' title='bbox 1329 2467 1401 2528; x_wconf 86' lang='lat' dir='ltr'>quae</span> <span class='ocrx_word' id='word_1_435' title='bbox 1416 2449 1631 2512; x_wconf 89' lang='lat' dir='ltr'>abenedictis</span> <span class='ocrx_word' id='word_1_436' title='bbox 1643 2449 1696 2511; x_wconf 86' lang='lat' dir='ltr'>vel</span> <span class='ocrx_word' id='word_1_437' title='bbox 1710 2449 1945 2511; x_wconf 90' lang='lat' dir='ltr'>benedicendis</span> 
     </span>
     <span class='ocr_line' id='line_1_79' title="bbox 1152 2547 1945 2624; baseline -0.006 -15"><span class='ocrx_word' id='word_1_438' title='bbox 1152 2547 1323 2609; x_wconf 89' lang='lat' dir='ltr'>abbatibus</span> <span class='ocrx_word' id='word_1_439' title='bbox 1362 2547 1576 2619; x_wconf 82' lang='lat' dir='ltr'>exhibentur,</span> <span class='ocrx_word' id='word_1_440' title='bbox 1614 2561 1653 2608; x_wconf 88' lang='lat' dir='ltr'>ea</span> <span class='ocrx_word' id='word_1_441' title='bbox 1689 2547 1762 2608; x_wconf 91' lang='lat' dir='ltr'>sine</span> <span class='ocrx_word' id='word_1_442' title='bbox 1797 2547 1945 2624; x_wconf 87' lang='lat' dir='ltr'>episcopi</span> 
     </span>
     <span class='ocr_line' id='line_1_80' title="bbox 1153 2643 1947 2722; baseline -0.004 -16"><span class='ocrx_word' id='word_1_443' title='bbox 1153 2645 1256 2706; x_wconf 92' lang='lat' dir='ltr'>forma</span> <span class='ocrx_word' id='word_1_444' title='bbox 1276 2647 1308 2706; x_wconf 89' lang='lat' dir='ltr'>et</span> <span class='ocrx_word' id='word_1_445' title='bbox 1322 2645 1538 2722; x_wconf 87' lang='lat' dir='ltr'>expressione</span> <span class='ocrx_word' id='word_1_446' title='bbox 1557 2644 1713 2715; x_wconf 88' lang='lat' dir='ltr'>contenti,</span> <span class='ocrx_word' id='word_1_447' title='bbox 1731 2660 1804 2722; x_wconf 85' lang='lat' dir='ltr'>quac</span> <span class='ocrx_word' id='word_1_448' title='bbox 1819 2643 1862 2704; x_wconf 91' lang='lat' dir='ltr'>ab</span> <span class='ocrx_word' id='word_1_449' title='bbox 1878 2643 1947 2704; x_wconf 91' lang='lat' dir='ltr'>ori-</span> 
     </span>
     <span class='ocr_line' id='line_1_81' title="bbox 1152 2741 1947 2818; baseline -0.004 -16"><span class='ocrx_word' id='word_1_450' title='bbox 1152 2743 1229 2818; x_wconf 86' lang='lat' dir='ltr'>gine</span> <span class='ocrx_word' id='word_1_451' title='bbox 1249 2741 1375 2804; x_wconf 90' lang='lat' dir='ltr'>ordinis</span> <span class='ocrx_word' id='word_1_452' title='bbox 1397 2743 1546 2803; x_wconf 90' lang='lat' dir='ltr'>noscitur</span> <span class='ocrx_word' id='word_1_453' title='bbox 1568 2741 1732 2814; x_wconf 91' lang='lat' dir='ltr'>instituta,</span> <span class='ocrx_word' id='word_1_454' title='bbox 1759 2744 1794 2804; x_wconf 92' lang='lat' dir='ltr'>ut</span> <span class='ocrx_word' id='word_1_455' title='bbox 1818 2741 1947 2802; x_wconf 90' lang='lat' dir='ltr'>scilicet</span> 
     </span>
     <span class='ocr_line' id='line_1_82' title="bbox 1152 2839 1945 2916; baseline -0.004 -16"><span class='ocrx_word' id='word_1_456' title='bbox 1152 2840 1286 2902; x_wconf 87' lang='lat' dir='ltr'>abbates</span> <span class='ocrx_word' id='word_1_457' title='bbox 1308 2839 1372 2916; x_wconf 92' lang='lat' dir='ltr'>ipsi</span> <span class='ocrx_word' id='word_1_458' title='bbox 1387 2842 1479 2901; x_wconf 84' lang='lat' dir='ltr'>salvo</span> <span class='ocrx_word' id='word_1_459' title='bbox 1498 2839 1614 2901; x_wconf 90' lang='lat' dir='ltr'>ordine</span> <span class='ocrx_word' id='word_1_460' title='bbox 1629 2855 1689 2900; x_wconf 89' lang='lat' dir='ltr'>suo</span> <span class='ocrx_word' id='word_1_461' title='bbox 1713 2839 1861 2916; x_wconf 87' lang='lat' dir='ltr'>profiteri</span> <span class='ocrx_word' id='word_1_462' title='bbox 1885 2839 1945 2898; x_wconf 91' lang='lat' dir='ltr'>de-</span> 
     </span>
     <span class='ocr_line' id='line_1_83' title="bbox 1151 2937 1945 3009; baseline -0.005 -10"><span class='ocrx_word' id='word_1_463' title='bbox 1151 2937 1260 3009; x_wconf 88' lang='lat' dir='ltr'>beant,</span> <span class='ocrx_word' id='word_1_464' title='bbox 1283 2938 1316 2999; x_wconf 93' lang='lat' dir='ltr'>et</span> <span class='ocrx_word' id='word_1_465' title='bbox 1337 2939 1451 2999; x_wconf 91' lang='lat' dir='ltr'>contra</span> <span class='ocrx_word' id='word_1_466' title='bbox 1470 2938 1591 2999; x_wconf 87' lang='lat' dir='ltr'>statuta</span> <span class='ocrx_word' id='word_1_467' title='bbox 1611 2937 1738 2997; x_wconf 90' lang='lat' dir='ltr'>ordinis</span> <span class='ocrx_word' id='word_1_468' title='bbox 1754 2937 1804 2997; x_wconf 92' lang='lat' dir='ltr'>sui</span> <span class='ocrx_word' id='word_1_469' title='bbox 1820 2937 1945 2997; x_wconf 91' lang='lat' dir='ltr'>nullam</span> 
     </span>
     <span class='ocr_line' id='line_1_84' title="bbox 1153 3033 1946 3112; baseline -0.003 -16"><span class='ocrx_word' id='word_1_470' title='bbox 1153 3035 1393 3112; x_wconf 89' lang='lat' dir='ltr'>professionem</span> <span class='ocrx_word' id='word_1_471' title='bbox 1435 3033 1544 3096; x_wconf 88' lang='lat' dir='ltr'>facere</span> <span class='ocrx_word' id='word_1_472' title='bbox 1587 3034 1838 3111; x_wconf 87' lang='lat' dir='ltr'>compellantur.</span> <span class='ocrx_word' id='word_1_473' title='bbox 1883 3037 1946 3094; x_wconf 89' lang='lat' dir='ltr'>Pro</span> 
     </span>
     <span class='ocr_line' id='line_1_85' title="bbox 1152 3131 1946 3204; baseline -0.004 -11"><span class='ocrx_word' id='word_1_474' title='bbox 1152 3131 1458 3193; x_wconf 88' lang='lat' dir='ltr'>consecrationibus</span> <span class='ocrx_word' id='word_1_475' title='bbox 1481 3146 1560 3193; x_wconf 82' lang='lat' dir='ltr'>vero</span> <span class='ocrx_word' id='word_1_476' title='bbox 1576 3132 1743 3204; x_wconf 89' lang='lat' dir='ltr'>altarium,</span> <span class='ocrx_word' id='word_1_477' title='bbox 1764 3131 1817 3192; x_wconf 84' lang='lat' dir='ltr'>rel</span> <span class='ocrx_word' id='word_1_478' title='bbox 1837 3132 1946 3191; x_wconf 87' lang='lat' dir='ltr'>eccle-</span> 
     </span>
     <span class='ocr_line' id='line_1_86' title="bbox 1153 3227 1947 3306; baseline -0.003 -16"><span class='ocrx_word' id='word_1_479' title='bbox 1153 3231 1288 3302; x_wconf 90' lang='lat' dir='ltr'>siarum,</span> <span class='ocrx_word' id='word_1_480' title='bbox 1306 3230 1376 3290; x_wconf 88' lang='lat' dir='ltr'>sive</span> <span class='ocrx_word' id='word_1_481' title='bbox 1400 3245 1459 3306; x_wconf 90' lang='lat' dir='ltr'>pro</span> <span class='ocrx_word' id='word_1_482' title='bbox 1481 3229 1554 3290; x_wconf 92' lang='lat' dir='ltr'>oleo</span> <span class='ocrx_word' id='word_1_483' title='bbox 1577 3230 1703 3300; x_wconf 88' lang='lat' dir='ltr'>sancto,</span> <span class='ocrx_word' id='word_1_484' title='bbox 1721 3227 1773 3289; x_wconf 88' lang='lat' dir='ltr'>vel</span> <span class='ocrx_word' id='word_1_485' title='bbox 1797 3228 1947 3306; x_wconf 88' lang='lat' dir='ltr'>quolibet</span> 
     </span>
     <span class='ocr_line' id='line_1_87' title="bbox 1153 3325 1946 3400; baseline -0.008 -10"><span class='ocrx_word' id='word_1_486' title='bbox 1153 3328 1378 3390; x_wconf 87' lang='lat' dir='ltr'>ecclesiastico</span> <span class='ocrx_word' id='word_1_487' title='bbox 1391 3325 1609 3400; x_wconf 89' lang='lat' dir='ltr'>sacramento,</span> <span class='ocrx_word' id='word_1_488' title='bbox 1621 3327 1733 3388; x_wconf 91' lang='lat' dir='ltr'>nullus</span> <span class='ocrx_word' id='word_1_489' title='bbox 1747 3325 1873 3387; x_wconf 85' lang='lat' dir='ltr'>archis</span> <span class='ocrx_word' id='word_1_490' title='bbox 1888 3325 1946 3385; x_wconf 93' lang='lat' dir='ltr'>sub</span> 
     </span>
     <span class='ocr_line' id='line_1_88' title="bbox 1153 3423 1945 3500; baseline -0.006 -13"><span class='ocrx_word' id='word_1_491' title='bbox 1153 3425 1287 3487; x_wconf 89' lang='lat' dir='ltr'>obtentu</span> <span class='ocrx_word' id='word_1_492' title='bbox 1311 3425 1561 3487; x_wconf 89' lang='lat' dir='ltr'>consuetudinis</span> <span class='ocrx_word' id='word_1_493' title='bbox 1576 3425 1629 3486; x_wconf 89' lang='lat' dir='ltr'>vel</span> <span class='ocrx_word' id='word_1_494' title='bbox 1651 3424 1718 3486; x_wconf 90' lang='lat' dir='ltr'>alio</span> <span class='ocrx_word' id='word_1_495' title='bbox 1733 3423 1831 3484; x_wconf 92' lang='lat' dir='ltr'>modo</span> <span class='ocrx_word' id='word_1_496' title='bbox 1845 3423 1945 3500; x_wconf 89' lang='lat' dir='ltr'>quic-</span> 
     </span>
     <span class='ocr_line' id='line_1_89' title="bbox 1153 3521 1946 3600; baseline -0.005 -16"><span class='ocrx_word' id='word_1_497' title='bbox 1153 3540 1250 3600; x_wconf 89' lang='lat' dir='ltr'>quam</span> <span class='ocrx_word' id='word_1_498' title='bbox 1274 3523 1395 3584; x_wconf 89' lang='lat' dir='ltr'>audeat</span> <span class='ocrx_word' id='word_1_499' title='bbox 1417 3524 1627 3599; x_wconf 78' lang='lat' dir='ltr'>extorquere,</span> <span class='ocrx_word' id='word_1_500' title='bbox 1653 3521 1710 3582; x_wconf 93' lang='lat' dir='ltr'>sed</span> <span class='ocrx_word' id='word_1_501' title='bbox 1738 3521 1809 3583; x_wconf 88' lang='lat' dir='ltr'>baec</span> <span class='ocrx_word' id='word_1_502' title='bbox 1833 3521 1946 3582; x_wconf 88' lang='lat' dir='ltr'>omnia</span> 
     </span>
     <span class='ocr_line' id='line_1_90' title="bbox 1152 3619 1948 3697; baseline -0.005 -16"><span class='ocrx_word' id='word_1_503' title='bbox 1152 3621 1256 3697; x_wconf 88' lang='lat' dir='ltr'>gratis</span> <span class='ocrx_word' id='word_1_504' title='bbox 1277 3619 1371 3680; x_wconf 87' lang='lat' dir='ltr'>vobis</span> <span class='ocrx_word' id='word_1_505' title='bbox 1394 3620 1569 3696; x_wconf 90' lang='lat' dir='ltr'>episcopus</span> <span class='ocrx_word' id='word_1_506' title='bbox 1590 3619 1799 3680; x_wconf 87' lang='lat' dir='ltr'>dioeccsanus</span> <span class='ocrx_word' id='word_1_507' title='bbox 1818 3619 1948 3694; x_wconf 89' lang='lat' dir='ltr'>impen-</span> 
     </span>
     <span class='ocr_line' id='line_1_91' title="bbox 1153 3716 1946 3796; baseline -0.005 -16"><span class='ocrx_word' id='word_1_508' title='bbox 1153 3720 1218 3780; x_wconf 91' lang='lat' dir='ltr'>dat.</span> <span class='ocrx_word' id='word_1_509' title='bbox 1235 3718 1390 3796; x_wconf 88' lang='lat' dir='ltr'>Alioquin</span> <span class='ocrx_word' id='word_1_510' title='bbox 1413 3717 1511 3779; x_wconf 86' lang='lat' dir='ltr'>liceat</span> <span class='ocrx_word' id='word_1_511' title='bbox 1526 3716 1634 3790; x_wconf 83' lang='lat' dir='ltr'>vobis,</span> <span class='ocrx_word' id='word_1_512' title='bbox 1649 3733 1856 3794; x_wconf 88' lang='lat' dir='ltr'>quacumque</span> <span class='ocrx_word' id='word_1_513' title='bbox 1872 3732 1946 3776; x_wconf 91' lang='lat' dir='ltr'>ma·</span> 
     </span>
     <span class='ocr_line' id='line_1_92' title="bbox 1153 3809 1946 3889; baseline -0.003 -13"><span class='ocrx_word' id='word_1_514' title='bbox 1153 3816 1281 3877; x_wconf 87' lang='lat' dir='ltr'>fueritis</span> <span class='ocrx_word' id='word_1_515' title='bbox 1307 3813 1505 3876; x_wconf 82' lang='lat' dir='ltr'>catholicum</span> <span class='ocrx_word' id='word_1_516' title='bbox 1534 3815 1627 3876; x_wconf 88' lang='lat' dir='ltr'>adire</span> <span class='ocrx_word' id='word_1_517' title='bbox 1653 3809 1843 3885; x_wconf 80' lang='lat' dir='ltr'>antistitem,</span> <span class='ocrx_word' id='word_1_518' title='bbox 1865 3830 1946 3889; x_wconf 86' lang='lat' dir='ltr'>gra-</span> 
     </span>
     <span class='ocr_line' id='line_1_93' title="bbox 1151 3911 1947 3988; baseline -0.008 -12"><span class='ocrx_word' id='word_1_519' title='bbox 1151 3913 1231 3976; x_wconf 89' lang='lat' dir='ltr'>tiam</span> <span class='ocrx_word' id='word_1_520' title='bbox 1265 3914 1297 3975; x_wconf 90' lang='lat' dir='ltr'>et</span> <span class='ocrx_word' id='word_1_521' title='bbox 1327 3913 1590 3973; x_wconf 89' lang='lat' dir='ltr'>communionem</span> <span class='ocrx_word' id='word_1_522' title='bbox 1626 3911 1720 3972; x_wconf 90' lang='lat' dir='ltr'>Sedis</span> <span class='ocrx_word' id='word_1_523' title='bbox 1749 3912 1947 3988; x_wconf 76' lang='lat' dir='ltr'>Apostolicre</span> 
     </span>
     <span class='ocr_line' id='line_1_94' title="bbox 1153 4009 1947 4087; baseline -0.001 -16"><span class='ocrx_word' id='word_1_524' title='bbox 1153 4010 1344 4082; x_wconf 90' lang='lat' dir='ltr'>habentem,</span> <span class='ocrx_word' id='word_1_525' title='bbox 1375 4010 1432 4087; x_wconf 91' lang='lat' dir='ltr'>qui</span> <span class='ocrx_word' id='word_1_526' title='bbox 1463 4011 1577 4071; x_wconf 88' lang='lat' dir='ltr'>nostra</span> <span class='ocrx_word' id='word_1_527' title='bbox 1614 4009 1717 4071; x_wconf 87' lang='lat' dir='ltr'>fretus</span> <span class='ocrx_word' id='word_1_528' title='bbox 1750 4009 1947 4070; x_wconf 87' lang='lat' dir='ltr'>anctoritate</span> 
     </span>
     <span class='ocr_line' id='line_1_95' title="bbox 1152 4106 1946 4185; baseline -0.004 -16"><span class='ocrx_word' id='word_1_529' title='bbox 1152 4108 1257 4179; x_wconf 90' lang='lat' dir='ltr'>vobis,</span> <span class='ocrx_word' id='word_1_530' title='bbox 1283 4106 1367 4185; x_wconf 91' lang='lat' dir='ltr'>quod</span> <span class='ocrx_word' id='word_1_531' title='bbox 1395 4107 1589 4183; x_wconf 86' lang='lat' dir='ltr'>postulatur,</span> <span class='ocrx_word' id='word_1_532' title='bbox 1607 4107 1785 4184; x_wconf 87' lang='lat' dir='ltr'>impendat.</span> <span class='ocrx_word' id='word_1_533' title='bbox 1803 4106 1895 4178; x_wconf 91' lang='lat' dir='ltr'>Quod</span> <span class='ocrx_word' id='word_1_534' title='bbox 1919 4106 1946 4166; x_wconf 91' lang='lat' dir='ltr'>si</span> 
     </span>
     <span class='ocr_line' id='line_1_96' title="bbox 1153 4205 1945 4282; baseline -0.003 -16"><span class='ocrx_word' id='word_1_535' title='bbox 1153 4205 1248 4266; x_wconf 89' lang='lat' dir='ltr'>sedes</span> <span class='ocrx_word' id='word_1_536' title='bbox 1271 4205 1453 4266; x_wconf 67' lang='lat' dir='ltr'>diaecesani</span> <span class='ocrx_word' id='word_1_537' title='bbox 1476 4205 1623 4282; x_wconf 89' lang='lat' dir='ltr'>episcopi</span> <span class='ocrx_word' id='word_1_538' title='bbox 1651 4205 1736 4266; x_wconf 88' lang='lat' dir='ltr'>forte</span> <span class='ocrx_word' id='word_1_539' title='bbox 1763 4205 1945 4272; x_wconf 82' lang='lat' dir='ltr'>vacaverit,</span> 
     </span>
     <span class='ocr_line' id='line_1_97' title="bbox 1153 4302 1946 4365; baseline -0.004 -1"><span class='ocrx_word' id='word_1_540' title='bbox 1153 4303 1285 4365; x_wconf 89' lang='lat' dir='ltr'>interim</span> <span class='ocrx_word' id='word_1_541' title='bbox 1309 4303 1420 4364; x_wconf 90' lang='lat' dir='ltr'>omnia</span> <span class='ocrx_word' id='word_1_542' title='bbox 1442 4302 1668 4364; x_wconf 90' lang='lat' dir='ltr'>ecclesiastica</span> <span class='ocrx_word' id='word_1_543' title='bbox 1695 4305 1905 4364; x_wconf 86' lang='lat' dir='ltr'>sacramenta</span> <span class='ocrx_word' id='word_1_544' title='bbox 1927 4317 1946 4361; x_wconf 89' lang='lat' dir='ltr'>a</span> 
     </span>
     <span class='ocr_line' id='line_1_98' title="bbox 1152 4399 1947 4477; baseline -0.003 -16"><span class='ocrx_word' id='word_1_545' title='bbox 1152 4400 1271 4462; x_wconf 88' lang='lat' dir='ltr'>vicinis</span> <span class='ocrx_word' id='word_1_546' title='bbox 1287 4399 1450 4477; x_wconf 90' lang='lat' dir='ltr'>episcopis</span> <span class='ocrx_word' id='word_1_547' title='bbox 1474 4399 1625 4476; x_wconf 86' lang='lat' dir='ltr'>accipere</span> <span class='ocrx_word' id='word_1_548' title='bbox 1642 4399 1747 4461; x_wconf 90' lang='lat' dir='ltr'>libere</span> <span class='ocrx_word' id='word_1_549' title='bbox 1770 4401 1804 4460; x_wconf 90' lang='lat' dir='ltr'>et</span> <span class='ocrx_word' id='word_1_550' title='bbox 1823 4399 1947 4476; x_wconf 87' lang='lat' dir='ltr'>absque</span> 
     </span>
     <span class='ocr_line' id='line_1_99' title="bbox 1152 4497 1948 4574; baseline -0.003 -16"><span class='ocrx_word' id='word_1_551' title='bbox 1152 4497 1414 4559; x_wconf 89' lang='lat' dir='ltr'>contradictione</span> <span class='ocrx_word' id='word_1_552' title='bbox 1429 4497 1573 4574; x_wconf 91' lang='lat' dir='ltr'>possitis,</span> <span class='ocrx_word' id='word_1_553' title='bbox 1587 4497 1635 4557; x_wconf 92' lang='lat' dir='ltr'>sic</span> <span class='ocrx_word' id='word_1_554' title='bbox 1647 4498 1769 4569; x_wconf 76' lang='lat' dir='ltr'>tamem</span> <span class='ocrx_word' id='word_1_555' title='bbox 1783 4499 1818 4558; x_wconf 92' lang='lat' dir='ltr'>nt</span> <span class='ocrx_word' id='word_1_556' title='bbox 1831 4512 1875 4558; x_wconf 82' lang='lat' dir='ltr'>ex</span> <span class='ocrx_word' id='word_1_557' title='bbox 1885 4497 1948 4556; x_wconf 92' lang='lat' dir='ltr'>boc</span> 
     </span>
     <span class='ocr_line' id='line_1_100' title="bbox 1152 4595 1948 4672; baseline -0.003 -16"><span class='ocrx_word' id='word_1_558' title='bbox 1152 4597 1187 4656; x_wconf 93' lang='lat' dir='ltr'>in</span> <span class='ocrx_word' id='word_1_559' title='bbox 1202 4596 1370 4672; x_wconf 90' lang='lat' dir='ltr'>posterum</span> <span class='ocrx_word' id='word_1_560' title='bbox 1387 4595 1529 4671; x_wconf 90' lang='lat' dir='ltr'>propriis</span> <span class='ocrx_word' id='word_1_561' title='bbox 1544 4595 1709 4671; x_wconf 88' lang='lat' dir='ltr'>episcopis</span> <span class='ocrx_word' id='word_1_562' title='bbox 1722 4595 1849 4656; x_wconf 90' lang='lat' dir='ltr'>nullum</span> <span class='ocrx_word' id='word_1_563' title='bbox 1866 4609 1948 4671; x_wconf 86' lang='lat' dir='ltr'>prae·</span> 
     </span>
     <span class='ocr_line' id='line_1_101' title="bbox 1149 4691 1946 4770; baseline -0.003 -18"><span class='ocrx_word' id='word_1_564' title='bbox 1149 4692 1312 4770; x_wconf 90' lang='lat' dir='ltr'>judicium</span> <span class='ocrx_word' id='word_1_565' title='bbox 1340 4692 1528 4766; x_wconf 84' lang='lat' dir='ltr'>generetur.</span> <span class='ocrx_word' id='word_1_566' title='bbox 1555 4691 1639 4764; x_wconf 88' lang='lat' dir='ltr'>Quia</span> <span class='ocrx_word' id='word_1_567' title='bbox 1671 4707 1751 4753; x_wconf 86' lang='lat' dir='ltr'>vero</span> <span class='ocrx_word' id='word_1_568' title='bbox 1781 4691 1946 4752; x_wconf 90' lang='lat' dir='ltr'>interdum</span> 
     </span>
     <span class='ocr_line' id='line_1_102' title="bbox 1152 4788 1947 4868; baseline -0.003 -18"><span class='ocrx_word' id='word_1_569' title='bbox 1152 4791 1362 4868; x_wconf 88' lang='lat' dir='ltr'>propriorum</span> <span class='ocrx_word' id='word_1_570' title='bbox 1374 4789 1604 4866; x_wconf 90' lang='lat' dir='ltr'>episcoporum</span> <span class='ocrx_word' id='word_1_571' title='bbox 1617 4788 1746 4867; x_wconf 89' lang='lat' dir='ltr'>copiam</span> <span class='ocrx_word' id='word_1_572' title='bbox 1763 4805 1829 4850; x_wconf 94' lang='lat' dir='ltr'>non</span> <span class='ocrx_word' id='word_1_573' title='bbox 1844 4788 1947 4849; x_wconf 89' lang='lat' dir='ltr'>babe-</span> 
     </span>
     <span class='ocr_line' id='line_1_103' title="bbox 1152 4885 1947 4964; baseline -0.005 -15"><span class='ocrx_word' id='word_1_574' title='bbox 1152 4889 1206 4959; x_wconf 92' lang='lat' dir='ltr'>tis,</span> <span class='ocrx_word' id='word_1_575' title='bbox 1230 4887 1259 4947; x_wconf 92' lang='lat' dir='ltr'>si</span> <span class='ocrx_word' id='word_1_576' title='bbox 1280 4902 1375 4964; x_wconf 88' lang='lat' dir='ltr'>quem</span> <span class='ocrx_word' id='word_1_577' title='bbox 1399 4886 1589 4962; x_wconf 89' lang='lat' dir='ltr'>episcopum</span> <span class='ocrx_word' id='word_1_578' title='bbox 1614 4889 1772 4948; x_wconf 83' lang='lat' dir='ltr'>Romanae</span> <span class='ocrx_word' id='word_1_579' title='bbox 1789 4885 1895 4957; x_wconf 87' lang='lat' dir='ltr'>Sedis,</span> <span class='ocrx_word' id='word_1_580' title='bbox 1913 4887 1947 4946; x_wconf 93' lang='lat' dir='ltr'>ut</span> 
     </span>
     <span class='ocr_line' id='line_1_104' title="bbox 1154 4983 1947 5059; baseline -0.001 -14"><span class='ocrx_word' id='word_1_581' title='bbox 1154 4984 1309 5056; x_wconf 81' lang='lat' dir='ltr'>diximus,</span> <span class='ocrx_word' id='word_1_582' title='bbox 1334 4983 1476 5059; x_wconf 89' lang='lat' dir='ltr'>gratiam</span> <span class='ocrx_word' id='word_1_583' title='bbox 1491 4985 1524 5045; x_wconf 90' lang='lat' dir='ltr'>et</span> <span class='ocrx_word' id='word_1_584' title='bbox 1538 4984 1803 5044; x_wconf 88' lang='lat' dir='ltr'>communionem</span> <span class='ocrx_word' id='word_1_585' title='bbox 1821 4983 1947 5044; x_wconf 86' lang='lat' dir='ltr'>baben-</span> 
     </span>
     <span class='ocr_line' id='line_1_105' title="bbox 1152 5079 1946 5157; baseline -0.005 -14"><span class='ocrx_word' id='word_1_586' title='bbox 1152 5082 1229 5154; x_wconf 90' lang='lat' dir='ltr'>tem,</span> <span class='ocrx_word' id='word_1_587' title='bbox 1255 5080 1350 5143; x_wconf 89' lang='lat' dir='ltr'>etde</span> <span class='ocrx_word' id='word_1_588' title='bbox 1374 5096 1439 5157; x_wconf 94' lang='lat' dir='ltr'>quo</span> <span class='ocrx_word' id='word_1_589' title='bbox 1465 5081 1597 5156; x_wconf 87' lang='lat' dir='ltr'>plenam</span> <span class='ocrx_word' id='word_1_590' title='bbox 1622 5081 1772 5142; x_wconf 87' lang='lat' dir='ltr'>notitiam</span> <span class='ocrx_word' id='word_1_591' title='bbox 1797 5079 1946 5142; x_wconf 89' lang='lat' dir='ltr'>habeatis</span> 
     </span>
     <span class='ocr_line' id='line_1_106' title="bbox 1154 5177 1945 5256; baseline -0.004 -15"><span class='ocrx_word' id='word_1_592' title='bbox 1154 5195 1213 5256; x_wconf 89' lang='lat' dir='ltr'>per</span> <span class='ocrx_word' id='word_1_593' title='bbox 1226 5195 1286 5241; x_wconf 86' lang='lat' dir='ltr'>ros</span> <span class='ocrx_word' id='word_1_594' title='bbox 1304 5179 1450 5241; x_wconf 88' lang='lat' dir='ltr'>transire</span> <span class='ocrx_word' id='word_1_595' title='bbox 1465 5177 1651 5254; x_wconf 88' lang='lat' dir='ltr'>contigerit,</span> <span class='ocrx_word' id='word_1_596' title='bbox 1672 5179 1713 5239; x_wconf 89' lang='lat' dir='ltr'>ab</span> <span class='ocrx_word' id='word_1_597' title='bbox 1733 5193 1772 5240; x_wconf 91' lang='lat' dir='ltr'>eo</span> <span class='ocrx_word' id='word_1_598' title='bbox 1788 5177 1945 5238; x_wconf 90' lang='lat' dir='ltr'>benedic-</span> 
     </span>
     <span class='ocr_line' id='line_1_107' title="bbox 1153 5275 1944 5347; baseline -0.006 -8"><span class='ocrx_word' id='word_1_599' title='bbox 1153 5279 1260 5339; x_wconf 88' lang='lat' dir='ltr'>tiones</span> <span class='ocrx_word' id='word_1_600' title='bbox 1275 5290 1430 5336; x_wconf 86' lang='lat' dir='ltr'>vasorum</span> <span class='ocrx_word' id='word_1_601' title='bbox 1455 5277 1487 5336; x_wconf 92' lang='lat' dir='ltr'>et</span> <span class='ocrx_word' id='word_1_602' title='bbox 1506 5275 1657 5347; x_wconf 83' lang='lat' dir='ltr'>vestium,</span> <span class='ocrx_word' id='word_1_603' title='bbox 1678 5275 1944 5337; x_wconf 88' lang='lat' dir='ltr'>consecrationes</span> 
     </span>
     <span class='ocr_line' id='line_1_108' title="bbox 1154 5371 1946 5444; baseline -0.003 -9"><span class='ocrx_word' id='word_1_604' title='bbox 1154 5375 1320 5444; x_wconf 91' lang='lat' dir='ltr'>altarium,</span> <span class='ocrx_word' id='word_1_605' title='bbox 1344 5371 1571 5434; x_wconf 90' lang='lat' dir='ltr'>ordinationes</span> <span class='ocrx_word' id='word_1_606' title='bbox 1592 5373 1843 5442; x_wconf 89' lang='lat' dir='ltr'>monachorum,</span> <span class='ocrx_word' id='word_1_607' title='bbox 1867 5389 1946 5433; x_wconf 93' lang='lat' dir='ltr'>anc-</span> 
     </span>
     <span class='ocr_line' id='line_1_109' title="bbox 1154 5470 1941 5547; baseline -0.006 -14"><span class='ocrx_word' id='word_1_608' title='bbox 1154 5473 1286 5533; x_wconf 89' lang='lat' dir='ltr'>toritate</span> <span class='ocrx_word' id='word_1_609' title='bbox 1306 5471 1401 5531; x_wconf 87' lang='lat' dir='ltr'>Sedis</span> <span class='ocrx_word' id='word_1_610' title='bbox 1421 5470 1616 5547; x_wconf 72' lang='lat' dir='ltr'>apostolicae</span> <span class='ocrx_word' id='word_1_611' title='bbox 1631 5471 1780 5546; x_wconf 89' lang='lat' dir='ltr'>recipere</span> <span class='ocrx_word' id='word_1_612' title='bbox 1794 5471 1941 5531; x_wconf 87' lang='lat' dir='ltr'>valeatis.</span> 
     </span>
    </p>

    <p class='ocr_par' dir='ltr' id='par_1_12' title="bbox 1155 5567 1942 5742">
     <span class='ocr_line' id='line_1_110' title="bbox 1195 5567 1942 5644; baseline -0.004 -15"><span class='ocrx_word' id='word_1_613' title='bbox 1195 5571 1298 5630; x_wconf 89' lang='lat' dir='ltr'>Porro</span> <span class='ocrx_word' id='word_1_614' title='bbox 1331 5568 1359 5628; x_wconf 94' lang='lat' dir='ltr'>si</span> <span class='ocrx_word' id='word_1_615' title='bbox 1388 5569 1545 5644; x_wconf 89' lang='lat' dir='ltr'>episcopi,</span> <span class='ocrx_word' id='word_1_616' title='bbox 1564 5568 1618 5628; x_wconf 85' lang='lat' dir='ltr'>rel</span> <span class='ocrx_word' id='word_1_617' title='bbox 1644 5567 1702 5627; x_wconf 92' lang='lat' dir='ltr'>alii</span> <span class='ocrx_word' id='word_1_618' title='bbox 1731 5567 1942 5628; x_wconf 84' lang='lat' dir='ltr'>ecclesiarum</span> 
     </span>
     <span class='ocr_line' id='line_1_111' title="bbox 1155 5665 1942 5742; baseline -0.004 -15"><span class='ocrx_word' id='word_1_619' title='bbox 1155 5671 1301 5727; x_wconf 87' lang='lat' dir='ltr'>rectores</span> <span class='ocrx_word' id='word_1_620' title='bbox 1322 5665 1355 5726; x_wconf 91' lang='lat' dir='ltr'>in</span> <span class='ocrx_word' id='word_1_621' title='bbox 1379 5665 1617 5727; x_wconf 89' lang='lat' dir='ltr'>monasterinm</span> <span class='ocrx_word' id='word_1_622' title='bbox 1637 5666 1784 5728; x_wconf 86' lang='lat' dir='ltr'>vestrum</span> <span class='ocrx_word' id='word_1_623' title='bbox 1803 5665 1855 5726; x_wconf 84' lang='lat' dir='ltr'>vel</span> <span class='ocrx_word' id='word_1_624' title='bbox 1871 5681 1942 5742; x_wconf 89' lang='lat' dir='ltr'>per-</span> 
     </span>
    </p>
   </div>
   <div class='ocr_carea' id='block_1_8' title="bbox 0 0 2055 6306">
    <p class='ocr_par' dir='ltr' id='par_1_13' title="bbox 0 0 2055 6306">
     <span class='ocr_line' id='line_1_112' title="bbox 0 0 2055 6306; baseline 0 0"><span class='ocrx_word' id='word_1_625' title='bbox 0 0 2055 6306; x_wconf 95' lang='lat' dir='ltr'> </span> 
     </span>
    </p>
   </div>
  </div>
 </body>
</html>
