3978 6292
226 297 286 356 267
842 295 1017 358 HONORII
1039 296 1084 357 111
1106 297 1255 358 OPERA.
1816 303 1879 362 268

224 455 315 524 runi,
329 453 435 516 tribus
445 453 576 528 edictis,
584 455 672 532 jnris
687 455 804 518 ordine
815 453 851 516 in
866 455 1020 517 omnibus
1075 455 1225 518 volentes
1253 473 1314 534 per
1340 460 1383 530 te,
1405 459 1447 520 de
1469 475 1535 538 quo
1556 463 1709 522 fiduciam
1726 461 1879 537 gerimus

225 553 410 626 observato,
428 553 602 630 praefatum
612 553 811 624 iohannem,
827 554 928 630 quise
942 555 1022 615 tnnc
1076 553 1269 630 pleniorem,
1281 555 1321 616 de
1336 557 1518 633 praemissis
1532 559 1656 635 inquiri
1677 559 1879 634 diligentius

224 651 361 722 gerebat
375 667 434 728 pro
450 652 606 728 episcopo
621 649 830 722 Artferiensi,
861 652 902 712 ad
926 665 1020 712 suam
1075 652 1258 724 veritatem,
1289 653 1482 716 discretioni
1511 659 1577 718 tuae
1603 671 1664 733 per
1681 655 1878 733 apostolica

225 750 435 826 praesentiam
450 749 648 819 citaverunt,
670 747 908 819 exhibiturum,
935 748 1019 824 quod
1075 750 1197 825 scripta
1213 751 1419 824 mandamus,
1436 755 1600 830 quatenos
1625 755 1765 825 vocatis,
1792 767 1880 830 quos

225 863 326 924 super
339 848 381 907 iis
396 847 477 908 ordo
486 849 680 923 poposcerat
694 847 844 907 rationis.
858 846 1020 908 ,iamdicto
1076 845 1200 907 videris
1214 849 1411 922 evocandos,
1423 851 1450 910 si
1458 850 1590 928 judices
1599 851 1690 927 ipsos
1700 851 1880 912 inveneris

225 948 336 1006 autem
347 945 500 1006 Jobanne
515 959 576 1005 nec
596 943 636 1004 ad
650 943 803 1020 primam,
820 959 881 1006 nec
897 959 1020 1006 secun·
1076 943 1222 1019 legitime
1247 948 1474 1021 processisse,
1501 949 1649 1026 ipsorum
1674 949 1879 1010 sententiam

225 1043 312 1114 dem,
329 1057 391 1104 nec
418 1043 551 1104 tertiam
576 1042 768 1103 citationem
787 1041 886 1103 etiarn
908 1055 968 1117 per
986 1057 1021 1104 se
1075 1042 1263 1102 executioni
1286 1042 1499 1116 demandans,
1514 1044 1548 1107 et
1561 1046 1686 1108 faciens
1701 1061 1777 1108 eam
1793 1061 1882 1106 anc—

224 1141 277 1202 vel
301 1139 526 1216 responsalem
547 1139 702 1200 idoneum
724 1141 946 1217 comparente,
963 1137 1020 1200 sed
1076 1139 1210 1202 toritate
1224 1141 1349 1207 nostra,
1366 1141 1498 1204 sublato
1510 1143 1744 1220 appellationis
1758 1143 1880 1204 obsta·

225 1239 311 1300 sicut
324 1237 510 1309 videbatur,
528 1239 564 1298 ut
579 1237 770 1298 mandatum
785 1237 934 1298 nostrum
949 1236 1023 1297 elu-
1076 1239 1163 1309 culo,
1176 1238 1319 1302 firmiter
1333 1238 1515 1314 observari,
1537 1241 1802 1302 contradictores
1819 1256 1882 1317 per

223 1336 326 1408 deret,
352 1335 512 1413 quasdam
540 1335 782 1412 appellationes
804 1333 941 1396 frivolas
963 1349 1023 1411 per
1076 1338 1336 1399 ecclesiasticam
1349 1351 1536 1411 censuram,
1547 1337 1770 1416 appellatione
1781 1339 1881 1414 post-

224 1432 367 1495 humiles
387 1433 619 1511 interponente
636 1447 807 1509 personas,
833 1433 920 1493 sicut
941 1433 1021 1494 ten-
1076 1435 1195 1510 posite,
1213 1436 1463 1512 compescendo,
1486 1437 1665 1514 injungens
1688 1435 1884 1512 archiepis-

223 1532 366 1609 dem'per
380 1532 601 1608 allegationes
616 1531 718 1608 partis
726 1530 874 1592 adversae
888 1529 950 1591 fuit
963 1529 1023 1591 de-
1076 1547 1159 1608 copo
1170 1533 1337 1610 saepefato,
1360 1535 1396 1595 nt
1410 1533 1515 1594 eidem
1530 1533 1638 1595 electo
1653 1549 1774 1594 munus
1791 1547 1882 1594 eon-

224 1629 388 1692 claratum
400 1631 436 1690 in
447 1633 537 1706 jure,
551 1630 651 1691 iidem
664 1627 806 1706 judices,
823 1643 1022 1705 quamquem
1077 1631 1274 1692 secretionis
1290 1631 1468 1708 impendet,
1486 1631 1573 1692 sicut
1584 1631 1624 1692 ad
1637 1647 1710 1691 eum
1724 1631 1882 1690 noscitur

224 1728 266 1789 de
290 1728 402 1804 rigore
425 1727 512 1806 juris
539 1727 674 1805 possent
699 1725 878 1804 procedere
906 1727 1021 1788 contra
1077 1728 1253 1805 pertinere.
1285 1729 1445 1790 Praefatos
1478 1730 1586 1791 autern
1618 1729 1816 1805 episcopos,
1851 1727 1881 1788 si

223 1841 320 1897 erim,
357 1825 397 1886 ad
434 1823 694 1886 convincendam
727 1826 837 1886 umen
874 1823 1021 1900 ejusdem
1075 1825 1135 1886 tibi
1148 1825 1344 1898 constiterit,
1359 1842 1417 1887 eos
1428 1827 1502 1903 post
1515 1827 1697 1902 legitimam
1724 1825 1882 1903 appella-

223 1922 386 1984 lobannis
401 1923 561 1984 malitiam
578 1925 728 2000 quartem
742 1921 828 1982 diem
844 1921 874 1982 ei
886 1937 945 1997 pro
958 1937 1021 1998 pe·
1076 1923 1199 1984 tionem
1229 1923 1390 1985 intrusum
1415 1939 1629 1992 consecrasse
1654 1923 1878 2001 predictum,

224 2021 403 2098 remptorlo
427 2021 569 2082 termino
597 2019 825 2096 assignarunt,
850 2018 1020 2080 canonicis
1076 2022 1250 2097 protentae
1264 2022 1461 2084 temeritatis
1474 2037 1616 2083 excessu
1636 2035 1822 2098 suspensos
1835 2020 1878 2080 ad

223 2118 600 2180 Artlertensisecclesiae
617 2117 657 2180 ad
672 2117 824 2180 eumdem
842 2117 1020 2178 terminum
1076 2119 1286 2194 praesentiam
1302 2121 1449 2181 nostram
1471 2119 1686 2190 transmittas,
1714 2119 1750 2179 ut
1771 2117 1879 2178 iidem

224 2217 370 2279 evocetis
388 2234 396 2278 ε
415 2233 531 2280 verum
557 2217 758 2277 memoratus
778 2219 808 2278 J.
829 2213 1020 2275 mandatum
1075 2215 1215 2292 inpoena
1230 2217 1336 2293 culpae
1357 2217 1572 2294 quantitatem
1600 2217 1816 2292 cognoscant,
1846 2217 1880 2277 et

225 2315 444 2392 apostolicum
460 2314 714 2392 parvipendens,
743 2317 776 2374 et
803 2313 869 2374 tarn
893 2312 934 2374 de
960 2327 1020 2374 stra
1074 2314 1129 2386 iis,
1146 2312 1265 2391 quibus
1288 2315 1502 2390 praesumptio
1521 2313 1583 2376 fnit
1603 2314 1638 2374 in
1663 2313 1877 2381 scandalum,

225 2413 493 2490 praesumptione,
522 2427 620 2490 quam
647 2411 688 2473 de
716 2411 827 2472 laicali
852 2409 1020 2472 confidens
1075 2410 1119 2471 sit
1130 2410 1258 2488 punitio
1275 2411 1310 2471 in
1327 2411 1525 2488 exemplum.
1541 2412 1654 2472 Testes
1670 2413 1792 2480 autem,
1812 2412 1867 2471 etc
1984 2437 1985 2450 ÷

226 2509 384 2589 potentie,
400 2527 461 2572 nec
475 2510 697 2590 personaliter
708 2510 892 2587 comparuit
909 2523 1020 2571 coram
1076 2509 1149 2569 Non
1173 2508 1326 2570 obstante
1347 2509 1582 2572 constitutione
1608 2509 1746 2572 Concilii
1767 2523 1884 2584 gene·

226 2609 287 2682 eis,
304 2625 365 2671 nec
378 2625 438 2687 pro
453 2625 489 2670 se
505 2608 729 2687 responsalem
745 2607 899 2670 idoneum
919 2607 1023 2668 desti·
1075 2606 1168 2677 ralis,
1192 2607 1254 2668 eto.
1286 2609 1404 2668 Datum
1420 2609 1523 2670 Reate
1537 2608 1627 2668 xvn
1640 2605 1707 2667 liei.
1725 2609 1881 2682 arigust„

227 2708 329 2780 navit,
351 2707 492 2785 quodam
514 2707 671 2768 <tertione
685 2705 858 2777 duntaxat,
880 2703 936 2782 qui
957 2705 1021 2764 mi·
1077 2705 1288 2780 pontificatus
1303 2706 1408 2768 nostri
1421 2721 1509 2768 anno
1524 2705 1633 2768 tertio.

227 2821 288 2866 nas
314 2820 357 2867 ex
372 2807 465 2883 parte
475 2804 650 2882 justitiarii
673 2805 741 2866 tam
761 2802 843 2880 ipsis
853 2801 1022 2880 judicibus

227 2919 325 2980 quam
340 2903 445 2965 electo
461 2905 493 2964 et
507 2901 705 2964 electoribus
720 2905 793 2978 ejus
808 2899 955 2972 inferret,
979 2899 1020 2959 ad
1380 2901 1569 2988 CCLVIII

227 3017 342 3063 eorum
357 3001 567 3078 praesentiam
590 2999 767 3062 destinato.
779 2999 940 3060 Gaeterum
951 3000 1020 3074 jam
1187 3045 1239 3104 Ad
1253 3047 1546 3118 archwpwoopum
1552 3045 1758 3104 mensem

227 3099 324 3163 dictis
356 3099 526 3162 canonicis
562 3096 824 3160 artfertensibus
854 3095 1022 3174 tamquam
1761 3085 1769 3101 ‘

227 3195 424 3259 obedientiae
439 3196 518 3257 filiis
531 3196 653 3258 statuto
667 3195 809 3257 termino
822 3207 1022 3271 comperen·
1375 3165 1408 3224 ¹⁶
1419 3165 1482 3239 1⁰¹¹
1499 3165 1578 3224 12¹9·
1721 3263 1727 3268 .

227 3293 317 3356 tibus
340 3310 452 3357 coram
477 3291 537 3367 eis,
555 3309 595 3356 ac
622 3293 742 3369 gratia,
758 3292 835 3355 odio
850 3307 890 3353 ec
903 3289 1023 3354 timore
1102 3273 1220 3340 [neget.
1233 3273 1279 3324 ¹¹¹·
1290 3273 1334 3334 ¹¹¹·
1348 3271 1423 3337 ⁰1¹³·
1436 3271 1492 3324 ¹⁵¹²·
1503 3272 1560 3322 ¹¹⁸&
1572 3269 1854 3334 ceroferarios]

229 3393 435 3470 postpositis,
474 3393 666 3454 constanter
704 3389 929 3452 asserentibus
967 3403 1020 3460 se,
1107 3380 1224 3441 Mandat
1236 3388 1268 3438 ut
1282 3379 1317 3437 nd
1332 3377 1563 3437 reformationem
1576 3376 1739 3434 monasterii
1751 3377 1854 3434 sancti

229 3491 320 3551 nullo
344 3489 385 3552 de
408 3489 651 3566 congentilibns
676 3487 809 3560 omisso,
831 3487 1023 3564 saepefatum
1243 3467 1367 3542 ¹¹e¹1¹¹8¹¹
1382 3467 1532 3526 ¹¹0¹¹¹0¹¹⁸¹⁸
1547 3464 1712 3542 timidam·

229 3590 267 3648 (l.
287 3587 322 3647 in
341 3587 461 3665 majori
482 3585 679 3648 artfertensi
703 3585 844 3646 ecclesia
865 3584 1024 3645 canonice
1117 3579 1296 3648 Honorius,
1311 3573 1579 3648 etc.,venerabili
1594 3573 1729 3637 fratri...
1744 3574 1878 3636 archie-

228 3701 269 3748 ec
287 3685 496 3747 concorditer
517 3683 552 3744 in
573 3683 810 3745 Artiertensem
833 3681 1023 3758 episcopum
1078 3677 1375 3756 piscopoRemen.,
1388 3675 1540 3746 salutem,
1553 3673 1615 3734 etc.

229 3784 373 3860 elegisse
400 3804 408 3844 ι
437 3781 514 3860 ipsi,
543 3783 610 3844 tam
640 3781 681 3841 de
709 3779 889 3842 idoneitate
918 3779 1024 3855 ipsius
1118 3771 1342 3836 Officiinostri
1352 3771 1497 3833 debitum
1514 3767 1726 3832 laudabiliter
1737 3785 1881 3830 exerce-

230 3882 339 3954 electi,
363 3896 461 3958 quarn
495 3879 535 3940 de
563 3879 661 3940 modo
692 3877 866 3940 electionis
896 3877 930 3938 et
958 3875 1024 3937 eli·
1078 3888 1163 3944 mus,
1188 3873 1216 3932 si
1240 3871 1280 3932 ad
1308 3870 1576 3931 reformationem
1601 3867 1823 3929 ecclesiarum
1845 3867 1880 3928 in

230 3981 378 4054 gentium
403 3977 522 4040 studiis
544 3977 684 4039 veritate
708 3974 900 4052 diligentius
923 3973 1023 4036 inda·
1079 3969 1290 4049 quibuslima
1306 3969 1357 4028 est
1370 3967 1588 4028 correctionis
1604 3964 1805 4042 apostoncae
1819 3981 1881 4027 ne-

230 4080 331 4154 gata,
366 4093 441 4138 cum
465 4075 670 4136 invenissent
696 4074 890 4134 electionem
918 4071 1024 4148 ipsam
1079 4067 1237 4138 cessaria,
1252 4066 1374 4126 nostrae
1390 4063 1626 4128 sollicitudinis
1642 4062 1747 4124 aciem
1762 4063 1878 4124 inten-

230 4175 420 4237 nnanimem
435 4173 685 4242 etconcordem,
699 4169 821 4248 etquod
834 4169 1025 4232 exadversa
1079 4166 1303 4228 domnacum
1329 4163 1431 4239 igitur
1457 4160 1646 4239 frequentes
1661 4160 1701 4222 ad
1728 4175 1788 4220 nos
1808 4160 1881 4222 cla-

230 4275 324 4352 parte
339 4273 386 4334 nil
400 4270 562 4350 objectum
576 4269 704 4342 fuisset,
721 4268 807 4346 quod
829 4267 1024 4329 electionem
1079 4279 1189 4326 mores
1226 4259 1465 4339 pervenerint,
1508 4259 1595 4336 quod
1638 4258 1879 4320 monasterium

231 4373 378 4451 ejusdem
392 4368 543 4432 Giliberti
559 4366 720 4445 impedire
733 4366 869 4438 valeret,
891 4363 1024 4428 tandem
1080 4361 1193 4424 Sancti
1206 4359 1348 4435 Remigii
1364 4361 1500 4420 Reman.
1520 4357 1555 4417 in
1571 4355 1733 4434 plurimis,
1750 4371 1830 4433 qum
1844 4357 1879 4417 in

230 4473 305 4548 post
327 4467 569 4530 admonitiones
593 4468 627 4528 et
651 4465 826 4528 citationes
853 4463 966 4525 varias
985 4461 1025 4524 de
1080 4459 1326 4538 derogationem
1355 4458 1432 4517 sunt
1457 4454 1522 4516 loci
1537 4453 1685 4532 ejusdem
1704 4453 1737 4514 et
1760 4468 1881 4530 perso-

231 4568 308 4630 dicti
337 4565 500 4630 lobannis
533 4564 718 4626 intrusione
744 4578 784 4624 ac
817 4561 1024 4623 contumacia
1080 4573 1198 4619 narum
1213 4553 1335 4616 ibidem
1347 4553 1598 4616 consistentium
1625 4551 1667 4613 sit
1682 4550 1878 4628 collapsum,

232 4663 522 4735 certiores,etlecti
533 4661 729 4726 electionem
738 4661 844 4737 ipsius
859 4663 896 4722 G.
913 4660 1026 4736 utpote
1080 4657 1113 4718 id
1127 4655 1187 4716 sub
1200 4652 1464 4716 dissimulatione
1474 4649 1620 4712 transire
1638 4649 1804 4720 nolentes,
1822 4649 1879 4712 sed

232 4762 392 4826 canonice
405 4759 604 4822 celebratam
625 4759 822 4822 anctoritate
837 4757 1025 4834 Apostolica
1080 4753 1230 4816 volentes
1245 4766 1346 4827 super
1365 4763 1404 4810 eo
1424 4749 1534 4826 potius
1548 4747 1748 4824 apostolice
1762 4748 1879 4825 provi-

233 4859 495 4929 conflrmarunt,
539 4857 781 4932 possessionem
813 4854 1026 4916 Artfertensis
1081 4851 1185 4912 sionis
1200 4849 1332 4910 oculum
1347 4846 1494 4924 aperire,
1517 4845 1717 4908 fraternitati
1732 4845 1800 4908 triae
1822 4860 1879 4922 per

234 4959 443 5038 episcopatus
463 4955 690 5032 adjudicantes
705 4953 822 5015 eidem.
842 4953 1025 5029 Undepos-
1081 4947 1269 5026 apostolica
1288 4946 1413 5022 scripta
1428 4943 1634 5012 mandamus,
1655 4944 1824 5020 quatenus
1836 4942 1876 5003 ad

233 5056 421 5122 tulabante
450 5053 569 5126 nobis,
599 5055 635 5114 ut
658 5067 731 5113 curn
755 5051 1026 5127 metropolitanus
1081 5045 1230 5123 ejusdem
1270 5041 1463 5105 monasterii
1500 5041 1770 5103 reformationem
1807 5041 1878 5102 vice

234 5173 313 5219 suus
328 5154 392 5217 sibi
407 5167 527 5214 munus
555 5133 817 5213 consecrationis
837 5148 1027 5224 impendere
1083 5145 1196 5205 nostra
1218 5141 1432 5212 descendens,
1448 5138 1494 5200 ibi
1509 5143 1614 5201 Deum
1642 5137 1795 5199 babendo
1811 5153 1878 5214 pre

234 5269 300 5316 non
316 5251 451 5324 curarit,
475 5247 558 5310 illud
584 5247 615 5308 ei
640 5248 680 5308 de
703 5246 906 5322 benignitate
933 5245 1028 5306 Sedis
1083 5241 1200 5312 oculis,
1214 5239 1343 5300 sublato
1355 5237 1588 5316 appellationis
1603 5236 1787 5306 obstaculo,
1801 5251 1877 5297 cor-

233 5350 431 5430 Apostolicae
454 5345 645 5424 impendere
681 5345 905 5419 dignaremur.
937 5341 1029 5404 Licet
1083 5341 1174 5414 rigas
1203 5339 1237 5398 et
1262 5336 1445 5408 reformes,
1474 5351 1548 5412 quae
1585 5335 1806 5396 correctionis
1844 5334 1876 5395 et

234 5450 345 5513 autem
374 5445 534 5508 nominati
553 5443 682 5522 judices
705 5442 811 5520 ipsius
830 5441 955 5516 negotii
969 5455 1027 5500 se·
1083 5433 1446 5498 reformationisofiicio
1455 5431 1749 5509 viderisindigere.
1762 5433 1878 5494 Datum

235 5549 329 5614 riern,
352 5544 438 5606 sicut
465 5543 619 5620 superius
656 5543 708 5603 est
730 5555 936 5617 expressum,
971 5553 1030 5615 per
1085 5533 1199 5604 Reate,
1224 5534 1299 5594 XVI
1321 5531 1481 5592 kalendas
1505 5530 1651 5606 augusti,
1667 5528 1879 5606 pontificatus

234 5662 312 5710 suas
336 5643 432 5706 nobis
458 5641 586 5703 litteras
614 5638 810 5707 intimarint,
838 5653 898 5700 nos
919 5637 1029 5700 tamen
1085 5633 1190 5695 nostri
1205 5629 1417 5692 annotertio.
