3952 6350
282 295 346 356 ote
907 291 1080 354 lton‘ottu
1102 291 1147 354 lll
1170 293 1318 354 OPERA.
1741 303 1749 312 '
1858 297 1907 354 611

285 455 318 518 01
332 452 456 516 debiles
470 453 697 516 submittentes
712 465 771 530 per
783 453 971 529 hujusmodi
984 452 1077 513 trau·
1131 431 1352 528 providentes,
1365 452 1586 527 parochianos
1600 467 1678 512 suos
1695 451 1832 512 fideliter
1844 469 1908 512 mo-

286 550 396 612 dema
418 551 672 629 poenitentiariis
696 550 830 622 nostrin,
859 549 1076 611 absolutionis
1133 548 1480 624 neant.etprudenter
1493 544 1663 618 inducant,
1679 547 1765 607 ulad
1779 551 1908 608 nestram
1963 617 1964 622 .

285 647 338 710 vel
353 649 523 710 dilationis
538 649 666 710 litteras
679 648 904 722 reportarunt.
917 647 1076 708 Nonnulli
1133 646 1402 722 predicationem
1412 647 1623 714 conveniant,
1638 643 1801 705 etanohis
1812 644 1909 704 hurni-

285 747 386 808 etinm
403 746 511 818 abiis,
528 745 647 822 quibus
663 744 904 808 absolutionem
926 745 1077 805 crucesi-
1132 743 1209 804 liter
1230 744 1367 804 audiant
1381 741 1518 804 verbum
1538 741 1659 802 crucis.
1683 743 1799 802 Datum
1821 743 1908 801 Late-

286 843 460 922 gnatorum
482 843 717 913 commisimus,
743 843 796 902 vel
819 844 895 904 sunt
919 857 977 917 per
1002 841 1078 902 salsi
1132 841 1218 911 rani,
1233 840 1360 900 decimo
1374 855 1461 900 nono
1474 839 1542 900 kal.
1558 838 1651 908 sehr„
1669 853 1756 897 anno
1771 837 1886 912 quinto.

286 940 529 1015 suggestionem
545 937 686 1001 absoluti
702 955 722 1000 a
736 939 824 1011 vote,
841 939 893 999 vel
910 937 1078 1000 dilationis
1173 935 1911 1012 11011110111101111001101ιι1001Τ1101ι1-

287 1035 491 1098 commodum
508 1035 737 1112 impetrarunt,
755 1035 788 1096 in
806 1052 946 1112 quorum
967 1035 1079 1111 perni—
1133 1034 1272 1094 diacono
1288 1037 1454 1111 Bajocen.‚
1465 1037 1498 1094 et
1514 1037 1552 1094 H.
1568 1034 1819 1108 Rothomagen.,
1835 1035 1863 1092 et
1879 1037 1909 1092 d.

287 1133 413 1194 ciosum
433 1134 620 1210 exemplum
636 1133 730 1194 multi
747 1137 895 1210 potentes
911 1136 943 1193 et
959 1132 1078 1193 divites
1134 1130 1312 1192 Losorion.
1325 1131 1506 1191 canonicis.

286 1246 404 1292 causas
425 1229 617 1290 remanendi
642 1233 839 1308 quaerentes,
865 1229 918 1290 vel
946 1230 1080 1304 propter

286 1325 1080 1402 100010000110001010010000101001οιιο
1380 1384 1383 1390 ,
1419 1298 1639 1384 CLXXXVI

287 1423 429 1486 iretandi
466 1423 666 1484 desiderium
702 1423 833 1500 penitus
872 1423 1077 1496 amiserunt3
1174 1431 1226 1490 Aa
1237 1428 1518 1504 archiepiscopos,
1542 1433 1728 1504 episcopos,
1750 1429 1826 1499 etc„
1843 1431 1882 1489 aa

287 1521 367 1600 quin
389 1521 456 1582 imo
470 1521 701 1598 praedictorum
723 1521 897 1581 occasione
912 1519 1000 1580 circa
1018 1534 1079 1580 10-
1247 1541 1330 1599 quos
1344 1528 1471 1587 litterae
1487 1527 1563 1588 tstoe
1575 1527 1813 1599 pmenertnt.

287 1617 413 1696 gotium
426 1617 540 1678 Crucis
555 1616 732 1678 multorum
749 1616 956 1694 devotiojam
971 1616 1081 1691 tepes-
1431 1639 1464 1696 lt
1477 1639 1537 1711 jon.
1553 1639 1630 1696 litl.

286 1716 343 1786 cit,
367 1715 550 1792 praesertim
575 1731 649 1775 cum
672 1713 893 1788 crucesignati
914 1712 1079 1773 communi
1194 1743 1445 1809 [fflmfflkssabulae
1459 1743 1513 1794 orn.
1528 1745 1665 1800 nlenten„
1678 1743 1770 1808 pm,
1783 1743 1877 1808 nalo]

284 1809 430 1873 alimum
443 1810 516 1884 ¹93⁰
528 1811 720 1878 tractem*
738 1825 797 1870 ¹¹⁰⁰
808 1806 1027 1870 defendantur
1039 1809 1080 1869 ab
1135 1845 1338 1916 interpretatur
1352 1844 1582 1899 constitutionem
1596 1843 1801 1914 inostensam,
1815 1851 1843 1897 ut
1856 1841 1916 1897 ordi·

287 1907 436 1968 300¹⁰⁸i³
463 1908 561 1984 Juxta
587 1907 709 1967 statuta
735 1906 874 1968 C⁰fl⁰i¹s¹
899 1907 1078 1981 generali&
1171 1931 1395 1988 nisTheotonioi
1420 1931 1532 1988 novalia
1548 1936 1576 1987 et
1592 1932 1654 1987 0110
1670 1940 1766 1998 terrm,
1787 1943 1854 2002 0100
1869 1929 1914 1987 irs·

284 2007 321 2066 θῑ
341 2005 399 2065 ilii
421 2003 476 2080 qui
496 2021 570 2064 cum
595 2019 714 2078 mitem
735 2002 849 2063 l³b0s0
878 2003 913 2062 ifl
943 2001 1080 2062 i'ffl'huffl
1170 2029 1227 2077 tres
1250 2021 1370 2092 propriis
1386 2020 1517 2077 manibus
1539 2025 1586 2074 eut
1604 2017 1768 2091 sumptibus
1792 2018 1915 2083 excolant,

287 2101 489 2163 conveniunt
516 2100 552 2162 ut
574 2101 712 2188 audiani
735 2099 870 2160 verbum
898 2099 1017 2170 crucis,
1040 2097 1080 2160 de
1170 2123 1221 2164 sen
1240 2109 1406 2166 animalium
1421 2107 1483 2180 ejus
1498 2109 1668 2164 nutrimenta
1684 2105 1917 2162 mininiedeclmie

286 2197 445 2276 injunctis
460 2197 522 2257 sibi
538 2198 741 2273 poenitentiis
754 2195 993 2272 indulgentiam
1013 2195 1080 2256 ali·
1171 2205 1335 2254 onerentur.
1354 2197 1439 2255 lubet
1453 2197 1500 2268 011
1516 2197 1656 2252 violentas
1671 2209 1778 2251 manus
1792 2197 1819 2251 in
1832 2195 1916 2250 trans

287 2311 386 2373 quam
407 2311 472 2355 non
494 2291 674 2370 reportent.
699 2293 747 2354 Ad
772 2293 844 2356 haec
868 2307 968 2370 super
990 2291 1080 2353 aliud
1172 2285 1572 2358 injicientesoomnunteeu.

286 2391 559 2468 impedimentum
575 2391 711 2463 accedit,
728 2388 813 2469 quod
831 2389 1013 2466 presbyteri
1029 2391 1080 2450 vel
1177 2395 1342 2454 Honorius
1353 2395 1538 2470 episcopus,
1552 2393 1915 2460 servusservorumhei,

288 2488 405 2550 decani
431 2489 465 2548 in
481 2487 692 2548 convocando
717 2489 884 2564 populum,
901 2488 953 2547 vel
979 2503 1080 2547 exse·
1139 2491 1382 2552 venerabilibus
1419 2491 1577 2552 tratribus
1603 2490 1862 2566 archiepiscopis
1890 2489 1917 2548 et

288 2585 419 2664 quondo
434 2585 623 2645 mandatum
637 2583 870 2660 Apostolicum,
885 2601 943 2660 pro
954 2599 993 2646 eo
1007 2585 1082 2644 ino-
1136 2589 1300 2664 episcopis
1311 2591 1343 2649 et
1364 2589 1494 2650 dilectis
1510 2588 1588 2649 liliis
1604 2587 1791 2657 abbatibus,
1809 2586 1918 2662 priori·

289 2682 458 2744 bedientes
485 2683 538 2744 vel
563 2682 769 2756 negligentes
795 2682 959 2752 esistunt,
995 2681 1080 2759 quod
1136 2685 1208 2756 bus,
1225 2685 1481 2755 archidiaconis,
1512 2685 1647 2744 decanis
1675 2685 1708 2743 et
1727 2682 1917 2744 alliseccle·

289 2781 464 2843 coercendi
478 2779 609 2840 eosdem
628 2778 753 2839 nullam
769 2779 954 2854 accepistis,
973 2781 1008 2839 ut
1022 2792 1080 2838 ns·
1137 2783 1260 2842 siarum
1274 2783 1433 2858 praelatis,
1455 2781 1494 2841 ad
1512 2799 1593 2858 quos
1618 2781 1740 2841 litterae
1763 2781 1834 2841 istae
1856 2795 1920 2855 per-

290 2880 415 2949 serunt,
428 2877 634 2954 potestatem,
649 2877 763 2952 sicque
773 2877 942 2951 negotium
960 2876 1079 2946 crucis,
1136 2879 1298 2951 venerint,
1329 2881 1469 2940 salutem
1492 2882 1524 2940 et
1539 2877 1758 2955 apostolicam
1773 2877 1917 2938 benedic·

290 2974 376 3052 0101
388 2975 535 3036 dolentes
547 2973 731 3044 referimus,
744 2972 1083 3050 multipliciterimpe·
1135 2978 1272 3038 tionem.

290 3072 390 3133 ditur.
406 3072 475 3132 Nos
486 3071 588 3146 igitur
602 3070 642 3131 de
655 3073 774 3131 vestrae
789 3069 997 3132 rectitudinis
1011 3069 1082 3131 zelo
1177 3074 1370 3134 Audivimus
1399 3076 1432 3136 et
1457 3073 1632 3134 audientes
1660 3073 1774 3134 mirati
1808 3087 1917 3138 sumus,

290 3169 442 3246 gerentes
478 3168 633 3228 fiduciam
668 3168 861 3242 pleniorem,
890 3168 1082 3228 discretioni
1137 3171 1235 3246 quod,
1252 3187 1326 3231 curn
1343 3171 1472 3231 dilectis
1486 3171 1562 3230 tiliis
1578 3169 1739 3246 iratribus
1752 3168 1917 3246 Hospitalis

289 3267 410 3328 resirae
434 3280 493 3342 per
515 3264 703 3340 Apostolica
728 3265 849 3340 scripta
875 3265 1081 3332 mandamus,
1139 3269 1267 3330 Sanctae
1290 3267 1404 3328 Mariae
1433 3265 1714 3328 Tlrcutonicorum
1739 3265 1919 3339 Hierosoly-

291 3366 465 3441 quatenus,
487 3377 587 3438 quum
604 3361 752 3422 laborem
774 3365 860 3421 Deus
882 3362 1081 3431 remuneret,
1138 3365 1254 3425 mitani
1272 3365 1467 3426 'duxerimus
1491 3364 1744 3438 indulgendum,
1763 3366 1801 3424 ut
1822 3363 1859 3423 de
1879 3363 1920 3421 la-

292 3477 359 3522 101
385 3459 578 3537 protectum,
606 3459 789 3532 injunctum
817 3458 911 3518 vobis
938 3459 1082 3518 osticium
1138 3461 1283 3534 boribus,
1310 3474 1392 3539 0100
1409 3463 1553 3538 propriis
1576 3461 1734 3521 manibus
1749 3462 1806 3523 aut
1820 3475 1920 3536 sump-

293 3558 522 3633 exsequentes
532 3557 625 3632 juxta
635 3555 780 3631 priorum
789 3555 1024 3615 continentiam
1034 3556 1084 3616 lit·
1137 3559 1225 3620 tibus
1250 3559 1416 3629 excolunt,
1435 3557 1560 3618 nemini
1574 3557 1722 3620 decimas
1738 3557 1919 3618 001001010-

293 3657 450 3724 terarum,
468 3653 554 3723 lllos,
572 3653 627 3730 qui
643 3667 743 3729 quum
757 3653 823 3712 sint
835 3653 933 3714 utiles
947 3669 1085 3713 succur-
1140 3659 1292 3728 neantur,
1308 3657 1441 3733 qnidam
1462 3655 1504 3716 ab
1517 3657 1565 3715 eis
1581 3655 1802 3715 nihilominus
1818 3656 1918 3714 contra

292 3752 346 3814 sui
360 3751 621 3820 terraemotis,
637 3765 797 3825 suumque
809 3750 963 3826 prosequi
972 3751 1084 3810 votum
1140 3755 1387 3814 concessionem
1410 3754 1558 3813 nostram
1580 3753 1729 3813 decimas
1745 3753 1876 3828 exigere
1889 3763 1919 3808 eo

293 3851 431 3929 possint,
449 3863 510 3924 per
534 3845 723 3924 hujusmodi
746 3845 878 3907 1111100
900 3846 1084 3908 absolutio·
1138 3855 1338 3928 extorquere
1352 3853 1567 3927 presumunt,
1579 3852 1613 3912 et
1625 3865 1730 3926 prara
1746 3863 1787 3912 ao
1800 3849 1920 3910 sinistra

293 3963 380 4018 nem,
400 3945 453 4008 nel
477 3942 629 4006 inducias
654 3939 882 4019 impetrarunt,
913 3948 950 4005 ut
976 3946 1085 4005 crucis
1140 3949 1416 4025 interpretatione
1455 3947 1707 4024 privilegiorum
1747 3949 1920 4008 nostrornm

292 4043 464 4120 signaculo
482 4043 691 4118 reassumpto
711 4057 815 4118 usque
835 4041 875 4101 ad
900 4042 1084 4118 proximum
1140 4047 1332 4122 capitulum,
1343 4047 1581 4122 pervertentes,
1594 4046 1752 4106 asserunt
1762 4045 1802 4106 de
1814 4041 1921 4105 novali

293 4147 440 4203 mensem
453 4139 584 4214 angusti
599 4139 710 4199 votum
724 4141 968 4215 prosequentur
981 4140 1083 4199 emis·
1139 4144 1201 4204 bus
1212 4142 1333 4203 dehere
1345 4142 1499 4216 intelligi,
1514 4141 1570 4202 ubi
1584 4142 1623 4202 de
1637 4140 1810 4202 laboribus
1825 4138 1921 4200 nosci-

294 4237 572 4312 summonitione
587 4236 1087 4312 praemussperoensmamec
1139 4243 1194 4304 tur
1221 4253 1296 4301 esse
1317 4240 1487 4314 scriptum.
1503 4240 1665 4310 Qtroniam
1692 4239 1800 4314 igitur
1823 4236 1920 4298 mani-

294 4336 527 4405 clesiastioam,
542 4333 766 4410 appellatione
781 4333 975 4410 postposita,
995 4349 1086 4394 oom-
1140 4336 1258 4396 testum
1278 4334 1328 4395 est
1343 4333 1507 4403 omnibus,
1528 4335 1584 4408 qni
1602 4335 1695 4394 recte
1723 4329 1922 4409 000111111-

294 4434 442 4513 pellatis,
471 4431 719 4506 crucesignatos
750 4431 966 4492 nihilominus
988 4434 1085 4508 juxta
1140 4427 1922 4508 terpretatlonemhujusmodiperversamesseet

294 4534 416 4594 statuta
443 4529 523 4590 dicti
544 4527 683 4588 Concilii
705 4526 924 4598 defendendo,
948 4541 987 4588 ao
1010 4541 1086 4589 oon·
1141 4529 1323 4591 intellectui
1340 4541 1422 4588 0010
1436 4527 1650 4598 contrariam,
1666 4537 1744 4587 cum
1757 4525 1922 4588 secundom

294 4627 440 4691 cedendo
462 4626 539 4698 illis,
561 4625 617 4702 011
641 4624 681 4685 01
706 4627 850 4686 vestram
878 4625 1088 4701 praedicatio-
1141 4627 1320 4703 capitulum
1334 4625 1445 4684 illude
1468 4624 1632 4684 solutione
1649 4618 1852 4685 decimarum
1866 4623 1921 4680 tani

293 4731 371 4788 nem
384 4723 600 4785 convenerint
613 4721 784 4782 humiliter
796 4723 828 4783 et
843 4721 970 4794 devote,
994 4723 1085 4784 illam
1141 4725 1182 4786 10
1207 4725 1307 4785 terris
1329 4722 1408 4794 illis,
1438 4735 1520 4798 quas
1533 4721 1689 4782 duxerint
1704 4723 1758 4782 vel
1773 4715 1922 4781 deducunt

294 4839 368 4884 cum
384 4821 544 4883 modestia
564 4821 688 4882 tantum
703 4820 943 4894 indulgentiam
965 4833 1085 4894 pecca·
1141 4822 1183 4883 ad
1195 4822 1330 4890 cultum,
1345 4835 1442 4896 quam
1454 4819 1602 4880 detersis
1613 4819 1713 4880 011οι1
1726 4817 1836 4888 cultis,
1851 4827 1920 4891 guas

292 4923 413 4991 telum,
434 4933 532 4995 quam
556 4916 706 4977 videritis
725 4917 893 4993 expedire,
911 4917 957 4977 lta
976 4919 1086 4977 tamen
1142 4919 1284 4996 propriis
1306 4916 1460 4977 manibus
1489 4915 1541 4977 vel
1558 4915 1744 4992 sumptibus
1768 4909 1919 4976 excolunt,

295 5017 381 5095 quod
397 5015 602 5091 indulgentia
618 5013 690 5090 ipsa
705 5014 824 5088 viginti
837 5013 965 5074 dierum
976 5027 1088 5074 nume·
1141 5015 1238 5075 liberi
1260 5015 1327 5075 sint
1352 5013 1484 5090 penitus
1512 5014 1546 5073 01
1570 5012 1752 5083 immunes,
1783 5026 1824 5072 ne
1846 5007 1920 5068 ullus

293 5123 368 5177 rum
390 5127 456 5176 non
472 5111 622 5174 excedat.
646 5113 714 5171 Nos
729 5111 818 5170 enim
842 5109 1087 5171 venerabilibus
1141 5115 1257 5174 contra
1277 5127 1335 5172 eos
1362 5109 1535 5170 materiam
1558 5108 1701 5170 habebat
1716 5103 1917 5184 malignandi,

294 5211 452 5275 nubibus
472 5209 632 5270 nostris...
659 5209 910 5284 archiepiscopo
937 5211 1085 5280 Reman,
1143 5207 1352 5270 universitati
1383 5210 1502 5269 vestre
1518 5213 1578 5282 per
1599 5205 1792 5282 apostolica
1813 5203 1919 5276 scripta

294 5313 328 5374 et
346 5308 567 5384 suffraganeis
588 5309 671 5383 ejus,
702 5321 742 5366 ao
770 5305 846 5366 aliis
872 5306 1087 5366 ecclesiarum
1141 5307 1337 5368 mandamns
1372 5307 1470 5380 alque
1509 5301 1729 5380 precipimus,
1773 5303 1919 5380 quatenus

295 5407 441 5486 prteletis
453 5407 656 5482 peritomen.
672 5403 875 5480 provinciam
888 5404 1085 5475 constitutis,
1143 5403 1295 5466 omnibus
1337 5401 1552 5478 parochianis
1583 5402 1703 5462 vestris
1738 5395 1919 5461 auctoritate

290 5500 419 5566 11001110
432 5504 549 5564 damus
568 5501 688 5564 litteris
711 5501 745 5561 in
766 5489 942 5570 mandatis,
970 5503 1005 5562 ut
1029 5515 1088 5562 nos
1142 5497 1667 5576 1000101100010111οι·00110110,
1683 5510 1760 5558 nea
1777 5505 1918 5556 memora-

296 5601 494 5676 recipientes
507 5597 660 5672 benigne,
677 5613 716 5658 00
732 5596 824 5658 vobis
840 5597 873 5657 in
889 5597 1087 5658 necessariis
1143 5598 1185 5659 tis
1201 5594 1358 5657 iratribus
1372 5595 1411 5654 de
1429 5593 1603 5656 novalibus
1620 5595 1671 5656 vel
1683 5594 1723 5656 de
1737 5589 1915 5654 aliisterris.
