4066 6290
291 271 350 372 81t
913 275 1091 339 HONORII
1113 278 1159 338 111
1179 279 1327 341 OPERA.
1876 283 1932 343 812

294 435 470 512 privilegio
495 435 747 514 comprehensa,
763 435 919 498 studeant
942 435 1089 498 inviola-
1146 436 1274 511 damus,
1304 445 1467 516 quatenus
1498 440 1527 502 si
1557 439 1826 519 archiepiscopus
1850 439 1932 504 infra
2003 411 2004 420 ἶ

213 549 219 568 2
292 530 407 594 biliter
430 532 620 606 observare,
650 534 755 610 priori
781 549 842 596 suo
869 533 1090 611 impendendo
1143 534 1542 615 duosmenses,nprimae
1556 538 1724 601 citationis
1740 536 1857 612 edicto,
1872 555 1932 602 non

293 631 518 692 reverentiam
534 634 567 693 et
582 631 803 692 obedientiam
816 631 976 692 humilem
992 633 1025 693 et
1039 632 1092 693 de-
1145 632 1336 709 probarerit
1359 651 1406 708 se,
1430 635 1488 696 illo
1511 638 1660 713 tempore
1683 651 1747 714 quo
1769 652 1829 714 per
1848 639 1932 698 Her-

293 729 416 800 rotam,
438 729 485 790 ita
499 729 586 806 quod
602 729 729 792 clamor
744 729 783 790 de
798 730 946 806 ipsorum
962 729 1092 791 discor·
1145 729 1274 792 bertum
1294 731 1518 806 meditarium,
1539 733 1662 796 omisso
1687 735 1853 812 episcopo,
1878 735 1933 798 luit

293 823 360 887 dlis
374 826 416 888 ad
431 830 556 899 nostra,
573 828 742 911 ueletiam
763 827 905 888 aliorum
922 843 1033 899 aures,
1051 827 1091 889 da
1145 828 1347 905 appellatum
1361 831 1404 892 ad
1419 831 1540 909 ipsum,
1557 832 1662 894 titisse
1680 847 1740 910 per
1760 831 1863 894 alium
1877 849 1932 894 ac·

290 924 405 986 cetero
422 939 488 986 non
506 925 675 998 ascendat,
695 925 845 1002 quinimo
863 925 951 987 tama
962 941 1088 998 eorum,
1144 921 1214 986 tum
1229 926 1263 990 iu
1279 927 1374 1004 quasi
1393 929 1607 1004 possessione
1624 929 1807 1006 recipiendi
1821 930 1932 1008 appel-

293 1037 367 1100 quae
381 1031 440 1098 per
451 1022 642 1098 hujusmodi
657 1023 841 1085 discordias
852 1024 902 1084 est
912 1022 1090 1100 plurimum
1145 1023 1286 1086 tationes
1302 1041 1323 1086 a
1346 1025 1472 1088 decano
1487 1025 1528 1088 de
1542 1026 1747 1090 Bellomonte
1768 1026 1809 1088 ad
1829 1029 1933 1088 Turo-

293 1119 478 1194 denigrata,
500 1137 559 1197 per
575 1121 765 1182 eorumdem
788 1121 1013 1192 concordiam,
1036 1121 1092 1182 ni·
1145 1138 1282 1184 oensem
1292 1123 1591 1201 archiepiscopum,
1606 1125 1848 1186 cenomanensi
1858 1125 1935 1201 epis-

291 1219 399 1280 torem
412 1218 516 1295 possit
527 1219 676 1295 recipere
692 1219 1040 1296 consuetum,ipsique
1054 1219 1090 1279 in
1146 1235 1228 1298 copo
1258 1221 1494 1298 praetermisso,
1522 1220 1724 1284 denuntietis
1748 1221 1933 1298 praedictam

293 1317 474 1391 conspectu
495 1316 567 1388 Dei,
588 1317 621 1378 et
642 1316 815 1378 hominum
834 1316 967 1378 solitam
990 1317 1089 1378 inve·
1145 1318 1375 1395 suspensionis
1388 1318 1587 1382 sententiam
1601 1319 1727 1381 nuliam
1741 1319 1872 1396 penitus
1885 1335 1935 1379 en-

293 1412 368 1473 nire
386 1414 529 1488 gratiam
549 1416 754 1476 mereantur.
780 1417 884 1476 Porro
905 1415 935 1475 si
957 1412 1041 1476 sorte
1055 1414 1090 1476 in
1145 1415 1263 1487 titisse,
1287 1431 1419 1493 poenam
1436 1420 1573 1494 propter
1591 1415 1655 1478 boc
1674 1416 1740 1493 ipsi
1755 1416 1935 1491 archiepis-

293 1511 439 1586 oapituio
461 1512 535 1588 ipso
549 1513 722 1574 emerserit
741 1511 868 1589 aliquid
883 1511 1088 1588 quaestionis,
1145 1529 1227 1590 copo
1248 1513 1393 1576 debitam
1417 1517 1532 1576 nostro
1553 1514 1693 1576 arbitrio
1714 1515 1931 1576 reservantes.

292 1623 353 1668 vos
367 1607 399 1668 id
413 1609 611 1672 auctoritate
621 1611 736 1672 nostra
743 1611 840 1687 juxta
851 1611 974 1672 statuta
985 1609 1090 1686 ipsius
1145 1611 1236 1682 Quod
1258 1611 1287 1672 si
1307 1611 1347 1674 de
1368 1611 1430 1674 tali
1453 1614 1551 1690 quasi
1575 1613 1787 1692 possessione
1811 1611 1933 1672 consti-

294 1705 422 1766 ordinis
437 1705 637 1780 decidentes,
652 1708 739 1784 quod
754 1707 939 1769 statueritis
959 1706 1090 1768 faciatis
1143 1709 1233 1782 terit,
1263 1725 1324 1772 ros
1358 1708 1400 1772 do
1436 1709 1565 1772 meritis
1590 1710 1766 1772 sententiaa
1796 1723 1934 1784 cognos-

294 1803 435 1864 tirmiter
450 1802 633 1866 observari.
651 1804 742 1876 Quod
755 1805 784 1866 si
799 1820 866 1865 non
882 1819 1008 1876 omnes,
1025 1805 1088 1866 etc.
1144 1807 1274 1879 centes,
1310 1805 1340 1868 si
1377 1823 1452 1868 eam
1485 1805 1683 1870 inueneritis
1713 1807 1804 1883 juste
1840 1804 1934 1866 tuisse

292 1902 412 1962 Datum
434 1901 603 1974 Laterani,
619 1905 650 1964 11
670 1903 745 1964 idus
764 1901 856 1974 maii,
876 1901 1090 1980 pontificatus
1145 1903 1319 1980 prolatam.
1347 1903 1521 1981 pressatum
1547 1904 1739 1982 episcopum
1765 1901 1806 1964 ad
1835 1904 1934 1980 ipsum

293 1998 401 2060 nostri
415 2014 503 2061 anno
516 1999 643 2078 quinto.
1144 2001 1431 2079 archiepiscopum
1445 2001 1634 2070 remittatis,
1646 2015 1746 2078 poena
1759 1997 1871 2063 debita
1884 2015 1934 2077 pu-

1144 2099 1313 2161 niendum.
1323 2099 1446 2163 sivero
1457 2099 1616 2178 injustam
1626 2099 1730 2162 fuisse
1741 2098 1931 2170 constiterit,

527 2241 852 2331 GCCLXXXVHI
1144 2213 1275 2276 posnam
1296 2197 1362 2274 ipsi
1383 2197 1634 2276 archiepiscopo
1659 2196 1803 2260 debitam
1828 2197 1932 2257 nostro

1144 2295 1362 2358 nibilominus
1380 2295 1519 2358 arbitrio
1537 2295 1728 2358 reservetis.
1753 2295 1870 2356 Testes
1883 2309 1933 2354 au-

293 2387 345 2446 An
361 2386 506 2446 decanos
520 2385 776 2446 bituricensem
792 2385 827 2446 et
842 2386 1090 2448 carnuntensem
1144 2393 1220 2464 tem,
1242 2393 1304 2454 etc.
1331 2391 1424 2464 erod
1444 2393 1559 2455 sinon
1583 2407 1708 2465 omneS,
1732 2394 1795 2456 etc.
1822 2392 1932 2454 Datum

393 2480 428 2544 el
443 2483 675 2544 subdecanum
693 2485 989 2545 aurelianensem.
1144 2490 1312 2562 Laterani,
1338 2489 1448 2552 idibus
1471 2489 1563 2566 maii,
1591 2490 1804 2570 pontificatus
1837 2487 1931 2551 nostri
2003 2583 2004 2586 Ἴ

585 2612 795 2672 demaraten,
1144 2587 1373 2666 annoquinto.

298 2720 302 2734 '
315 2701 444 2792 tltegast..
456 2725 502 2778 lib.
514 2727 546 2790 V,
556 2727 632 2793 epist.
642 2727 697 2779 dit.
708 2727 765 2779 blss.
779 2728 816 2780 Le
827 2729 903 2780 Poste
916 2727 951 2780 du
962 2729 1056 2794 sueti]
1142 2761 1145 2768 ·

293 2842 421 2916 injungit
429 2844 481 2912 cis,
493 2849 524 2900 ut
536 2843 560 2900 si
571 2841 803 2916 archiepiscopus
815 2843 1000 2914 Turonensis,
1016 2841 1088 2901 inita
1396 2813 1682 2902 CCCLXXXIX

326 2931 398 2990 ‘¹⁰⁰⁸
409 2946 533 3001 m³⁰⁸0⁸²
543 2933 714 2990 &mmmmm
728 2931 869 2991 interdicti
879 2947 965 3004 ΨΜ]
978 2935 1007 2989 ῙΠ
1018 2933 1089 3006 ⁰9¹⁸·
1143 2955 1195 3016 Ad
1211 2957 1370 3032 priorem
1390 2959 1425 3018 et
1444 2957 1576 3032 fratres
1595 2955 1929 3018 orclzduncnlcnscs.

327 3035 431 3092 copum
458 3021 705 3080 cenomanensem
735 3021 846 3090 tulerat,
874 3023 1042 3080 canonicam
1061 3029 1090 3080 et

324 3109 431 3184 justam
447 3107 534 3169 luisse
543 3123 600 3166 non
612 3109 784 3182 probaverit,
797 3109 903 3168 dictam
916 3111 1088 3170 sententiam
1437 3080 1470 3137 ¹⁷
1485 3079 1553 3136 ”³³⁵¹
1567 3079 1646 3135 ¹²²¹·

327 3199 435 3255 irritam
450 3198 643 3270 pronuntient,
1165 3193 1286 3258 [Regem
1301 3193 1346 3246 lib.
1358 3194 1389 3254 V,
1404 3193 1477 3260 epist.
1488 3192 1543 3243 638.
1555 3194 1613 3244 llss.
1628 3193 1664 3244 La
1674 3193 1751 3244 Porto
1763 3191 1798 3242 du
1812 3191 1902 3252 Theti]

330 3323 509 3395 Honorius,
525 3326 600 3394 eto,
613 3322 744 3386 dilectis
755 3323 834 3386 tiliis
844 3325 1043 3389 Biturioensi
1056 3327 1089 3388 et
1144 3307 1277 3382 Ῑῦἀΰῑὲθῑ
1291 3309 1334 3367 θῑθ
1350 3324 1387 3410 Πβ
1397 3308 1466 3410 fidi»
1483 3323 1537 3410 ¹¹.oe
1553 3309 1601 3366 ⁰¹1¹
1619 3307 1721 3410 still&
1735 3307 1845 3366 0Γῦῑῦῑῦ
1858 3306 1927 3408 Ῑῐξθθ·

292 3419 489 3482 carnotensi
513 3420 647 3482 decanis
669 3423 702 3483 et
725 3421 913 3485 subdecano
927 3423 1086 3488 Aurelia·
1178 3411 1240 3454 ‘⁰¹¹¹
1257 3412 1404 3455 ⁰⁰¹¹Ve¹¹¹f¹
1430 3405 1539 3470 p⁰⁸⁸¹¹¹²
1557 3413 1608 3470 ΡΗ
1630 3398 1740 3456 mm
1757 3397 1928 3468 Ap⁰⁸¹⁰¹¹⁰³⁸
2003 3425 2004 3490 t

291 3517 400 3581 nansi·
1177 3486 1233 3544 nisi
1247 3485 1283 3542 de
1297 3485 1397 3544 ordine
1412 3487 1474 3559 ipso
1489 3485 1609 3544 iecerint
1623 3487 1812 3544 montionem.

330 3614 523 3679 Venerabili
558 3615 661 3678 tratre
702 3619 816 3679 nostro
820 3661 881 3678 .....
923 3621 1088 3680 cenoma—
1183 3611 1361 3683 Honorius,
1378 3613 1454 3686 etc,
1471 3611 1601 3674 dilectis
1614 3611 1693 3673 tiliis
1709 3611 1815 3689 priori
1830 3611 1862 3674 et
1875 3609 1930 3671 sra-

290 3729 394 3775 nense
420 3714 587 3791 episcopo,
614 3715 648 3776 et
677 3715 799 3776 dilecto
828 3715 896 3777 tilio
925 3717 1087 3778 Herherto
1143 3708 1628 3772 tribusGrandimontensibus·

290 3808 478 3870 'furonensi
494 3809 666 3877 canonico,
683 3811 898 3887 procuratore
909 3810 1088 3873 venerabi·
1183 3809 1233 3868 Ex
1247 3810 1341 3884 parte
1357 3809 1469 3869 vestra
1484 3806 1547 3868 fuit
1563 3807 1659 3868 nobis
1677 3806 1849 3868 humiliter
1863 3821 1929 3882 sup
2003 3825 2004 3856 r

291 3907 333 3967 lis
351 3905 464 3968 fratris
483 3907 592 3968 nostri
609 3909 813 3970 Turonensis
831 3908 1085 3986 archiepiscopi,
1142 3904 1311 3981 plicatum,
1325 3906 1362 3966 ut
1375 3920 1450 3965 cum
1464 3904 1557 3966 multi
1569 3920 1629 3980 per
1640 3904 1833 3981 generalem
1845 3904 1929 3964 clau-

290 4003 326 4066 in
341 4006 455 4066 nostra
468 4005 647 4080 praesentia
662 4005 861 4079 constitutis,
873 4021 932 4082 pro
946 4007 1087 4083 quadam
1142 4001 1261 4074 sulam,
1274 4017 1347 4079 quae
1362 4001 1483 4063 litteris
1498 4001 1621 4063 nostris
1636 4001 1741 4062 inseri
1752 3999 1925 4068 consuerit,

289 4101 519 4176 suspensionis
534 4101 699 4162 sententia
714 4100 748 4162 in
764 4103 939 4178 praelatum
952 4104 1086 4180 episco·
1141 4115 1200 4161 vos
1213 4099 1338 4160 iaciant
1357 4098 1523 4160 malitioso
1542 4098 1651 4172 citari,
1669 4099 1738 4160 uta
1753 4096 1859 4170 robis,
1875 4111 1925 4158 re·
2003 4171 2004 4174 Ἴ

290 4213 368 4278 pum
386 4197 427 4258 ab
452 4197 570 4259 eodem
590 4197 843 4276 archiepiscopo
865 4200 1084 4276 promulgato,
1141 4195 1342 4257 dimentibus
1356 4196 1528 4258 molestias
1539 4196 1648 4257 litium
1659 4195 1798 4258 valeant
1810 4193 1926 4271 aliquid
2003 4245 2004 4258 .

288 4312 350 4358 nos
379 4296 502 4358 auditis
527 4297 561 4358 et
587 4296 777 4368 intellectis,
804 4313 878 4374 quae
903 4313 1003 4374 super
1023 4298 1087 4358 boc
1141 4298 1357 4370 extorquere3
1374 4295 1491 4356 contra
1506 4293 1654 4370 ipsorum
1664 4290 1926 4355 malitiamrobis
2003 4303 2004 4352 3

288 4393 424 4458 luerunt
443 4393 484 4454 ab
499 4393 549 4456 eis
565 4394 734 4470 proposita
758 4409 870 4459 coram
887 4395 993 4468 nobis,
1008 4395 1087 4474 quia
1140 4392 1174 4454 et
1201 4391 1310 4453 ordini
1339 4393 1451 4454 uestro
1476 4391 1651 4468 providere
1675 4389 1926 4454 misericorditer
2003 4437 2004 4448 .

287 4493 399 4568 partes
410 4487 652 4553 dissentiebant
662 4491 697 4552 in
710 4491 808 4565 iacto,
822 4493 868 4554 ita
879 4493 966 4570 quod
977 4493 1086 4556 deillc
1140 4489 1364 4564 dignaremur.
1388 4489 1546 4552 Volentes
1573 4488 1677 4564 igitur
1700 4489 1847 4565 ipsorum
1870 4485 1925 4548 ob·
2003 4467 2004 4548 l

287 4589 385 4668 plone
395 4589 548 4650 constare
558 4605 625 4651 non
637 4590 753 4668 potuit,
766 4591 968 4652 sententiam
977 4591 1084 4668 ipsam
1138 4587 1233 4648 viare
1247 4587 1395 4658 malitiae,
1410 4601 1450 4648 ao
1464 4589 1586 4648 vestrae
1601 4586 1704 4662 quieti
1717 4587 1855 4662 paterna
1866 4583 1925 4644 sol-

286 4687 327 4748 de
338 4687 448 4762 gratia
460 4687 651 4748 relaxamus
665 4687 706 4748 ad
720 4688 896 4761 cautelam,
910 4689 982 4764 ipso
996 4689 1086 4765 epis·
1139 4683 1312 4746 licitudine
1326 4683 1512 4760 providere,
1530 4684 1728 4745 auctoritate
1740 4683 1832 4746 vobis
1846 4695 1925 4759 prae-
2003 4709 2004 4742 t

286 4799 368 4860 copo
384 4782 419 4842 in
438 4783 614 4859 praesentia
636 4784 716 4845 dicti
737 4784 964 4860 procuratoris
979 4799 1086 4860 praes-
1139 4781 1283 4844 santium
1305 4781 1526 4857 indulgemus
1554 4781 1589 4843 ut
1612 4797 1674 4842 neo
1697 4797 1771 4854 voa,
1794 4795 1854 4842 nec
1871 4775 1922 4838 alii
2003 4829 2004 4868 ,

285 4869 377 4946 tante
387 4879 839 4958 corporaliterjuramentum
852 4881 940 4959 quod
954 4877 1102 4958 parebit'
1139 4879 1258 4940 tratres
1273 4879 1399 4940 ordinis
1414 4877 1514 4940 vestri
1531 4879 1705 4940 conveniri
1724 4877 1857 4956 possitis
1871 4889 1923 4952 per
2003 4911 2004 4924 ,

284 4977 463 5050 mandatis,
498 4993 571 5056 quae
600 4977 688 5040 idem
716 4979 988 5057 archiepiscopus
1016 4979 1080 5040 sibi
1138 4976 1266 5039 litteras
1280 4977 1499 5054 apostolicas,
1516 4975 1582 5036 nisi
1598 4976 1638 5038 de
1653 4976 1770 5038 ordine
1793 4971 1889 5052 ipsos
1905 5002 1921 5014 -
2003 4979 2004 5064 l

285 5080 420 5160 propter
446 5076 509 5137 boo
533 5075 659 5148 iecerit,
691 5078 720 5140 si
756 5077 943 5140 constiterit
974 5077 1084 5154 ipsum
1138 5074 1245 5136 corint
1263 5075 1476 5135 mentionem.
1497 5073 1590 5135 Nulli
1609 5090 1700 5150 ergo,
1723 5073 1921 5136 etoNostrae
2003 5079 2004 5158 j

284 5175 477 5252 episcopum
490 5173 525 5234 in
539 5189 590 5245 eo,
608 5190 748 5252 proquo
765 5174 829 5236 suit
843 5174 911 5235 lata
925 5175 1084 5252 praedicta
1138 5172 1362 5234 concessionis
1381 5171 1574 5246 intringere.
1593 5171 1628 5234 si
1643 5171 1716 5249 qius
1732 5177 1849 5242 autem,
1865 5168 1918 5228 eto.
2003 5239 2004 5250 ἵ

285 5273 449 5336 sententia
463 5271 661 5348 culpabilem
677 5273 840 5335 extitisse.
857 5271 999 5350 ideoque
1013 5273 1084 5334 dis·
1138 5272 1256 5332 Datum
1272 5268 1440 5341 Laterani,
1456 5270 1530 5330 XVI
1543 5269 1704 5331 kalendas
1713 5269 1811 5348 junii,
1824 5263 1920 5346 ponti·

284 5369 426 5464 crationi
439 5372 557 5432 restrae
573 5385 633 5450 per
643 5371 835 5450 Apostolica
849 5369 973 5448 scripta
988 5386 1084 5432 man·
1138 5367 1256 5432 ecatus
1271 5367 1377 5430 nostri
1392 5382 1480 5429 anno
1496 5367 1621 5446 quinto.
