3952 6350
300 297 357 360 1111
920 317 1098 384 HONORII
1120 322 1162 384 111
1186 325 1337 390 OPERA.
1873 351 1919 414 cle

301 461 405 524 nostri
430 461 526 528 bonae
551 469 720 532 memoriae
743 471 864 535 Leonis
883 490 977 554 pape
991 478 1098 554 11111-
1151 483 1553 565 666161116161166161161
1569 491 1800 562 confirmamus
1815 505 1920 582 etprm
1960 577 1961 580 ,

301 553 390 630 legio
410 561 610 624 continetur.
627 564 664 624 ln
679 565 823 641 ligandis
838 585 929 643 vero,
947 571 1017 634 sive
1029 574 1098 636 sol·
1152 582 1255 644 sentis
1264 585 1380 662 scripti
1393 585 1579 664 patrocinio
1590 598 1834 660 communimus.
1845 603 1919 668 Nulli

265 692 281 720 f
298 654 416 716 vendis
432 657 523 731 viris,
551 660 584 722 et
609 661 806 725 mulieribus
829 666 877 728 tui
893 668 1020 732 ordinis
1036 670 1097 734 tibi
1151 693 1231 754 ergo
1242 683 1378 744 omnino
1393 683 1563 748 hominum
1577 689 1678 752 liceat
1689 692 1775 756 banc
1788 699 1918 774 paginam

300 751 453 826 subditis,
484 771 557 818 eam
595 761 791 834 potestatem
829 763 965 840 babeas,
997 783 1095 844 quam
1152 778 1275 840 nostrae
1288 780 1918 864 continuationisintringerereleiausu

209 911 212 922 ,
296 850 559 924 praedecessores
592 856 686 918 tuia
717 859 800 920 Sede
822 863 1012 936 apostolica
1035 865 1098 927 ba·
1150 872 1328 938 temerario
1343 880 1528 956 contrair03
1545 885 1574 943 si
1590 885 1665 960 quis
1680 889 1859 954 autemboc
1878 899 1918 957 at-

296 944 408 1010 buisse
436 955 628 1016 noscuntur.
659 955 842 1019 Monacbos
875 975 956 1022 sero
990 963 1096 1040 ipsius
1149 968 1280 1034 tentare
1303 979 1565 1054 presumpserit,
1593 980 1848 1059 indignationem
1864 1007 1919 1054 om-

298 1050 567 1124 congregationis
583 1052 695 1114 nullus
708 1055 822 1116 contra
846 1058 995 1132 regulam
1010 1061 1095 1124 reti·
1151 1066 1331 1144 nipotentis
1353 1073 1412 1134 Dei
1433 1076 1465 1136 et
1484 1074 1656 1140 beatorum
1676 1083 1768 1145 Petri
1786 1085 1818 1146 et
1833 1089 1918 1160 Pauli,

296 1157 376 1204 nere
393 1151 584 1222 praesumat.
603 1150 768 1227 Quidquid
788 1153 888 1214 etiam
904 1155 1097 1220 immunita·
1150 1166 1376 1238 apostolorum
1403 1172 1474 1248 ejus
1499 1187 1535 1233 se
1561 1177 1694 1240 noverit
1718 1180 1917 1246 incursurum.

294 1241 349 1314 tis,
366 1244 400 1304 et
413 1243 576 1310 libertatis
587 1265 647 1311 seu
664 1249 837 1325 dignitatis
852 1253 919 1314 tarn
932 1253 967 1313 in
983 1271 1097 1332 supra·
1150 1262 1269 1323 Datum
1284 1265 1453 1340 Laterani,
1465 1270 1526 1330 XV
1539 1271 1674 1336 kalend.
1686 1278 1841 1354 januarii,
1855 1297 1919 1356 pon-

296 1339 404 1412 dictis,
429 1355 527 1420 quam
546 1346 582 1406 in
601 1348 677 1410 aliis
702 1363 723 1410 a
744 1349 903 1412 Romanis
924 1352 1095 1427 pontilici-
1150 1355 1297 1422 tilicatus
1310 1365 1417 1425 nostri
1430 1379 1518 1428 anno
1531 1369 1659 1445 quium

294 1435 356 1499 bus
376 1439 447 1500 sive
466 1456 486 1502 a
506 1443 640 1520 regibus
672 1446 780 1510 eidem
807 1448 992 1510 venerabili
1022 1449 1095 1513 loco

293 1536 539 1602 rationabiliter
571 1557 764 1606 concessum
798 1547 866 1618 est,
896 1547 930 1610 et
961 1547 1095 1626 scriptis
1462 1525 1636 1617 CXLVII

295 1649 409 1696 eorum
433 1636 609 1713 firmatum,
630 1657 692 1704 mos
712 1661 843 1722 quoque
868 1644 1092 1722 concedimus,
1188 1643 1241 1706 Ad
1271 1647 1429 1720 1111010111
1463 1650 1498 1710 61
1523 1653 1732 1716 minimum
1758 1663 1891 1722 mm

294 1733 328 1792 et
342 1736 516 1808 praesentis
537 1738 652 1816 scripti
666 1742 788 1816 pagina
804 1741 1011 1806 roboramus.
1025 1745 1094 1806 De·
1406 1747 1681 1814 Gallinariam·

293 1831 651 1910 cernimusergo,etc.,
667 1853 775 1913 usque
789 1839 972 1916 protutura.
989 1843 1092 1906 salve
1302 1875 1307 1886 ¹
1398 1858 1433 1916 11
1452 1857 1584 1918 decemb.
1601 1865 1680 1923 tm.
1960 1893 1961 1932 r

293 1927 390 1990 Sedis
404 1931 602 2006 Apostolicee
616 1934 814 1999 auctoritate
832 1938 867 2000 in
881 1939 1093 2002 dioecesano·
1187 1958 1335 2024 maynardi,
1346 1961 1438 2014 lund.
1449 1965 1594 2018 nabent.
1604 1967 1893 2042 messalianus]
1960 2011 1961 2018 ,

288 2040 366 2086 rum
378 2027 609 2105 OPiSOOPOPum
627 2033 789 2096 ⁰³11⁰¹¹i⁰³
802 2035 946 2111 justitias
962 2039 998 2100 in
1012 2054 1090 2100 ⁰¹1¹·
1149 2067 1282 2125 necernir
1306 2069 1517 2144 indulgentiam
1535 2075 1726 2151 quadraginta
1747 2081 1850 2138 dierum
1864 2098 1917 2140 cone

289 2122 843 2206 mihuseoelesiisadsupradictum
854 2136 1092 2198 monasterium
1184 2161 1806 2227 cessamconvcnientibusedtranslationem
1815 2175 1917 2244 corporis

290 2222 549 2298 pertinentibus.
567 2226 602 2285 Si
620 2228 796 2302 quaigitur
807 2229 843 2291 in
856 2230 1015 2304 iliturum,
1028 2235 1090 2296 etc.
1182 2246 1275 2304 sancti
1296 2245 1414 2304 'ibone
1433 2251 1647 2312 cantuariensis
1669 2259 1813 2330 perpetuis
1830 2265 1917 2332 tempo·

291 2319 429 2380 Cunctis
440 2321 562 2390 autem,
573 2323 637 2384 etc.
648 2325 767 2387 Datum
779 2327 946 2400 Laterani,
957 2347 1017 2407 per
1027 2345 1093 2392 ma·
1182 2332 1261 2392 ribus
1275 2336 1436 2396 valituram.
1960 2345 1961 2354 ’

297 2431 377 2476 mum
407 2417 587 2492 (inillelmi,
611 2423 736 2483 sanctae
757 2425 914 2487 Romanae
936 2428 1093 2490 Ecclesia
1187 2443 1915 2528 Honoriuaapisoopus,servussarmorumbei,
1960 2477 1961 2480 ¹

300 2513 581 2588 vicecancellarii,
600 2519 659 2580 XV
679 2518 841 2582 kalendas
857 2525 1018 2600 januam,
1039 2525 1094 2588 in·
1148 2539 1278 2602 crisces
1302 2542 1392 2616 orris,
1416 2547 1521 2622 priori
1541 2549 1574 2610 er
1595 2553 1777 2614 conventus
1795 2554 1918 2615 eorem
1960 2621 1961 2630 ,

298 2609 446 2672 dictione
458 2615 546 2686 XIX,
559 2616 802 2680 incarnationis
812 2621 992 2683 Dominicae
1005 2637 1093 2686 anno
1148 2640 1414 2714 cantuariensis,
1432 2645 1585 2707 saputem,
1960 2647 1961 2684 l

297 2710 453 2782 dccxx,
475 2711 687 2788 pontificatus
708 2731 787 2778 vero
806 2717 932 2780 domini
953 2722 1094 2784 nonoris
1188 2737 1916 2820 cum,sicutvonrsrsressubusinstrenuus,
1960 2733 1961 2798 i

297 2823 392 2892 Pali&
407 2810 452 2870 ῙῙῙ
466 2823 556 2872 anno
570 2811 698 2888 aarum.
1149 2833 1403 2913 archiepiscopi,
1424 2840 1458 2900 et
1479 2840 1637 2918 episcopi,
1662 2844 1721 2921 qui
1744 2861 1787 2906 ex
1804 2845 1917 2906 disemis
1960 2835 1961 2928 1

1149 2931 1231 2992 16616
1246 2932 1288 2994 ad
1303 2934 1556 2998 translationem
1572 2942 1724 3016 corporis
1739 2942 1840 3019 ipsius
1850 2958 1919 3002 mar·

618 3017 773 3108 CXLV]
1149 3029 1232 3105 tyris
1245 3036 1482 3106 convenerunt,
1495 3037 1681 3097 accessuris
1695 3037 1782 3101 inira
1796 3040 1918 3116 quintum
1960 3041 1961 3122 1

298 3141 351 3200 Λα
372 3141 603 3214 111131011111111
627 3144 661 3205 ,p
688 3147 869 3208 0110111101
895 3148 930 3209 S·
948 3149 1092 3211 mm
1149 3124 1312 3187 decimum
1324 3127 1410 3190 diem
1425 3129 1467 3191 ad
1485 3132 1732 3195 solemnitatem
1746 3135 1917 3198 translatio·
1960 3139 1961 3204 ἲ

556 3255 589 3312 ¹8
607 3253 738 3314 decemb.
761 3258 831 3318 ¹220
1150 3223 1202 3283 nis
1217 3223 1376 3300 ejusdem,
1397 3225 1517 3304 quibus
1537 3245 1597 3290 nos
1614 3230 1679 3308 ipsi
1696 3232 1768 3294 dies
1783 3231 1920 3295 relaxari·

833 3303 839 3316 '
1150 3321 1916 3406 111611611611116161111161166161611161116,

1150 3416 1301 3478 diversas
1326 3421 1543 3484 remissiones
1574 3423 1734 3488 duxerint
1760 3425 1917 3494 iaciendas,
1960 3425 1961 3518 1

1149 3515 1269 3576 vestris
1298 3531 1360 3578 nos
1384 3517 1538 3594 precibus
1557 3519 1725 3594 inclinati,
1749 3523 1828 3600 quod
1842 3534 1919 3598 super
1960 3519 1961 3606 1

1151 3609 1214 3673 hoc
1228 3627 1247 3672 a
1263 3613 1370 3686 nobis,
1386 3617 1421 3676 et
1435 3615 1518 3692 ipsis
1533 3617 1716 3682 factumest
1725 3619 1918 3688 deceruimus,

1151 3709 1258 3786 quoad
1275 3712 1374 3771 unius
1387 3715 1479 3785 anni,
1496 3715 1529 3776 et
1543 3716 1780 3790 praedictorum
1803 3715 1919 3794 quadra-
1960 3797 1961 3808 1

1151 3807 1243 3880 ginta
1269 3807 1399 3869 dierum
1419 3811 1661 3885 remissionem,
1674 3814 1840 3892 perpetuis
1855 3815 1920 3874 ten·
1960 3845 1961 3908 1

1152 3903 1288 3980 poribus
1301 3906 1490 3968 valituram.
1507 3911 1625 3971 Datum
1641 3911 1809 3984 Laterani,
1819 3907 1919 3971 XVlm·
1960 3943 1961 3972 1

424 3368 562 3434 [saeuam
572 3369 634 3422 cos.
646 3370 751 3436 diplom.
765 3359 919 3436 sudam,
934 3375 971 3440 s]

301 3467 358 3524 Sub
371 3466 446 3524 beati
460 3467 534 3525 Petri
557 3476 585 3525 et
606 3474 658 3526 sue
679 3473 852 3542 protectione
873 3474 993 3546 suscipit
1007 3489 1094 3532 ceno·

341 3555 422 3613 nicos
437 3563 465 3612 et
477 3554 553 3614 bona
566 3557 696 3614 ecclesia
709 3560 737 3616 S.
754 3559 871 3617 Thema
886 3561 914 3618 in
928 3561 1054 3636 Leipzig.

340 3674 507 3734 Honorius
518 3674 704 3753 episcopus,
715 3691 831 3739 servus
840 3693 1012 3742 servorum
1022 3681 1093 3752 Dei,

301 3770 432 3833 dilectis
461 3771 539 3833 tiliis
573 3775 611 3833 V.
646 3773 824 3850 preposito
863 3777 896 3837 et
926 3777 1096 3840 canonicis

238 3902 239 3913 ,
302 3869 416 3931 Sancti
445 3869 580 3931 Thomas
595 3871 630 3931 in
659 3872 804 3948 Leipzig,
833 3874 961 3936 ordinis
984 3877 1097 3936 Sancti

301 3967 489 4044 Augustini,
507 3968 659 4040 salum
674 3971 737 4032 ⁰²⁰·
1151 4000 1267 4062 lendes
1292 4003 1460 4079 januarii,
1487 4005 1701 4082 pontificatus
1727 4007 1828 4070 nostri
1852 4017 1919 4066 anuo
1960 3999 1961 4086 }

343 4067 563 4126 sacrosancta
582 4069 732 4128 Romana
754 4067 902 4130 Ecclesia
918 4069 1053 4132 devotos
1065 4071 1098 4132 et
1153 4096 1278 4173 quinto,
1960 4093 1961 4120 l

301 4162 445 4224 humiles
470 4162 556 4224 tilios
585 4179 629 4226 ex
656 4165 798 4228 assuete
824 4166 956 4243 pietatis
987 4167 1098 4229 officio
1454 4206 1648 4295 CXLVIII

303 4261 501 4338 propensius
513 4261 655 4337 diligere
669 4262 852 4334 cousuevit,
864 4265 907 4336 61,
919 4279 1097 4340 nepravo-

303 4372 377 4418 rum
399 4359 570 4420 hominum
588 4358 749 4420 molestiis
761 4359 929 4436 agitentur
940 4377 1009 4434 ece,
1023 4363 1099 4425 tan-
1153 4337 1206 4396 11
1221 4339 1332 4398 30161
1332 4338 1407 4400 tum
1425 4341 1716 4414 vesprimiensem
1742 4344 1919 4419 episcopam.
1960 4343 1961 4404 l

305 4471 404 4534 quam
416 4456 470 4532 pia
486 4457 593 4518 mater
605 4473 673 4518 suae
686 4457 901 4534 protectionis
917 4460 1099 4520 munimine
1415 4453 1449 4509 ¹⁸
1464 4451 1593 4512 ffsscefflb·
1609 4455 1689 4514 ¹²2⁰·
1960 4529 1961 4558 1

306 4552 494 4615 confovere.
528 4556 721 4630 Eapropter,
760 4554 872 4616 dilecti
899 4556 934 4616 in
960 4557 1099 4618 Domino
1272 4551 1400 4616 [resine.
1413 4553 1526 4603 nonum.
1539 4553 1659 4619 donges..
1670 4555 1690 4614 1,
1703 4556 1744 4617 ²⁰,
1757 4571 1783 4606 a.
1793 4553 1842 4618 m]
1958 4595 1961 4632 2

306 4650 378 4723 tilii,
407 4650 528 4712 vestris
555 4652 657 4728 justis
693 4651 972 4729 postulationibus
1005 4657 1100 4730 grato
1243 4651 1284 4708 be
1300 4650 1364 4724 jnre
1383 4652 1502 4724 reginas
1516 4654 1672 4726 ilungarim
1693 4653 1853 4714 6616116111.

184 4806 186 4810 .
305 4751 540 4810 concurrentes
564 4763 714 4820 assensu,
735 4765 896 4826 personas
920 4751 1101 4814 vestras'el
1194 4758 1361 4820 Honorius
1381 4759 1567 4836 episcopus,
1588 4763 1664 4833 etc,
1678 4759 1853 4824 venerabili
1869 4754 1961 4816 tra-³

306 4847 427 4918 locum,
445 4846 479 4907 in
495 4862 559 4924 quo
574 4846 688 4908 divino
702 4847 784 4909 estis
795 4846 953 4925 obsequio
968 4849 1100 4910 manci·
1154 4855 1235 4916 tri...
1248 4856 1489 4932 vesprimiensi
1504 4859 1670 4934 episcopo,
1690 4859 1836 4926 salutern,
1848 4855 1896 4914 etc.
1960 4857 1961 4866 ³

305 4946 385 5022 pati,
403 4961 477 5006 cum
493 4943 646 5005 omnibus
660 4943 757 5006 bonis
773 4961 846 5021 quae
859 4945 894 5006 in
905 4947 1102 5022 praesentia-
1196 4953 1323 5028 anue
1334 4953 1705 5031 concordiareljudicio
1715 4951 1915 5052 terminantur.
1960 4999 1961 5006 ,

305 5059 379 5104 rum
394 5041 641 5104 rationabiliter
666 5041 813 5116 possidet
831 5044 890 5103 aut
905 5043 939 5102 in
954 5041 1101 5106 futurum
1156 5047 1252 5110 ilrma
1267 5048 1386 5112 debent
1400 5051 1433 5112 et
1449 5049 1577 5114 illibata
1592 5051 1784 5122 consistere,
1802 5051 1832 5110 et
1845 5060 1879 5108 ne
1892 5055 1918 5102 ln

226 5167 228 5170 ·
302 5140 403 5218 justis
418 5139 535 5210 modis,
550 5140 728 5216 praestante
741 5139 891 5211 Domino,
902 5140 1025 5216 poterit
1034 5139 1102 5201 adi·
1156 5144 1311 5207 recidivae
1333 5147 1563 5210 conventionis
1584 5149 1776 5226 scrupulum
1789 5142 1917 5208 relaban-
1960 5147 1961 5152 ’

307 5238 401 5316 pisci,
418 5237 478 5298 sub
498 5237 587 5299 beati
607 5236 698 5298 Petri
712 5237 746 5298 et
767 5237 878 5297 nostra
898 5237 1104 5314 protectione
1156 5243 1222 5314 tur,
1237 5243 1427 5320 apostolico
1447 5246 1601 5308 convenit
1623 5245 1779 5324 pracsidio
1800 5249 1918 5340 commu·

307 5335 523 5414 suscipimus;
536 5326 730 5412 specialiter
740 5335 849 5396 autem
861 5333 1038 5396 ecclesiam
1048 5351 1103 5412 pa·
1157 5339 1233 5400 miri.
1273 5341 1324 5402 Ex
1355 5344 1450 5418 parte
1478 5342 1641 5420 siquidem
1668 5344 1727 5406 tua
1761 5331 1917 5404 tuit11⁰b¹s
1960 5345 1961 5412 ἶ

308 5431 491 5494 rocbialem
505 5431 618 5493 Sancti
633 5430 765 5493 Nicolai
783 5431 819 5491 in
836 5431 926 5507 Lipz.
942 5447 1017 5493 cum
1032 5449 1104 5509 per·
1156 5435 1328 5500 humiliter
1342 5437 1574 5515 supplicatum,
1592 5440 1627 5502 ut
1641 5439 1842 5502 diffinitivam
1855 5443 1914 5492 soi·
1960 5501 1961 5538 1

308 5529 460 5596 tinentiis
484 5529 565 5602 suis,
588 5529 675 5590 sicut
701 5543 774 5590 eam
792 5529 881 5605 juste
904 5544 944 5590 ac
967 5531 1103 5606 pacifice
1156 5533 1314 5606 tentiam,
1342 5551 1440 5612 quam
1469 5536 1670 5598 venerabilis
1705 5536 1805 5598 irater
1828 5529 1916 5592 noster

309 5627 497 5713 possidetis,
514 5625 607 5690 vobis
629 5626 662 5686 61
676 5641 735 5709 per
748 5626 969 5692 vosecclesiae
984 5631 1103 5690 vestrm
1158 5633 1196 5691 Ρ.
1210 5629 1408 5698 albanensis
1433 5633 1823 5714 epiecopusnpostolicm
1844 5619 1914 5688 selis
