<?xml version="1.0" encoding="UTF-8"?>
<!DOCTYPE html PUBLIC "-//W3C//DTD XHTML 1.0 Transitional//EN"
    "http://www.w3.org/TR/xhtml1/DTD/xhtml1-transitional.dtd">
<html xmlns="http://www.w3.org/1999/xhtml" xml:lang="en" lang="en">
 <head>
  <title>
</title>
<meta http-equiv="Content-Type" content="text/html;charset=utf-8" />
  <meta name='ocr-system' content='tesseract 3.04.00' />
  <meta name='ocr-capabilities' content='ocr_page ocr_carea ocr_par ocr_line ocrx_word'/>
</head>
<body>
  <div class='ocr_page' id='page_1' title='image "./mediiaevibiblio01bottgoog_0166.png"; bbox 0 0 3978 6292; ppageno 0'>
   <div class='ocr_carea' id='block_1_1' title="bbox 75 346 126 406">
    <p class='ocr_par' dir='ltr' id='par_1_1' title="bbox 75 346 126 406">
     <span class='ocr_line' id='line_1_1' title="bbox 75 346 126 406; baseline 0.039 -2"><span class='ocrx_word' id='word_1_1' title='bbox 75 346 126 406; x_wconf 81' lang='lat'>305</span> 
     </span>
    </p>
   </div>
   <div class='ocr_carea' id='block_1_2' title="bbox 65 497 878 3198">
    <p class='ocr_par' dir='ltr' id='par_1_2' title="bbox 65 497 878 3098">
     <span class='ocr_line' id='line_1_2' title="bbox 75 497 852 574; baseline -0.01 -9"><span class='ocrx_word' id='word_1_2' title='bbox 75 502 195 566; x_wconf 76' lang='lat' dir='ltr'>novabis</span> <span class='ocrx_word' id='word_1_3' title='bbox 216 503 251 562; x_wconf 93' lang='lat' dir='ltr'>in</span> <span class='ocrx_word' id='word_1_4' title='bbox 272 501 417 572; x_wconf 85' lang='lat' dir='ltr'>nomine,</span> <span class='ocrx_word' id='word_1_5' title='bbox 439 500 494 562; x_wconf 88' lang='lat' dir='ltr'>sed</span> <span class='ocrx_word' id='word_1_6' title='bbox 515 497 678 562; x_wconf 89' lang='lat' dir='ltr'>etiamad</span> <span class='ocrx_word' id='word_1_7' title='bbox 701 498 852 574; x_wconf 88' lang='lat' dir='ltr'>posteros</span> 
     </span>
     <span class='ocr_line' id='line_1_3' title="bbox 74 593 854 678; baseline -0.009 -18"><span class='ocrx_word' id='word_1_8' title='bbox 74 599 250 678; x_wconf 89' lang='lat' dir='ltr'>prorogabis</span> <span class='ocrx_word' id='word_1_9' title='bbox 270 598 305 659; x_wconf 93' lang='lat' dir='ltr'>in</span> <span class='ocrx_word' id='word_1_10' title='bbox 321 613 435 674; x_wconf 87' lang='lat' dir='ltr'>opere;</span> <span class='ocrx_word' id='word_1_11' title='bbox 455 597 586 672; x_wconf 89' lang='lat' dir='ltr'>siquod</span> <span class='ocrx_word' id='word_1_12' title='bbox 606 595 665 655; x_wconf 88' lang='lat' dir='ltr'>illo</span> <span class='ocrx_word' id='word_1_13' title='bbox 687 593 854 654; x_wconf 80' lang='lat' dir='ltr'>ferventer</span> 
     </span>
     <span class='ocr_line' id='line_1_4' title="bbox 74 690 853 770; baseline -0.01 -12"><span class='ocrx_word' id='word_1_14' title='bbox 74 700 101 758; x_wconf 88' lang='lat' dir='ltr'>in</span> <span class='ocrx_word' id='word_1_15' title='bbox 116 697 263 758; x_wconf 87' lang='lat' dir='ltr'>aflectum</span> <span class='ocrx_word' id='word_1_16' title='bbox 286 696 521 770; x_wconf 80' lang='lat' dir='ltr'>assumpserat,</span> <span class='ocrx_word' id='word_1_17' title='bbox 534 695 571 756; x_wconf 88' lang='lat' dir='ltr'>tu</span> <span class='ocrx_word' id='word_1_18' title='bbox 584 690 762 754; x_wconf 73' lang='lat' dir='ltr'>salubriter</span> <span class='ocrx_word' id='word_1_19' title='bbox 776 705 853 766; x_wconf 90' lang='lat' dir='ltr'>per·-</span> 
     </span>
     <span class='ocr_line' id='line_1_5' title="bbox 74 789 852 864; baseline -0.006 -11"><span class='ocrx_word' id='word_1_20' title='bbox 74 794 189 854; x_wconf 85' lang='lat' dir='ltr'>duxeris</span> <span class='ocrx_word' id='word_1_21' title='bbox 204 791 245 853; x_wconf 92' lang='lat' dir='ltr'>ad</span> <span class='ocrx_word' id='word_1_22' title='bbox 261 792 429 854; x_wconf 79' lang='lat' dir='ltr'>ellectuml</span> <span class='ocrx_word' id='word_1_23' title='bbox 446 790 539 852; x_wconf 92' lang='lat' dir='ltr'>Nihil</span> <span class='ocrx_word' id='word_1_24' title='bbox 554 805 633 864; x_wconf 86' lang='lat' dir='ltr'>ergo</span> <span class='ocrx_word' id='word_1_25' title='bbox 643 789 679 849; x_wconf 92' lang='lat' dir='ltr'>iu</span> <span class='ocrx_word' id='word_1_26' title='bbox 691 789 783 850; x_wconf 90' lang='lat' dir='ltr'>tanto</span> <span class='ocrx_word' id='word_1_27' title='bbox 798 803 852 848; x_wconf 89' lang='lat' dir='ltr'>ne·</span> 
     </span>
     <span class='ocr_line' id='line_1_6' title="bbox 72 887 851 974; baseline -0.008 -24"><span class='ocrx_word' id='word_1_28' title='bbox 72 894 148 966; x_wconf 82' lang='lat' dir='ltr'>gotio</span> <span class='ocrx_word' id='word_1_29' title='bbox 162 889 212 950; x_wconf 82' lang='lat' dir='ltr'>vel</span> <span class='ocrx_word' id='word_1_30' title='bbox 227 891 263 950; x_wconf 95' lang='lat' dir='ltr'>tu</span> <span class='ocrx_word' id='word_1_31' title='bbox 275 889 356 974; x_wconf 83' lang='lat' dir='ltr'>ipse</span> <span class='ocrx_word' id='word_1_32' title='bbox 367 889 499 950; x_wconf 87' lang='lat' dir='ltr'>omittas</span> <span class='ocrx_word' id='word_1_33' title='bbox 512 888 566 948; x_wconf 88' lang='lat' dir='ltr'>vel</span> <span class='ocrx_word' id='word_1_34' title='bbox 579 903 599 948; x_wconf 91' lang='lat' dir='ltr'>a</span> <span class='ocrx_word' id='word_1_35' title='bbox 611 887 678 948; x_wconf 90' lang='lat' dir='ltr'>tuis</span> <span class='ocrx_word' id='word_1_36' title='bbox 692 887 851 962; x_wconf 91' lang='lat' dir='ltr'>quantum</span> 
     </span>
     <span class='ocr_line' id='line_1_7' title="bbox 73 983 850 1064; baseline -0.009 -17"><span class='ocrx_word' id='word_1_37' title='bbox 73 990 99 1047; x_wconf 92' lang='lat' dir='ltr'>in</span> <span class='ocrx_word' id='word_1_38' title='bbox 121 985 272 1048; x_wconf 86' lang='lat' dir='ltr'>tefuerit</span> <span class='ocrx_word' id='word_1_39' title='bbox 295 985 433 1064; x_wconf 89' lang='lat' dir='ltr'>patiaris</span> <span class='ocrx_word' id='word_1_40' title='bbox 458 984 575 1052; x_wconf 83' lang='lat' dir='ltr'>omitti,</span> <span class='ocrx_word' id='word_1_41' title='bbox 599 983 754 1060; x_wconf 91' lang='lat' dir='ltr'>quoniam</span> <span class='ocrx_word' id='word_1_42' title='bbox 777 997 850 1042; x_wconf 92' lang='lat' dir='ltr'>cum</span> 
     </span>
     <span class='ocr_line' id='line_1_8' title="bbox 71 1079 851 1157; baseline -0.008 -13"><span class='ocrx_word' id='word_1_43' title='bbox 71 1084 119 1144; x_wconf 89' lang='lat' dir='ltr'>libi</span> <span class='ocrx_word' id='word_1_44' title='bbox 128 1083 226 1144; x_wconf 93' lang='lat' dir='ltr'>robur</span> <span class='ocrx_word' id='word_1_45' title='bbox 237 1082 345 1144; x_wconf 87' lang='lat' dir='ltr'>aetatis</span> <span class='ocrx_word' id='word_1_46' title='bbox 357 1081 501 1143; x_wconf 81' lang='lat' dir='ltr'>sufficiat</span> <span class='ocrx_word' id='word_1_47' title='bbox 515 1083 547 1142; x_wconf 89' lang='lat' dir='ltr'>et</span> <span class='ocrx_word' id='word_1_48' title='bbox 562 1080 707 1157; x_wconf 88' lang='lat' dir='ltr'>potentia</span> <span class='ocrx_word' id='word_1_49' title='bbox 718 1079 851 1140; x_wconf 83' lang='lat' dir='ltr'>virtutis</span> 
     </span>
     <span class='ocr_line' id='line_1_9' title="bbox 72 1177 852 1257; baseline -0.006 -17"><span class='ocrx_word' id='word_1_50' title='bbox 72 1180 209 1250; x_wconf 89' lang='lat' dir='ltr'>abundet,</span> <span class='ocrx_word' id='word_1_51' title='bbox 238 1180 267 1240; x_wconf 88' lang='lat' dir='ltr'>si</span> <span class='ocrx_word' id='word_1_52' title='bbox 291 1179 386 1250; x_wconf 87' lang='lat' dir='ltr'>forte,</span> <span class='ocrx_word' id='word_1_53' title='bbox 407 1178 493 1257; x_wconf 89' lang='lat' dir='ltr'>quod</span> <span class='ocrx_word' id='word_1_54' title='bbox 513 1178 609 1249; x_wconf 88' lang='lat' dir='ltr'>absit,</span> <span class='ocrx_word' id='word_1_55' title='bbox 630 1180 698 1238; x_wconf 86' lang='lat' dir='ltr'>tarn</span> <span class='ocrx_word' id='word_1_56' title='bbox 717 1177 852 1238; x_wconf 90' lang='lat' dir='ltr'>lavora-</span> 
     </span>
     <span class='ocr_line' id='line_1_10' title="bbox 71 1276 850 1352; baseline -0.005 -14"><span class='ocrx_word' id='word_1_57' title='bbox 71 1277 125 1338; x_wconf 86' lang='lat' dir='ltr'>bile</span> <span class='ocrx_word' id='word_1_58' title='bbox 149 1277 318 1352; x_wconf 82' lang='lat' dir='ltr'>negotium</span> <span class='ocrx_word' id='word_1_59' title='bbox 342 1276 547 1352; x_wconf 80' lang='lat' dir='ltr'>neglexeris,</span> <span class='ocrx_word' id='word_1_60' title='bbox 574 1277 696 1352; x_wconf 87' lang='lat' dir='ltr'>quanto</span> <span class='ocrx_word' id='word_1_61' title='bbox 723 1277 850 1350; x_wconf 89' lang='lat' dir='ltr'>majora</span> 
     </span>
     <span class='ocr_line' id='line_1_11' title="bbox 70 1371 849 1450; baseline -0.005 -16"><span class='ocrx_word' id='word_1_62' title='bbox 70 1375 102 1434; x_wconf 88' lang='lat' dir='ltr'>de</span> <span class='ocrx_word' id='word_1_63' title='bbox 116 1389 210 1434; x_wconf 88' lang='lat' dir='ltr'>manu</span> <span class='ocrx_word' id='word_1_64' title='bbox 226 1374 356 1436; x_wconf 87' lang='lat' dir='ltr'>Domini</span> <span class='ocrx_word' id='word_1_65' title='bbox 367 1373 533 1450; x_wconf 77' lang='lat' dir='ltr'>recepisti,</span> <span class='ocrx_word' id='word_1_66' title='bbox 546 1371 639 1434; x_wconf 90' lang='lat' dir='ltr'>tanto</span> <span class='ocrx_word' id='word_1_67' title='bbox 651 1371 684 1432; x_wconf 92' lang='lat' dir='ltr'>id</span> <span class='ocrx_word' id='word_1_68' title='bbox 697 1373 760 1432; x_wconf 89' lang='lat' dir='ltr'>ate</span> <span class='ocrx_word' id='word_1_69' title='bbox 774 1386 849 1430; x_wconf 92' lang='lat' dir='ltr'>ma-</span> 
     </span>
     <span class='ocr_line' id='line_1_12' title="bbox 67 1467 849 1548; baseline -0.005 -16"><span class='ocrx_word' id='word_1_70' title='bbox 67 1472 140 1548; x_wconf 91' lang='lat' dir='ltr'>joris</span> <span class='ocrx_word' id='word_1_71' title='bbox 161 1471 344 1533; x_wconf 79' lang='lat' dir='ltr'>exactionis</span> <span class='ocrx_word' id='word_1_72' title='bbox 367 1471 515 1546; x_wconf 88' lang='lat' dir='ltr'>periculo</span> <span class='ocrx_word' id='word_1_73' title='bbox 536 1470 733 1547; x_wconf 85' lang='lat' dir='ltr'>requiretur.</span> <span class='ocrx_word' id='word_1_74' title='bbox 766 1467 849 1528; x_wconf 94' lang='lat' dir='ltr'>Illud</span> 
     </span>
     <span class='ocr_line' id='line_1_13' title="bbox 70 1565 850 1644; baseline -0.009 -14"><span class='ocrx_word' id='word_1_75' title='bbox 70 1574 166 1630; x_wconf 88' lang='lat' dir='ltr'>autem</span> <span class='ocrx_word' id='word_1_76' title='bbox 180 1569 330 1630; x_wconf 85' lang='lat' dir='ltr'>laterata</span> <span class='ocrx_word' id='word_1_77' title='bbox 345 1567 604 1644; x_wconf 90' lang='lat' dir='ltr'>nolumus,quod</span> <span class='ocrx_word' id='word_1_78' title='bbox 618 1582 692 1627; x_wconf 90' lang='lat' dir='ltr'>curn</span> <span class='ocrx_word' id='word_1_79' title='bbox 707 1565 850 1626; x_wconf 89' lang='lat' dir='ltr'>redeun-</span> 
     </span>
     <span class='ocr_line' id='line_1_14' title="bbox 69 1663 846 1737; baseline -0.01 -9"><span class='ocrx_word' id='word_1_80' title='bbox 69 1667 145 1728; x_wconf 83' lang='lat' dir='ltr'>tibus</span> <span class='ocrx_word' id='word_1_81' title='bbox 171 1666 284 1728; x_wconf 89' lang='lat' dir='ltr'>multis</span> <span class='ocrx_word' id='word_1_82' title='bbox 319 1665 429 1727; x_wconf 78' lang='lat' dir='ltr'>breuis</span> <span class='ocrx_word' id='word_1_83' title='bbox 463 1666 518 1736; x_wconf 88' lang='lat' dir='ltr'>sit,</span> <span class='ocrx_word' id='word_1_84' title='bbox 539 1663 626 1726; x_wconf 90' lang='lat' dir='ltr'>siout</span> <span class='ocrx_word' id='word_1_85' title='bbox 647 1663 846 1737; x_wconf 89' lang='lat' dir='ltr'>accepimus,</span> 
     </span>
     <span class='ocr_line' id='line_1_15' title="bbox 70 1758 847 1834; baseline -0.008 -10"><span class='ocrx_word' id='word_1_86' title='bbox 70 1765 221 1825; x_wconf 79' lang='lat' dir='ltr'>exercitus</span> <span class='ocrx_word' id='word_1_87' title='bbox 246 1763 461 1834; x_wconf 85' lang='lat' dir='ltr'>christianus,</span> <span class='ocrx_word' id='word_1_88' title='bbox 483 1762 550 1822; x_wconf 90' lang='lat' dir='ltr'>nisi</span> <span class='ocrx_word' id='word_1_89' title='bbox 569 1775 763 1821; x_wconf 79' lang='lat' dir='ltr'>succursum</span> <span class='ocrx_word' id='word_1_90' title='bbox 783 1758 847 1818; x_wconf 90' lang='lat' dir='ltr'>ha-</span> 
     </span>
     <span class='ocr_line' id='line_1_16' title="bbox 70 1857 847 1938; baseline -0.008 -18"><span class='ocrx_word' id='word_1_91' title='bbox 70 1861 165 1922; x_wconf 87' lang='lat' dir='ltr'>buerit</span> <span class='ocrx_word' id='word_1_92' title='bbox 174 1862 207 1920; x_wconf 94' lang='lat' dir='ltr'>in</span> <span class='ocrx_word' id='word_1_93' title='bbox 219 1861 370 1938; x_wconf 84' lang='lat' dir='ltr'>proximo</span> <span class='ocrx_word' id='word_1_94' title='bbox 384 1859 538 1938; x_wconf 89' lang='lat' dir='ltr'>passagio</span> <span class='ocrx_word' id='word_1_95' title='bbox 550 1857 672 1926; x_wconf 89' lang='lat' dir='ltr'>martii,</span> <span class='ocrx_word' id='word_1_96' title='bbox 681 1869 847 1930; x_wconf 87' lang='lat' dir='ltr'>magnum,</span> 
     </span>
     <span class='ocr_line' id='line_1_17' title="bbox 69 1951 850 2034; baseline -0.006 -17"><span class='ocrx_word' id='word_1_97' title='bbox 69 1958 144 2033; x_wconf 91' lang='lat' dir='ltr'>quod</span> <span class='ocrx_word' id='word_1_98' title='bbox 159 1961 244 2020; x_wconf 86' lang='lat' dir='ltr'>Deus</span> <span class='ocrx_word' id='word_1_99' title='bbox 257 1961 396 2030; x_wconf 86' lang='lat' dir='ltr'>avertat,</span> <span class='ocrx_word' id='word_1_100' title='bbox 405 1957 517 2034; x_wconf 88' lang='lat' dir='ltr'>posset</span> <span class='ocrx_word' id='word_1_101' title='bbox 531 1955 580 2016; x_wconf 88' lang='lat' dir='ltr'>eis</span> <span class='ocrx_word' id='word_1_102' title='bbox 592 1953 765 2014; x_wconf 89' lang='lat' dir='ltr'>imminere</span> <span class='ocrx_word' id='word_1_103' title='bbox 781 1951 850 2012; x_wconf 89' lang='lat' dir='ltr'>dis-</span> 
     </span>
     <span class='ocr_line' id='line_1_18' title="bbox 69 2051 846 2130; baseline -0.008 -16"><span class='ocrx_word' id='word_1_104' title='bbox 69 2056 191 2116; x_wconf 84' lang='lat' dir='ltr'>crimen.</span> <span class='ocrx_word' id='word_1_105' title='bbox 214 2056 307 2116; x_wconf 90' lang='lat' dir='ltr'>Unde</span> <span class='ocrx_word' id='word_1_106' title='bbox 328 2071 394 2116; x_wconf 87' lang='lat' dir='ltr'>non</span> <span class='ocrx_word' id='word_1_107' title='bbox 412 2051 658 2130; x_wconf 69' lang='lat' dir='ltr'>imperitasset</span> <span class='ocrx_word' id='word_1_108' title='bbox 679 2064 846 2126; x_wconf 88' lang='lat' dir='ltr'>procures,</span> 
     </span>
     <span class='ocr_line' id='line_1_19' title="bbox 70 2145 847 2230; baseline -0.012 -15"><span class='ocrx_word' id='word_1_109' title='bbox 70 2145 847 2230; x_wconf 85' lang='lat' dir='ltr'>utsialiquimediotemporepraeparenturqnod</span> 
     </span>
     <span class='ocr_line' id='line_1_20' title="bbox 69 2249 849 2326; baseline -0.006 -18"><span class='ocrx_word' id='word_1_110' title='bbox 69 2251 97 2308; x_wconf 93' lang='lat' dir='ltr'>in</span> <span class='ocrx_word' id='word_1_111' title='bbox 117 2250 226 2310; x_wconf 88' lang='lat' dir='ltr'>eodem</span> <span class='ocrx_word' id='word_1_112' title='bbox 242 2250 396 2326; x_wconf 89' lang='lat' dir='ltr'>passagio</span> <span class='ocrx_word' id='word_1_113' title='bbox 411 2249 594 2319; x_wconf 90' lang='lat' dir='ltr'>transeant,</span> <span class='ocrx_word' id='word_1_114' title='bbox 611 2249 772 2325; x_wconf 89' lang='lat' dir='ltr'>quatenus</span> <span class='ocrx_word' id='word_1_115' title='bbox 794 2259 849 2304; x_wconf 89' lang='lat' dir='ltr'>re·</span> 
     </span>
     <span class='ocr_line' id='line_1_21' title="bbox 69 2344 847 2421; baseline -0.004 -16"><span class='ocrx_word' id='word_1_116' title='bbox 69 2349 191 2421; x_wconf 88' lang='lat' dir='ltr'>paretur</span> <span class='ocrx_word' id='word_1_117' title='bbox 203 2346 305 2408; x_wconf 90' lang='lat' dir='ltr'>robur</span> <span class='ocrx_word' id='word_1_118' title='bbox 326 2347 493 2408; x_wconf 85' lang='lat' dir='ltr'>exercitus</span> <span class='ocrx_word' id='word_1_119' title='bbox 508 2349 541 2407; x_wconf 86' lang='lat' dir='ltr'>et</span> <span class='ocrx_word' id='word_1_120' title='bbox 554 2344 761 2406; x_wconf 84' lang='lat' dir='ltr'>restauretur</span> <span class='ocrx_word' id='word_1_121' title='bbox 782 2358 847 2403; x_wconf 91' lang='lat' dir='ltr'>nu-</span> 
     </span>
     <span class='ocr_line' id='line_1_22' title="bbox 69 2439 849 2518; baseline -0.004 -16"><span class='ocrx_word' id='word_1_122' title='bbox 69 2459 167 2504; x_wconf 90' lang='lat' dir='ltr'>merus</span> <span class='ocrx_word' id='word_1_123' title='bbox 186 2444 403 2518; x_wconf 82' lang='lat' dir='ltr'>bellatorum3</span> <span class='ocrx_word' id='word_1_124' title='bbox 425 2444 457 2504; x_wconf 90' lang='lat' dir='ltr'>et</span> <span class='ocrx_word' id='word_1_125' title='bbox 471 2444 520 2504; x_wconf 89' lang='lat' dir='ltr'>sic</span> <span class='ocrx_word' id='word_1_126' title='bbox 537 2442 668 2503; x_wconf 84' lang='lat' dir='ltr'>facilius</span> <span class='ocrx_word' id='word_1_127' title='bbox 687 2444 720 2502; x_wconf 87' lang='lat' dir='ltr'>et</span> <span class='ocrx_word' id='word_1_128' title='bbox 733 2439 849 2501; x_wconf 87' lang='lat' dir='ltr'>ellica-</span> 
     </span>
     <span class='ocr_line' id='line_1_23' title="bbox 68 2537 846 2618; baseline -0.005 -18"><span class='ocrx_word' id='word_1_129' title='bbox 68 2540 129 2600; x_wconf 86' lang='lat' dir='ltr'>cius</span> <span class='ocrx_word' id='word_1_130' title='bbox 144 2541 202 2602; x_wconf 89' lang='lat' dir='ltr'>suh</span> <span class='ocrx_word' id='word_1_131' title='bbox 221 2557 279 2618; x_wconf 90' lang='lat' dir='ltr'>spe</span> <span class='ocrx_word' id='word_1_132' title='bbox 298 2541 419 2602; x_wconf 81' lang='lat' dir='ltr'>divinae</span> <span class='ocrx_word' id='word_1_133' title='bbox 437 2541 621 2602; x_wconf 82' lang='lat' dir='ltr'>clementiae</span> <span class='ocrx_word' id='word_1_134' title='bbox 636 2537 846 2616; x_wconf 89' lang='lat' dir='ltr'>prosequaris</span> 
     </span>
     <span class='ocr_line' id='line_1_24' title="bbox 68 2635 847 2715; baseline -0.001 -19"><span class='ocrx_word' id='word_1_135' title='bbox 68 2639 209 2714; x_wconf 77' lang='lat' dir='ltr'>inempta,</span> <span class='ocrx_word' id='word_1_136' title='bbox 222 2655 295 2715; x_wconf 90' lang='lat' dir='ltr'>qnae</span> <span class='ocrx_word' id='word_1_137' title='bbox 309 2640 338 2699; x_wconf 90' lang='lat' dir='ltr'>si</span> <span class='ocrx_word' id='word_1_138' title='bbox 356 2639 453 2715; x_wconf 89' lang='lat' dir='ltr'>quasi</span> <span class='ocrx_word' id='word_1_139' title='bbox 472 2653 491 2698; x_wconf 91' lang='lat' dir='ltr'>a</span> <span class='ocrx_word' id='word_1_140' title='bbox 509 2637 616 2715; x_wconf 89' lang='lat' dir='ltr'>capite</span> <span class='ocrx_word' id='word_1_141' title='bbox 636 2636 802 2712; x_wconf 86' lang='lat' dir='ltr'>oporteret</span> <span class='ocrx_word' id='word_1_142' title='bbox 814 2635 847 2696; x_wconf 91' lang='lat' dir='ltr'>te</span> 
     </span>
     <span class='ocr_line' id='line_1_25' title="bbox 68 2732 846 2808; baseline -0.008 -12"><span class='ocrx_word' id='word_1_143' title='bbox 68 2751 238 2808; x_wconf 86' lang='lat' dir='ltr'>rosumere,</span> <span class='ocrx_word' id='word_1_144' title='bbox 266 2737 327 2798; x_wconf 87' lang='lat' dir='ltr'>snb</span> <span class='ocrx_word' id='word_1_145' title='bbox 353 2735 452 2798; x_wconf 90' lang='lat' dir='ltr'>dubio</span> <span class='ocrx_word' id='word_1_146' title='bbox 484 2735 596 2796; x_wconf 80' lang='lat' dir='ltr'>forsan</span> <span class='ocrx_word' id='word_1_147' title='bbox 625 2733 744 2794; x_wconf 84' lang='lat' dir='ltr'>eventu</span> <span class='ocrx_word' id='word_1_148' title='bbox 778 2732 846 2793; x_wconf 90' lang='lat' dir='ltr'>tam</span> 
     </span>
     <span class='ocr_line' id='line_1_26' title="bbox 68 2831 846 2910; baseline -0.005 -17"><span class='ocrx_word' id='word_1_149' title='bbox 68 2835 181 2906; x_wconf 86' lang='lat' dir='ltr'>grande</span> <span class='ocrx_word' id='word_1_150' title='bbox 209 2834 389 2910; x_wconf 89' lang='lat' dir='ltr'>negotium,</span> <span class='ocrx_word' id='word_1_151' title='bbox 416 2833 501 2910; x_wconf 91' lang='lat' dir='ltr'>quod</span> <span class='ocrx_word' id='word_1_152' title='bbox 529 2847 634 2909; x_wconf 89' lang='lat' dir='ltr'>usque</span> <span class='ocrx_word' id='word_1_153' title='bbox 655 2846 744 2892; x_wconf 91' lang='lat' dir='ltr'>nunc</span> <span class='ocrx_word' id='word_1_154' title='bbox 765 2831 846 2892; x_wconf 90' lang='lat' dir='ltr'>salis</span> 
     </span>
     <span class='ocr_line' id='line_1_27' title="bbox 67 2929 878 3006; baseline -0.004 -18"><span class='ocrx_word' id='word_1_155' title='bbox 67 2945 248 3006; x_wconf 89' lang='lat' dir='ltr'>prosperum</span> <span class='ocrx_word' id='word_1_156' title='bbox 270 2929 395 3003; x_wconf 90' lang='lat' dir='ltr'>habuit,</span> <span class='ocrx_word' id='word_1_157' title='bbox 412 2930 552 2990; x_wconf 90' lang='lat' dir='ltr'>Domino</span> <span class='ocrx_word' id='word_1_158' title='bbox 574 2929 747 3003; x_wconf 81' lang='lat' dir='ltr'>dirigente,</span> <span class='ocrx_word' id='word_1_159' title='bbox 769 2941 848 3001; x_wconf 91' lang='lat' dir='ltr'>pro-</span> <span class='ocrx_word' id='word_1_160' title='bbox 877 2949 878 2952; x_wconf 40' lang='lat'>¹</span> 
     </span>
     <span class='ocr_line' id='line_1_28' title="bbox 65 3041 216 3098; baseline 0.02 -13"><span class='ocrx_word' id='word_1_161' title='bbox 65 3041 216 3098; x_wconf 87' lang='lat' dir='ltr'>grassum.</span> 
     </span>
    </p>

    <p class='ocr_par' dir='ltr' id='par_1_3' title="bbox 98 3119 847 3198">
     <span class='ocr_line' id='line_1_29' title="bbox 98 3119 847 3198; baseline -0.007 -14"><span class='ocrx_word' id='word_1_162' title='bbox 98 3125 211 3188; x_wconf 86' lang='lat' dir='ltr'>Datum</span> <span class='ocrx_word' id='word_1_163' title='bbox 231 3127 344 3196; x_wconf 87' lang='lat' dir='ltr'>Reate,</span> <span class='ocrx_word' id='word_1_164' title='bbox 365 3124 516 3188; x_wconf 87' lang='lat' dir='ltr'>kalendis</span> <span class='ocrx_word' id='word_1_165' title='bbox 540 3122 695 3194; x_wconf 89' lang='lat' dir='ltr'>octobris,</span> <span class='ocrx_word' id='word_1_166' title='bbox 712 3119 847 3198; x_wconf 87' lang='lat' dir='ltr'>pontill-</span> 
     </span>
    </p>
   </div>
   <div class='ocr_carea' id='block_1_3' title="bbox 65 3222 513 3300">
    <p class='ocr_par' dir='ltr' id='par_1_4' title="bbox 65 3222 513 3300">
     <span class='ocr_line' id='line_1_30' title="bbox 65 3222 513 3300; baseline 0.004 -20"><span class='ocrx_word' id='word_1_167' title='bbox 65 3225 153 3284; x_wconf 87' lang='lat' dir='ltr'>calus</span> <span class='ocrx_word' id='word_1_168' title='bbox 168 3222 269 3284; x_wconf 85' lang='lat' dir='ltr'>uestri</span> <span class='ocrx_word' id='word_1_169' title='bbox 282 3237 369 3287; x_wconf 89' lang='lat' dir='ltr'>anno</span> <span class='ocrx_word' id='word_1_170' title='bbox 385 3223 513 3300; x_wconf 87' lang='lat' dir='ltr'>quarto.</span> 
     </span>
    </p>
   </div>
   <div class='ocr_carea' id='block_1_4' title="bbox 387 3418 513 3503">
    <p class='ocr_par' dir='ltr' id='par_1_5' title="bbox 387 3418 513 3503">
     <span class='ocr_line' id='line_1_31' title="bbox 387 3418 513 3503; baseline -0.016 0"><span class='ocrx_word' id='word_1_171' title='bbox 387 3418 513 3503; x_wconf 89' lang='lat' dir='ltr'>XXIV</span> 
     </span>
    </p>
   </div>
   <div class='ocr_carea' id='block_1_5' title="bbox 64 3549 846 3708">
    <p class='ocr_par' dir='ltr' id='par_1_6' title="bbox 64 3549 846 3708">
     <span class='ocr_line' id='line_1_32' title="bbox 64 3549 846 3646; baseline 0.005 -39"><span class='ocrx_word' id='word_1_172' title='bbox 64 3551 108 3608; x_wconf 77' lang='lat' dir='ltr'>Ad</span> <span class='ocrx_word' id='word_1_173' title='bbox 114 3553 290 3611; x_wconf 74' lang='lat' dir='ltr'>lanalversos</span> <span class='ocrx_word' id='word_1_174' title='bbox 297 3552 568 3646; x_wconf 74' lang='lat' dir='ltr'>archiepiscopos</span> <span class='ocrx_word' id='word_1_175' title='bbox 577 3549 846 3624; x_wconf 71' lang='lat' dir='ltr'>perscorensem</span> 
     </span>
     <span class='ocr_line' id='line_1_33' title="bbox 342 3647 555 3708; baseline -0.005 0"><span class='ocrx_word' id='word_1_176' title='bbox 342 3647 555 3708; x_wconf 78' lang='lat' dir='ltr'>constitutos.</span> 
     </span>
    </p>
   </div>
   <div class='ocr_carea' id='block_1_6' title="bbox 86 3768 816 3940">
    <p class='ocr_par' dir='ltr' id='par_1_7' title="bbox 86 3768 816 3940">
     <span class='ocr_line' id='line_1_34' title="bbox 346 3768 552 3825; baseline -0.01 -1"><span class='ocrx_word' id='word_1_177' title='bbox 346 3769 359 3824; x_wconf 82' lang='lat' dir='ltr'>l</span> <span class='ocrx_word' id='word_1_178' title='bbox 371 3768 463 3825; x_wconf 82' lang='lat' dir='ltr'>octob.</span> <span class='ocrx_word' id='word_1_179' title='bbox 475 3769 552 3825; x_wconf 71' lang='lat' dir='ltr'>lala.</span> 
     </span>
     <span class='ocr_line' id='line_1_35' title="bbox 86 3871 816 3940; baseline 0 -16"><span class='ocrx_word' id='word_1_180' title='bbox 86 3871 201 3938; x_wconf 59' lang='lat' dir='ltr'>thagora„</span> <span class='ocrx_word' id='word_1_181' title='bbox 214 3874 258 3924; x_wconf 91' lang='lat' dir='ltr'>lib.</span> <span class='ocrx_word' id='word_1_182' title='bbox 275 3874 317 3932; x_wconf 88' lang='lat' dir='ltr'>lll,</span> <span class='ocrx_word' id='word_1_183' title='bbox 329 3875 468 3940; x_wconf 72' lang='lat' dir='ltr'>epistota.</span> <span class='ocrx_word' id='word_1_184' title='bbox 481 3877 538 3926; x_wconf 86' lang='lat' dir='ltr'>blss.</span> <span class='ocrx_word' id='word_1_185' title='bbox 548 3875 583 3925; x_wconf 86' lang='lat' dir='ltr'>La</span> <span class='ocrx_word' id='word_1_186' title='bbox 593 3875 665 3925; x_wconf 86' lang='lat' dir='ltr'>Porta</span> <span class='ocrx_word' id='word_1_187' title='bbox 678 3875 712 3925; x_wconf 91' lang='lat' dir='ltr'>du</span> <span class='ocrx_word' id='word_1_188' title='bbox 724 3875 816 3938; x_wconf 78' lang='lat' dir='ltr'>Theti]</span> 
     </span>
    </p>
   </div>
   <div class='ocr_carea' id='block_1_7' title="bbox 674 338 1081 401">
    <p class='ocr_par' dir='ltr' id='par_1_8' title="bbox 674 338 1081 401">
     <span class='ocr_line' id='line_1_36' title="bbox 674 338 1081 401; baseline -0.007 -1"><span class='ocrx_word' id='word_1_189' title='bbox 674 338 902 400; x_wconf 80' lang='lat' dir='ltr'>EPISTOLAE.</span> <span class='ocrx_word' id='word_1_190' title='bbox 925 339 1004 401; x_wconf 77' lang='lat' dir='ltr'>blla.</span> <span class='ocrx_word' id='word_1_191' title='bbox 1028 341 1081 398; x_wconf 84' lang='lat' dir='ltr'>lv.</span> 
     </span>
    </p>
   </div>
   <div class='ocr_carea' id='block_1_8' title="bbox 1536 347 1700 420">
    <p class='ocr_par' dir='ltr' id='par_1_9' title="bbox 1536 347 1700 420">
     <span class='ocr_line' id='line_1_37' title="bbox 1536 347 1700 420; baseline 0.03 -17"><span class='ocrx_word' id='word_1_192' title='bbox 1536 347 1700 420; x_wconf 71' lang='lat' dir='ltr'>,ooo</span> 
     </span>
    </p>
   </div>
   <div class='ocr_carea' id='block_1_9' title="bbox 908 496 1810 571">
    <p class='ocr_par' dir='ltr' id='par_1_10' title="bbox 908 496 1810 571">
     <span class='ocr_line' id='line_1_38' title="bbox 908 496 1810 571; baseline 0.017 -15"><span class='ocrx_word' id='word_1_193' title='bbox 908 511 1056 556; x_wconf 89' lang='lat' dir='ltr'>mensam</span> <span class='ocrx_word' id='word_1_194' title='bbox 1077 496 1208 560; x_wconf 88' lang='lat' dir='ltr'>invitati</span> <span class='ocrx_word' id='word_1_195' title='bbox 1224 498 1428 562; x_wconf 87' lang='lat' dir='ltr'>Christicolae</span> <span class='ocrx_word' id='word_1_196' title='bbox 1443 501 1471 560; x_wconf 90' lang='lat' dir='ltr'>si</span> <span class='ocrx_word' id='word_1_197' title='bbox 1488 503 1699 567; x_wconf 88' lang='lat' dir='ltr'>considerare</span> <span class='ocrx_word' id='word_1_198' title='bbox 1806 563 1810 571; x_wconf 89' lang='lat'>.</span> 
     </span>
    </p>
   </div>
   <div class='ocr_carea' id='block_1_10' title="bbox 905 592 1702 1538">
    <p class='ocr_par' dir='ltr' id='par_1_11' title="bbox 905 592 1702 1538">
     <span class='ocr_line' id='line_1_39' title="bbox 908 592 1700 678; baseline 0.014 -26"><span class='ocrx_word' id='word_1_199' title='bbox 908 592 1013 653; x_wconf 87' lang='lat' dir='ltr'>velint</span> <span class='ocrx_word' id='word_1_200' title='bbox 1027 595 1188 670; x_wconf 89' lang='lat' dir='ltr'>apposita,</span> <span class='ocrx_word' id='word_1_201' title='bbox 1204 595 1239 656; x_wconf 91' lang='lat' dir='ltr'>ut</span> <span class='ocrx_word' id='word_1_202' title='bbox 1253 597 1286 657; x_wconf 90' lang='lat' dir='ltr'>et</span> <span class='ocrx_word' id='word_1_203' title='bbox 1300 595 1363 674; x_wconf 92' lang='lat' dir='ltr'>ipsi</span> <span class='ocrx_word' id='word_1_204' title='bbox 1377 597 1501 660; x_wconf 89' lang='lat' dir='ltr'>similia</span> <span class='ocrx_word' id='word_1_205' title='bbox 1511 603 1700 678; x_wconf 85' lang='lat' dir='ltr'>praeparent</span> 
     </span>
     <span class='ocr_line' id='line_1_40' title="bbox 908 689 1700 772; baseline 0.014 -23"><span class='ocrx_word' id='word_1_206' title='bbox 908 689 948 749; x_wconf 88' lang='lat' dir='ltr'>ad</span> <span class='ocrx_word' id='word_1_207' title='bbox 964 691 1073 751; x_wconf 88' lang='lat' dir='ltr'>crucis</span> <span class='ocrx_word' id='word_1_208' title='bbox 1089 691 1281 768; x_wconf 87' lang='lat' dir='ltr'>obsequium</span> <span class='ocrx_word' id='word_1_209' title='bbox 1292 708 1357 754; x_wconf 90' lang='lat' dir='ltr'>non</span> <span class='ocrx_word' id='word_1_210' title='bbox 1369 694 1496 756; x_wconf 91' lang='lat' dir='ltr'>tantum</span> <span class='ocrx_word' id='word_1_211' title='bbox 1504 699 1573 772; x_wconf 89' lang='lat' dir='ltr'>jam</span> <span class='ocrx_word' id='word_1_212' title='bbox 1588 713 1700 760; x_wconf 91' lang='lat' dir='ltr'>cruce·</span> 
     </span>
     <span class='ocr_line' id='line_1_41' title="bbox 907 786 1701 866; baseline 0.015 -21"><span class='ocrx_word' id='word_1_213' title='bbox 907 786 1701 866; x_wconf 87' lang='lat' dir='ltr'>signati,sedetaliiseaccingent.Porre‹lolen-</span> 
     </span>
     <span class='ocr_line' id='line_1_42' title="bbox 906 883 1698 966; baseline 0.011 -23"><span class='ocrx_word' id='word_1_214' title='bbox 906 883 955 943; x_wconf 91' lang='lat' dir='ltr'>tes</span> <span class='ocrx_word' id='word_1_215' title='bbox 968 883 1154 956; x_wconf 77' lang='lat' dir='ltr'>referimus</span> <span class='ocrx_word' id='word_1_216' title='bbox 1165 885 1251 963; x_wconf 92' lang='lat' dir='ltr'>quod</span> <span class='ocrx_word' id='word_1_217' title='bbox 1263 887 1414 949; x_wconf 89' lang='lat' dir='ltr'>nonnulli</span> <span class='ocrx_word' id='word_1_218' title='bbox 1424 889 1463 949; x_wconf 91' lang='lat' dir='ltr'>de</span> <span class='ocrx_word' id='word_1_219' title='bbox 1475 889 1615 966; x_wconf 91' lang='lat' dir='ltr'>imperio</span> <span class='ocrx_word' id='word_1_220' title='bbox 1632 908 1698 952; x_wconf 91' lang='lat' dir='ltr'>non</span> 
     </span>
     <span class='ocr_line' id='line_1_43' title="bbox 905 981 1699 1064; baseline 0.013 -24"><span class='ocrx_word' id='word_1_221' title='bbox 905 981 972 1040; x_wconf 86' lang='lat' dir='ltr'>tam</span> <span class='ocrx_word' id='word_1_222' title='bbox 994 981 1150 1054; x_wconf 89' lang='lat' dir='ltr'>minores,</span> <span class='ocrx_word' id='word_1_223' title='bbox 1176 999 1273 1059; x_wconf 90' lang='lat' dir='ltr'>quam</span> <span class='ocrx_word' id='word_1_224' title='bbox 1289 987 1432 1060; x_wconf 86' lang='lat' dir='ltr'>majoros</span> <span class='ocrx_word' id='word_1_225' title='bbox 1452 986 1581 1060; x_wconf 87' lang='lat' dir='ltr'>faciem,</span> <span class='ocrx_word' id='word_1_226' title='bbox 1601 1005 1699 1064; x_wconf 89' lang='lat' dir='ltr'>quam</span> 
     </span>
     <span class='ocr_line' id='line_1_44' title="bbox 905 1077 1700 1156; baseline 0.013 -20"><span class='ocrx_word' id='word_1_227' title='bbox 905 1077 940 1136; x_wconf 93' lang='lat' dir='ltr'>in</span> <span class='ocrx_word' id='word_1_228' title='bbox 964 1078 1147 1139; x_wconf 87' lang='lat' dir='ltr'>Jerusalem</span> <span class='ocrx_word' id='word_1_229' title='bbox 1160 1079 1324 1143; x_wconf 82' lang='lat' dir='ltr'>direxisse</span> <span class='ocrx_word' id='word_1_230' title='bbox 1343 1082 1507 1156; x_wconf 83' lang='lat' dir='ltr'>videntur,</span> <span class='ocrx_word' id='word_1_231' title='bbox 1521 1085 1700 1147; x_wconf 88' lang='lat' dir='ltr'>creduntur</span> 
     </span>
     <span class='ocr_line' id='line_1_45' title="bbox 906 1175 1699 1258; baseline 0.011 -24"><span class='ocrx_word' id='word_1_232' title='bbox 906 1175 1109 1236; x_wconf 87' lang='lat' dir='ltr'>convertisse</span> <span class='ocrx_word' id='word_1_233' title='bbox 1124 1178 1197 1252; x_wconf 89' lang='lat' dir='ltr'>post</span> <span class='ocrx_word' id='word_1_234' title='bbox 1209 1179 1350 1254; x_wconf 85' lang='lat' dir='ltr'>tergum,</span> <span class='ocrx_word' id='word_1_235' title='bbox 1367 1196 1441 1240; x_wconf 90' lang='lat' dir='ltr'>cum</span> <span class='ocrx_word' id='word_1_236' title='bbox 1457 1197 1517 1243; x_wconf 90' lang='lat' dir='ltr'>neo</span> <span class='ocrx_word' id='word_1_237' title='bbox 1533 1183 1699 1258; x_wconf 90' lang='lat' dir='ltr'>prosecuti</span> 
     </span>
     <span class='ocr_line' id='line_1_46' title="bbox 906 1271 1702 1352; baseline 0.013 -22"><span class='ocrx_word' id='word_1_238' title='bbox 906 1271 972 1330; x_wconf 89' lang='lat' dir='ltr'>sint</span> <span class='ocrx_word' id='word_1_239' title='bbox 985 1272 1097 1332; x_wconf 86' lang='lat' dir='ltr'>votum</span> <span class='ocrx_word' id='word_1_240' title='bbox 1112 1273 1279 1346; x_wconf 88' lang='lat' dir='ltr'>emissum,</span> <span class='ocrx_word' id='word_1_241' title='bbox 1301 1292 1361 1336; x_wconf 91' lang='lat' dir='ltr'>neo</span> <span class='ocrx_word' id='word_1_242' title='bbox 1390 1280 1632 1352; x_wconf 89' lang='lat' dir='ltr'>prosecutionis</span> <span class='ocrx_word' id='word_1_243' title='bbox 1645 1295 1702 1340; x_wconf 87' lang='lat' dir='ltr'>ex·</span> 
     </span>
     <span class='ocr_line' id='line_1_47' title="bbox 906 1367 1699 1450; baseline 0.016 -25"><span class='ocrx_word' id='word_1_244' title='bbox 906 1367 1075 1430; x_wconf 91' lang='lat' dir='ltr'>hibnerint</span> <span class='ocrx_word' id='word_1_245' title='bbox 1101 1369 1260 1432; x_wconf 85' lang='lat' dir='ltr'>hactenus</span> <span class='ocrx_word' id='word_1_246' title='bbox 1281 1377 1497 1450; x_wconf 67' lang='lat' dir='ltr'>apparatum</span> <span class='ocrx_word' id='word_1_247' title='bbox 1520 1377 1606 1439; x_wconf 91' lang='lat' dir='ltr'>unde</span> <span class='ocrx_word' id='word_1_248' title='bbox 1639 1393 1699 1438; x_wconf 90' lang='lat' dir='ltr'>nos</span> 
     </span>
     <span class='ocr_line' id='line_1_48' title="bbox 905 1466 1699 1538; baseline 0.014 -15"><span class='ocrx_word' id='word_1_249' title='bbox 905 1479 1018 1525; x_wconf 89' lang='lat' dir='ltr'>eorum</span> <span class='ocrx_word' id='word_1_250' title='bbox 1055 1466 1166 1538; x_wconf 88' lang='lat' dir='ltr'>saluti,</span> <span class='ocrx_word' id='word_1_251' title='bbox 1196 1471 1229 1529; x_wconf 90' lang='lat' dir='ltr'>et</span> <span class='ocrx_word' id='word_1_252' title='bbox 1256 1471 1367 1530; x_wconf 75' lang='lat' dir='ltr'>Terrae</span> <span class='ocrx_word' id='word_1_253' title='bbox 1397 1473 1527 1533; x_wconf 84' lang='lat' dir='ltr'>Sanctae</span> <span class='ocrx_word' id='word_1_254' title='bbox 1553 1472 1699 1534; x_wconf 89' lang='lat' dir='ltr'>subsidio</span> 
     </span>
    </p>
   </div>
   <div class='ocr_carea' id='block_1_11' title="bbox 905 1561 1794 1636">
    <p class='ocr_par' dir='ltr' id='par_1_12' title="bbox 905 1561 1794 1636">
     <span class='ocr_line' id='line_1_49' title="bbox 905 1561 1794 1636; baseline 0.011 -15"><span class='ocrx_word' id='word_1_255' title='bbox 905 1561 1080 1636; x_wconf 85' lang='lat' dir='ltr'>providere</span> <span class='ocrx_word' id='word_1_256' title='bbox 1108 1564 1267 1636; x_wconf 90' lang='lat' dir='ltr'>volentes,</span> <span class='ocrx_word' id='word_1_257' title='bbox 1297 1567 1346 1628; x_wconf 89' lang='lat' dir='ltr'>eis</span> <span class='ocrx_word' id='word_1_258' title='bbox 1371 1569 1497 1628; x_wconf 91' lang='lat' dir='ltr'>certum</span> <span class='ocrx_word' id='word_1_259' title='bbox 1520 1571 1698 1632; x_wconf 88' lang='lat' dir='ltr'>terminum</span> <span class='ocrx_word' id='word_1_260' title='bbox 1791 1616 1794 1622; x_wconf 53' lang='grc'>,</span> 
     </span>
    </p>
   </div>
   <div class='ocr_carea' id='block_1_12' title="bbox 897 1658 1772 3962">
    <p class='ocr_par' dir='ltr' id='par_1_13' title="bbox 897 1658 1772 3962">
     <span class='ocr_line' id='line_1_50' title="bbox 905 1658 1698 1741; baseline 0.013 -23"><span class='ocrx_word' id='word_1_261' title='bbox 905 1658 1061 1720; x_wconf 79' lang='lat' dir='ltr'>duximus</span> <span class='ocrx_word' id='word_1_262' title='bbox 1077 1661 1323 1738; x_wconf 79' lang='lat' dir='ltr'>praeligendum,</span> <span class='ocrx_word' id='word_1_263' title='bbox 1340 1679 1406 1741; x_wconf 91' lang='lat' dir='ltr'>quo</span> <span class='ocrx_word' id='word_1_264' title='bbox 1420 1665 1606 1740; x_wconf 90' lang='lat' dir='ltr'>inciperent</span> <span class='ocrx_word' id='word_1_265' title='bbox 1621 1668 1698 1728; x_wconf 93' lang='lat' dir='ltr'>red-</span> 
     </span>
     <span class='ocr_line' id='line_1_51' title="bbox 905 1754 1700 1836; baseline 0.013 -22"><span class='ocrx_word' id='word_1_266' title='bbox 905 1754 982 1815; x_wconf 89' lang='lat' dir='ltr'>dere</span> <span class='ocrx_word' id='word_1_267' title='bbox 1001 1757 1140 1818; x_wconf 91' lang='lat' dir='ltr'>Domino</span> <span class='ocrx_word' id='word_1_268' title='bbox 1153 1760 1228 1819; x_wconf 81' lang='lat' dir='ltr'>vota</span> <span class='ocrx_word' id='word_1_269' title='bbox 1249 1775 1319 1820; x_wconf 88' lang='lat' dir='ltr'>sua.</span> <span class='ocrx_word' id='word_1_270' title='bbox 1340 1761 1402 1822; x_wconf 87' lang='lat' dir='ltr'>Sed</span> <span class='ocrx_word' id='word_1_271' title='bbox 1418 1776 1480 1823; x_wconf 91' lang='lat' dir='ltr'>nec</span> <span class='ocrx_word' id='word_1_272' title='bbox 1502 1763 1537 1823; x_wconf 89' lang='lat' dir='ltr'>in</span> <span class='ocrx_word' id='word_1_273' title='bbox 1552 1764 1621 1836; x_wconf 91' lang='lat' dir='ltr'>illo,</span> <span class='ocrx_word' id='word_1_274' title='bbox 1638 1777 1700 1824; x_wconf 92' lang='lat' dir='ltr'>nec</span> 
     </span>
     <span class='ocr_line' id='line_1_52' title="bbox 904 1850 1702 1937; baseline 0.015 -27"><span class='ocrx_word' id='word_1_275' title='bbox 904 1851 938 1910; x_wconf 89' lang='lat' dir='ltr'>in</span> <span class='ocrx_word' id='word_1_276' title='bbox 954 1850 1032 1923; x_wconf 91' lang='lat' dir='ltr'>alio,</span> <span class='ocrx_word' id='word_1_277' title='bbox 1048 1869 1145 1930; x_wconf 91' lang='lat' dir='ltr'>quem</span> <span class='ocrx_word' id='word_1_278' title='bbox 1157 1855 1339 1932; x_wconf 90' lang='lat' dir='ltr'>adjecimus</span> <span class='ocrx_word' id='word_1_279' title='bbox 1351 1859 1467 1933; x_wconf 89' lang='lat' dir='ltr'>paucis</span> <span class='ocrx_word' id='word_1_280' title='bbox 1481 1861 1627 1936; x_wconf 79' lang='lat' dir='ltr'>exceptis</span> <span class='ocrx_word' id='word_1_281' title='bbox 1642 1877 1702 1937; x_wconf 89' lang='lat' dir='ltr'>pe-</span> 
     </span>
     <span class='ocr_line' id='line_1_53' title="bbox 904 1949 1699 2032; baseline 0.015 -25"><span class='ocrx_word' id='word_1_282' title='bbox 904 1949 1141 2022; x_wconf 87' lang='lat' dir='ltr'>regrinationis</span> <span class='ocrx_word' id='word_1_283' title='bbox 1158 1951 1302 2013; x_wconf 89' lang='lat' dir='ltr'>debitum</span> <span class='ocrx_word' id='word_1_284' title='bbox 1320 1955 1494 2018; x_wconf 80' lang='lat' dir='ltr'>exsolvere</span> <span class='ocrx_word' id='word_1_285' title='bbox 1513 1958 1699 2032; x_wconf 88' lang='lat' dir='ltr'>promissae,</span> 
     </span>
     <span class='ocr_line' id='line_1_54' title="bbox 904 2045 1698 2124; baseline 0.015 -20"><span class='ocrx_word' id='word_1_286' title='bbox 904 2045 983 2121; x_wconf 92' lang='lat' dir='ltr'>quin</span> <span class='ocrx_word' id='word_1_287' title='bbox 1010 2045 1109 2107; x_wconf 92' lang='lat' dir='ltr'>immo</span> <span class='ocrx_word' id='word_1_288' title='bbox 1134 2064 1196 2108; x_wconf 90' lang='lat' dir='ltr'>nec</span> <span class='ocrx_word' id='word_1_289' title='bbox 1228 2050 1347 2110; x_wconf 88' lang='lat' dir='ltr'>votivae</span> <span class='ocrx_word' id='word_1_290' title='bbox 1369 2051 1556 2124; x_wconf 89' lang='lat' dir='ltr'>solutionis,</span> <span class='ocrx_word' id='word_1_291' title='bbox 1575 2054 1698 2116; x_wconf 87' lang='lat' dir='ltr'>indicia</span> 
     </span>
     <span class='ocr_line' id='line_1_55' title="bbox 904 2143 1696 2218; baseline 0.011 -16"><span class='ocrx_word' id='word_1_292' title='bbox 904 2143 1161 2218; x_wconf 68' lang='lat' dir='ltr'>praetenderunt</span> <span class='ocrx_word' id='word_1_293' title='bbox 1187 2145 1278 2206; x_wconf 90' lang='lat' dir='ltr'>Unde</span> <span class='ocrx_word' id='word_1_294' title='bbox 1295 2146 1328 2206; x_wconf 90' lang='lat' dir='ltr'>in</span> <span class='ocrx_word' id='word_1_295' title='bbox 1344 2150 1696 2211; x_wconf 79' lang='lat' dir='ltr'>excommunicationis</span> 
     </span>
     <span class='ocr_line' id='line_1_56' title="bbox 904 2239 1696 2323; baseline 0.015 -25"><span class='ocrx_word' id='word_1_296' title='bbox 904 2239 1051 2300; x_wconf 89' lang='lat' dir='ltr'>incidere</span> <span class='ocrx_word' id='word_1_297' title='bbox 1077 2242 1285 2314; x_wconf 86' lang='lat' dir='ltr'>sententiam,</span> <span class='ocrx_word' id='word_1_298' title='bbox 1316 2259 1415 2320; x_wconf 90' lang='lat' dir='ltr'>quam</span> <span class='ocrx_word' id='word_1_299' title='bbox 1436 2245 1470 2306; x_wconf 90' lang='lat' dir='ltr'>iu</span> <span class='ocrx_word' id='word_1_300' title='bbox 1495 2247 1578 2306; x_wconf 87' lang='lat' dir='ltr'>tales</span> <span class='ocrx_word' id='word_1_301' title='bbox 1600 2249 1696 2323; x_wconf 82' lang='lat' dir='ltr'>juxta</span> 
     </span>
     <span class='ocr_line' id='line_1_57' title="bbox 902 2337 1694 2419; baseline 0.011 -23"><span class='ocrx_word' id='word_1_302' title='bbox 902 2337 1070 2410; x_wconf 86' lang='lat' dir='ltr'>generalis</span> <span class='ocrx_word' id='word_1_303' title='bbox 1084 2339 1208 2400; x_wconf 89' lang='lat' dir='ltr'>statuta</span> <span class='ocrx_word' id='word_1_304' title='bbox 1217 2339 1357 2400; x_wconf 86' lang='lat' dir='ltr'>Concilii</span> <span class='ocrx_word' id='word_1_305' title='bbox 1368 2341 1528 2416; x_wconf 87' lang='lat' dir='ltr'>jussimus</span> <span class='ocrx_word' id='word_1_306' title='bbox 1544 2345 1694 2419; x_wconf 89' lang='lat' dir='ltr'>promul-</span> 
     </span>
     <span class='ocr_line' id='line_1_58' title="bbox 901 2433 1697 2516; baseline 0.009 -22"><span class='ocrx_word' id='word_1_307' title='bbox 901 2433 985 2508; x_wconf 91' lang='lat' dir='ltr'>gari.</span> <span class='ocrx_word' id='word_1_308' title='bbox 1004 2434 1086 2506; x_wconf 88' lang='lat' dir='ltr'>Quid</span> <span class='ocrx_word' id='word_1_309' title='bbox 1102 2437 1214 2498; x_wconf 84' lang='lat' dir='ltr'>autem</span> <span class='ocrx_word' id='word_1_310' title='bbox 1227 2435 1261 2496; x_wconf 95' lang='lat' dir='ltr'>hi</span> <span class='ocrx_word' id='word_1_311' title='bbox 1277 2437 1379 2498; x_wconf 82' lang='lat' dir='ltr'>asnis</span> <span class='ocrx_word' id='word_1_312' title='bbox 1394 2437 1607 2500; x_wconf 89' lang='lat' dir='ltr'>inferioribus</span> <span class='ocrx_word' id='word_1_313' title='bbox 1623 2456 1697 2516; x_wconf 89' lang='lat' dir='ltr'>gra·</span> 
     </span>
     <span class='ocr_line' id='line_1_59' title="bbox 902 2530 1698 2611; baseline 0.01 -20"><span class='ocrx_word' id='word_1_314' title='bbox 902 2530 1021 2592; x_wconf 90' lang='lat' dir='ltr'>tuitum</span> <span class='ocrx_word' id='word_1_315' title='bbox 1043 2532 1192 2609; x_wconf 84' lang='lat' dir='ltr'>exigunt,</span> <span class='ocrx_word' id='word_1_316' title='bbox 1213 2533 1270 2610; x_wconf 91' lang='lat' dir='ltr'>qui</span> <span class='ocrx_word' id='word_1_317' title='bbox 1292 2535 1412 2611; x_wconf 89' lang='lat' dir='ltr'>majori</span> <span class='ocrx_word' id='word_1_318' title='bbox 1433 2537 1466 2595; x_wconf 89' lang='lat' dir='ltr'>et</span> <span class='ocrx_word' id='word_1_319' title='bbox 1485 2537 1602 2598; x_wconf 81' lang='lat' dir='ltr'>factori</span> <span class='ocrx_word' id='word_1_320' title='bbox 1626 2554 1698 2610; x_wconf 90' lang='lat' dir='ltr'>suc,</span> 
     </span>
     <span class='ocr_line' id='line_1_60' title="bbox 902 2628 1699 2708; baseline 0.011 -22"><span class='ocrx_word' id='word_1_321' title='bbox 902 2631 1018 2704; x_wconf 87' lang='lat' dir='ltr'>sponte</span> <span class='ocrx_word' id='word_1_322' title='bbox 1045 2628 1156 2690; x_wconf 87' lang='lat' dir='ltr'>oblata</span> <span class='ocrx_word' id='word_1_323' title='bbox 1179 2631 1212 2691; x_wconf 89' lang='lat' dir='ltr'>et</span> <span class='ocrx_word' id='word_1_324' title='bbox 1237 2631 1372 2692; x_wconf 92' lang='lat' dir='ltr'>omnino</span> <span class='ocrx_word' id='word_1_325' title='bbox 1391 2635 1462 2708; x_wconf 87' lang='lat' dir='ltr'>jam</span> <span class='ocrx_word' id='word_1_326' title='bbox 1486 2632 1607 2706; x_wconf 89' lang='lat' dir='ltr'>dehita,</span> <span class='ocrx_word' id='word_1_327' title='bbox 1633 2650 1699 2694; x_wconf 89' lang='lat' dir='ltr'>uon</span> 
     </span>
     <span class='ocr_line' id='line_1_61' title="bbox 903 2725 1700 2799; baseline 0.009 -13"><span class='ocrx_word' id='word_1_328' title='bbox 903 2725 1090 2788; x_wconf 83' lang='lat' dir='ltr'>exsolvunt.</span> <span class='ocrx_word' id='word_1_329' title='bbox 1108 2727 1190 2799; x_wconf 90' lang='lat' dir='ltr'>Quia</span> <span class='ocrx_word' id='word_1_330' title='bbox 1204 2743 1283 2788; x_wconf 88' lang='lat' dir='ltr'>vero</span> <span class='ocrx_word' id='word_1_331' title='bbox 1297 2730 1487 2792; x_wconf 89' lang='lat' dir='ltr'>multotiens</span> <span class='ocrx_word' id='word_1_332' title='bbox 1497 2731 1599 2792; x_wconf 84' lang='lat' dir='ltr'>multa</span> <span class='ocrx_word' id='word_1_333' title='bbox 1612 2730 1700 2793; x_wconf 89' lang='lat' dir='ltr'>bona</span> 
     </span>
     <span class='ocr_line' id='line_1_62' title="bbox 903 2824 1698 2898; baseline 0.008 -14"><span class='ocrx_word' id='word_1_334' title='bbox 903 2824 1101 2898; x_wconf 86' lang='lat' dir='ltr'>praestantur</span> <span class='ocrx_word' id='word_1_335' title='bbox 1115 2824 1228 2886; x_wconf 83' lang='lat' dir='ltr'>inritis</span> <span class='ocrx_word' id='word_1_336' title='bbox 1244 2826 1276 2886; x_wconf 88' lang='lat' dir='ltr'>et</span> <span class='ocrx_word' id='word_1_337' title='bbox 1286 2825 1450 2886; x_wconf 88' lang='lat' dir='ltr'>salubrem</span> <span class='ocrx_word' id='word_1_338' title='bbox 1467 2826 1565 2890; x_wconf 89' lang='lat' dir='ltr'>habet</span> <span class='ocrx_word' id='word_1_339' title='bbox 1576 2829 1698 2890; x_wconf 88' lang='lat' dir='ltr'>coactis</span> 
     </span>
     <span class='ocr_line' id='line_1_63' title="bbox 902 2920 1696 2998; baseline 0.009 -20"><span class='ocrx_word' id='word_1_340' title='bbox 902 2920 1175 2998; x_wconf 90' lang='lat' dir='ltr'>quandocumque</span> <span class='ocrx_word' id='word_1_341' title='bbox 1201 2922 1394 2998; x_wconf 88' lang='lat' dir='ltr'>profectum,</span> <span class='ocrx_word' id='word_1_342' title='bbox 1414 2941 1488 2984; x_wconf 89' lang='lat' dir='ltr'>cum</span> <span class='ocrx_word' id='word_1_343' title='bbox 1504 2941 1696 2988; x_wconf 85' lang='lat' dir='ltr'>excommu-</span> 
     </span>
     <span class='ocr_line' id='line_1_64' title="bbox 903 3013 1694 3090; baseline 0.011 -18"><span class='ocrx_word' id='word_1_344' title='bbox 903 3013 1080 3076; x_wconf 88' lang='lat' dir='ltr'>nicationis</span> <span class='ocrx_word' id='word_1_345' title='bbox 1119 3017 1283 3078; x_wconf 89' lang='lat' dir='ltr'>sententia</span> <span class='ocrx_word' id='word_1_346' title='bbox 1322 3017 1528 3078; x_wconf 90' lang='lat' dir='ltr'>medicinalis</span> <span class='ocrx_word' id='word_1_347' title='bbox 1560 3020 1694 3090; x_wconf 84' lang='lat' dir='ltr'>existat,</span> 
     </span>
     <span class='ocr_line' id='line_1_65' title="bbox 903 3112 1694 3188; baseline 0.011 -19"><span class='ocrx_word' id='word_1_348' title='bbox 903 3112 1117 3186; x_wconf 82' lang='lat' dir='ltr'>praesentium</span> <span class='ocrx_word' id='word_1_349' title='bbox 1144 3112 1238 3174; x_wconf 87' lang='lat' dir='ltr'>vohis</span> <span class='ocrx_word' id='word_1_350' title='bbox 1265 3114 1462 3176; x_wconf 87' lang='lat' dir='ltr'>auctoritate</span> <span class='ocrx_word' id='word_1_351' title='bbox 1486 3116 1694 3188; x_wconf 88' lang='lat' dir='ltr'>mandamus,</span> 
     </span>
     <span class='ocr_line' id='line_1_66' title="bbox 901 3209 1700 3286; baseline 0.009 -19"><span class='ocrx_word' id='word_1_352' title='bbox 901 3209 1700 3286; x_wconf 84' lang='lat' dir='ltr'>quatenusdenuntietisgeneralitertalesexcom·</span> 
     </span>
     <span class='ocr_line' id='line_1_67' title="bbox 901 3305 1698 3388; baseline 0.011 -25"><span class='ocrx_word' id='word_1_353' title='bbox 901 3305 1135 3366; x_wconf 85' lang='lat' dir='ltr'>murricaticnis</span> <span class='ocrx_word' id='word_1_354' title='bbox 1149 3307 1284 3368; x_wconf 84' lang='lat' dir='ltr'>viuculo</span> <span class='ocrx_word' id='word_1_355' title='bbox 1297 3308 1481 3382; x_wconf 86' lang='lat' dir='ltr'>subjacere,</span> <span class='ocrx_word' id='word_1_356' title='bbox 1499 3309 1566 3370; x_wconf 86' lang='lat' dir='ltr'>illis</span> <span class='ocrx_word' id='word_1_357' title='bbox 1581 3325 1698 3388; x_wconf 80' lang='lat' dir='ltr'>excep·</span> 
     </span>
     <span class='ocr_line' id='line_1_68' title="bbox 902 3403 1699 3481; baseline 0.01 -19"><span class='ocrx_word' id='word_1_358' title='bbox 902 3403 1052 3478; x_wconf 72' lang='lat' dir='ltr'>lisquos</span> <span class='ocrx_word' id='word_1_359' title='bbox 1076 3407 1203 3481; x_wconf 90' lang='lat' dir='ltr'>justum</span> <span class='ocrx_word' id='word_1_360' title='bbox 1232 3404 1503 3480; x_wconf 89' lang='lat' dir='ltr'>impedimentum</span> <span class='ocrx_word' id='word_1_361' title='bbox 1529 3407 1699 3470; x_wconf 84' lang='lat' dir='ltr'>evidenter</span> 
     </span>
     <span class='ocr_line' id='line_1_69' title="bbox 901 3502 1699 3578; baseline 0.008 -18"><span class='ocrx_word' id='word_1_362' title='bbox 901 3502 1047 3561; x_wconf 88' lang='lat' dir='ltr'>excusat.</span> <span class='ocrx_word' id='word_1_363' title='bbox 1059 3503 1337 3578; x_wconf 87' lang='lat' dir='ltr'>Verumquianon</span> <span class='ocrx_word' id='word_1_364' title='bbox 1350 3502 1531 3576; x_wconf 80' lang='lat' dir='ltr'>vinculum,</span> <span class='ocrx_word' id='word_1_365' title='bbox 1545 3505 1602 3564; x_wconf 89' lang='lat' dir='ltr'>sed</span> <span class='ocrx_word' id='word_1_366' title='bbox 1613 3506 1699 3566; x_wconf 91' lang='lat' dir='ltr'>solu·</span> 
     </span>
     <span class='ocr_line' id='line_1_70' title="bbox 900 3596 1772 3676; baseline 0.006 -18"><span class='ocrx_word' id='word_1_367' title='bbox 900 3596 1023 3658; x_wconf 72' lang='lat' dir='ltr'>bouem</span> <span class='ocrx_word' id='word_1_368' title='bbox 1041 3599 1220 3674; x_wconf 88' lang='lat' dir='ltr'>quaerimus</span> <span class='ocrx_word' id='word_1_369' title='bbox 1240 3601 1439 3672; x_wconf 88' lang='lat' dir='ltr'>animarum,</span> <span class='ocrx_word' id='word_1_370' title='bbox 1456 3599 1510 3676; x_wconf 93' lang='lat' dir='ltr'>pia</span> <span class='ocrx_word' id='word_1_371' title='bbox 1532 3600 1698 3663; x_wconf 89' lang='lat' dir='ltr'>delibera·</span> <span class='ocrx_word' id='word_1_372' title='bbox 1770 3629 1772 3632; x_wconf 90' lang='grc'><em>·</em></span> 
     </span>
     <span class='ocr_line' id='line_1_71' title="bbox 900 3693 1696 3774; baseline 0.009 -21"><span class='ocrx_word' id='word_1_373' title='bbox 900 3693 990 3754; x_wconf 89' lang='lat' dir='ltr'>tione</span> <span class='ocrx_word' id='word_1_374' title='bbox 1005 3695 1220 3770; x_wconf 87' lang='lat' dir='ltr'>providimus,</span> <span class='ocrx_word' id='word_1_375' title='bbox 1236 3697 1272 3757; x_wconf 93' lang='lat' dir='ltr'>ut</span> <span class='ocrx_word' id='word_1_376' title='bbox 1284 3697 1312 3756; x_wconf 89' lang='lat' dir='ltr'>si</span> <span class='ocrx_word' id='word_1_377' title='bbox 1328 3697 1441 3774; x_wconf 83' lang='lat' dir='ltr'>quiex</span> <span class='ocrx_word' id='word_1_378' title='bbox 1452 3697 1573 3758; x_wconf 85' lang='lat' dir='ltr'>talibus</span> <span class='ocrx_word' id='word_1_379' title='bbox 1590 3699 1696 3760; x_wconf 88' lang='lat' dir='ltr'>bone-</span> 
     </span>
     <span class='ocr_line' id='line_1_72' title="bbox 902 3789 1696 3874; baseline 0.011 -25"><span class='ocrx_word' id='word_1_380' title='bbox 902 3789 1013 3850; x_wconf 88' lang='lat' dir='ltr'>ficium</span> <span class='ocrx_word' id='word_1_381' title='bbox 1023 3790 1242 3853; x_wconf 90' lang='lat' dir='ltr'>absolutionis</span> <span class='ocrx_word' id='word_1_382' title='bbox 1252 3793 1417 3868; x_wconf 88' lang='lat' dir='ltr'>petierint,</span> <span class='ocrx_word' id='word_1_383' title='bbox 1429 3810 1555 3870; x_wconf 77' lang='lat' dir='ltr'>perros</span> <span class='ocrx_word' id='word_1_384' title='bbox 1564 3797 1696 3874; x_wconf 90' lang='lat' dir='ltr'>recepto</span> 
     </span>
     <span class='ocr_line' id='line_1_73' title="bbox 897 3888 1698 3962; baseline 0.007 -14"><span class='ocrx_word' id='word_1_385' title='bbox 897 3888 1088 3962; x_wconf 90' lang='lat' dir='ltr'>juramento</span> <span class='ocrx_word' id='word_1_386' title='bbox 1103 3889 1144 3949; x_wconf 93' lang='lat' dir='ltr'>de</span> <span class='ocrx_word' id='word_1_387' title='bbox 1160 3889 1276 3950; x_wconf 91' lang='lat' dir='ltr'>stando</span> <span class='ocrx_word' id='word_1_388' title='bbox 1290 3890 1454 3952; x_wconf 89' lang='lat' dir='ltr'>mandatis</span> <span class='ocrx_word' id='word_1_389' title='bbox 1473 3891 1621 3953; x_wconf 84' lang='lat' dir='ltr'>ecclesiae</span> <span class='ocrx_word' id='word_1_390' title='bbox 1637 3893 1698 3954; x_wconf 89' lang='lat' dir='ltr'>ab·</span> 
     </span>
    </p>
   </div>
   <div class='ocr_carea' id='block_1_13' title="bbox 53 3980 1697 5524">
    <p class='ocr_par' dir='ltr' id='par_1_14' title="bbox 53 3980 1697 5524">
     <span class='ocr_line' id='line_1_74' title="bbox 63 3980 1696 4062; baseline 0.009 -26"><span class='ocrx_word' id='word_1_391' title='bbox 63 3980 845 4041; x_wconf 82' lang='lat' dir='ltr'>Utdenuncientexoommunicalosomnesnonsolven·</span> <span class='ocrx_word' id='word_1_392' title='bbox 901 3984 1085 4056; x_wconf 84' lang='lat' dir='ltr'>solvantur,</span> <span class='ocrx_word' id='word_1_393' title='bbox 1122 3984 1242 4062; x_wconf 90' lang='lat' dir='ltr'>quibus</span> <span class='ocrx_word' id='word_1_394' title='bbox 1275 3986 1408 4062; x_wconf 89' lang='lat' dir='ltr'>injungi</span> <span class='ocrx_word' id='word_1_395' title='bbox 1446 3987 1600 4050; x_wconf 89' lang='lat' dir='ltr'>volumus</span> <span class='ocrx_word' id='word_1_396' title='bbox 1634 3988 1696 4050; x_wconf 88' lang='lat' dir='ltr'>suh</span> 
     </span>
     <span class='ocr_line' id='line_1_75' title="bbox 247 4071 1696 4159; baseline 0.007 -21"><span class='ocrx_word' id='word_1_397' title='bbox 247 4071 649 4130; x_wconf 69' lang='lat' dir='ltr'>18⁸V⁰1umullrflfflssrissum·</span> <span class='ocrx_word' id='word_1_398' title='bbox 900 4079 1009 4142; x_wconf 92' lang='lat' dir='ltr'>debito</span> <span class='ocrx_word' id='word_1_399' title='bbox 1029 4082 1168 4158; x_wconf 88' lang='lat' dir='ltr'>praestiti</span> <span class='ocrx_word' id='word_1_400' title='bbox 1184 4083 1377 4159; x_wconf 90' lang='lat' dir='ltr'>juramenti,</span> <span class='ocrx_word' id='word_1_401' title='bbox 1395 4084 1479 4145; x_wconf 91' lang='lat' dir='ltr'>utin</span> <span class='ocrx_word' id='word_1_402' title='bbox 1499 4083 1583 4150; x_wconf 85' lang='lat' dir='ltr'>festo</span> <span class='ocrx_word' id='word_1_403' title='bbox 1608 4085 1696 4149; x_wconf 88' lang='lat' dir='ltr'>beati</span> 
     </span>
     <span class='ocr_line' id='line_1_76' title="bbox 95 4176 1696 4260; baseline 0.004 -25"><span class='ocrx_word' id='word_1_404' title='bbox 95 4179 272 4250; x_wconf 87' lang='lat' dir='ltr'>Honorius,</span> <span class='ocrx_word' id='word_1_405' title='bbox 308 4181 383 4251; x_wconf 81' lang='lat' dir='ltr'>etc..</span> <span class='ocrx_word' id='word_1_406' title='bbox 410 4179 655 4241; x_wconf 85' lang='lat' dir='ltr'>venerabilibus</span> <span class='ocrx_word' id='word_1_407' title='bbox 685 4180 844 4242; x_wconf 91' lang='lat' dir='ltr'>fratribus</span> <span class='ocrx_word' id='word_1_408' title='bbox 900 4176 1069 4238; x_wconf 89' lang='lat' dir='ltr'>Benedicti</span> <span class='ocrx_word' id='word_1_409' title='bbox 1097 4178 1250 4254; x_wconf 81' lang='lat' dir='ltr'>proximo</span> <span class='ocrx_word' id='word_1_410' title='bbox 1280 4177 1404 4252; x_wconf 87' lang='lat' dir='ltr'>futuro,</span> <span class='ocrx_word' id='word_1_411' title='bbox 1438 4181 1493 4244; x_wconf 80' lang='lat' dir='ltr'>vel</span> <span class='ocrx_word' id='word_1_412' title='bbox 1528 4183 1605 4243; x_wconf 89' lang='lat' dir='ltr'>ante</span> <span class='ocrx_word' id='word_1_413' title='bbox 1640 4183 1696 4260; x_wconf 92' lang='lat' dir='ltr'>qui</span> 
     </span>
     <span class='ocr_line' id='line_1_77' title="bbox 60 4274 1694 4354; baseline 0.005 -22"><span class='ocrx_word' id='word_1_414' title='bbox 60 4274 218 4335; x_wconf 89' lang='lat' dir='ltr'>universis</span> <span class='ocrx_word' id='word_1_415' title='bbox 230 4275 502 4353; x_wconf 88' lang='lat' dir='ltr'>archiepiscopis,</span> <span class='ocrx_word' id='word_1_416' title='bbox 515 4277 690 4354; x_wconf 85' lang='lat' dir='ltr'>episcopis,</span> <span class='ocrx_word' id='word_1_417' title='bbox 705 4280 738 4338; x_wconf 89' lang='lat' dir='ltr'>et</span> <span class='ocrx_word' id='word_1_418' title='bbox 748 4279 845 4340; x_wconf 91' lang='lat' dir='ltr'>dileo·</span> <span class='ocrx_word' id='word_1_419' title='bbox 899 4274 1076 4346; x_wconf 91' lang='lat' dir='ltr'>voluerint,</span> <span class='ocrx_word' id='word_1_420' title='bbox 1097 4275 1164 4336; x_wconf 91' lang='lat' dir='ltr'>nisi</span> <span class='ocrx_word' id='word_1_421' title='bbox 1175 4277 1266 4352; x_wconf 89' lang='lat' dir='ltr'>justo</span> <span class='ocrx_word' id='word_1_422' title='bbox 1280 4277 1313 4338; x_wconf 89' lang='lat' dir='ltr'>et</span> <span class='ocrx_word' id='word_1_423' title='bbox 1327 4277 1471 4338; x_wconf 88' lang='lat' dir='ltr'>evidenti</span> <span class='ocrx_word' id='word_1_424' title='bbox 1487 4277 1610 4340; x_wconf 91' lang='lat' dir='ltr'>luerint</span> <span class='ocrx_word' id='word_1_425' title='bbox 1626 4279 1694 4339; x_wconf 90' lang='lat' dir='ltr'>im-</span> 
     </span>
     <span class='ocr_line' id='line_1_78' title="bbox 59 4371 1694 4451; baseline 0.012 -23"><span class='ocrx_word' id='word_1_426' title='bbox 59 4371 97 4430; x_wconf 89' lang='lat' dir='ltr'>tis</span> <span class='ocrx_word' id='word_1_427' title='bbox 131 4373 210 4433; x_wconf 88' lang='lat' dir='ltr'>liliis</span> <span class='ocrx_word' id='word_1_428' title='bbox 236 4373 359 4436; x_wconf 86' lang='lat' dir='ltr'>Christi</span> <span class='ocrx_word' id='word_1_429' title='bbox 384 4373 538 4436; x_wconf 86' lang='lat' dir='ltr'>fidelibus</span> <span class='ocrx_word' id='word_1_430' title='bbox 564 4389 624 4451; x_wconf 88' lang='lat' dir='ltr'>per</span> <span class='ocrx_word' id='word_1_431' title='bbox 649 4376 843 4438; x_wconf 88' lang='lat' dir='ltr'>Teutoniam</span> <span class='ocrx_word' id='word_1_432' title='bbox 899 4371 1087 4446; x_wconf 74' lang='lat' dir='ltr'>pedimento</span> <span class='ocrx_word' id='word_1_433' title='bbox 1109 4373 1243 4444; x_wconf 72' lang='lat' dir='ltr'>detenti,</span> <span class='ocrx_word' id='word_1_434' title='bbox 1264 4373 1329 4434; x_wconf 64' lang='lat' dir='ltr'>iter</span> <span class='ocrx_word' id='word_1_435' title='bbox 1349 4374 1514 4451; x_wconf 66' lang='lat' dir='ltr'>arripiant</span> <span class='ocrx_word' id='word_1_436' title='bbox 1529 4375 1564 4436; x_wconf 79' lang='lat' dir='ltr'>in</span> <span class='ocrx_word' id='word_1_437' title='bbox 1580 4375 1694 4436; x_wconf 74' lang='lat' dir='ltr'>subsi-</span> 
     </span>
     <span class='ocr_line' id='line_1_79' title="bbox 59 4468 1695 4548; baseline 0.001 -17"><span class='ocrx_word' id='word_1_438' title='bbox 59 4470 251 4542; x_wconf 82' lang='lat' dir='ltr'>constitutis,</span> <span class='ocrx_word' id='word_1_439' title='bbox 266 4470 417 4544; x_wconf 90' lang='lat' dir='ltr'>salutem,</span> <span class='ocrx_word' id='word_1_440' title='bbox 431 4473 494 4534; x_wconf 87' lang='lat' dir='ltr'>etc.</span> <span class='ocrx_word' id='word_1_441' title='bbox 899 4468 989 4530; x_wconf 90' lang='lat' dir='ltr'>dium</span> <span class='ocrx_word' id='word_1_442' title='bbox 1017 4471 1129 4532; x_wconf 81' lang='lat' dir='ltr'>Terrae</span> <span class='ocrx_word' id='word_1_443' title='bbox 1166 4470 1307 4542; x_wconf 86' lang='lat' dir='ltr'>Sanctae,</span> <span class='ocrx_word' id='word_1_444' title='bbox 1335 4486 1385 4538; x_wconf 89' lang='lat' dir='ltr'>ao,</span> <span class='ocrx_word' id='word_1_445' title='bbox 1408 4472 1507 4548; x_wconf 89' lang='lat' dir='ltr'>prout</span> <span class='ocrx_word' id='word_1_446' title='bbox 1536 4473 1695 4534; x_wconf 90' lang='lat' dir='ltr'>Dominus</span> 
     </span>
     <span class='ocr_line' id='line_1_80' title="bbox 94 4565 1695 4646; baseline 0.009 -22"><span class='ocrx_word' id='word_1_447' title='bbox 94 4567 138 4626; x_wconf 88' lang='lat' dir='ltr'>De</span> <span class='ocrx_word' id='word_1_448' title='bbox 151 4569 280 4630; x_wconf 88' lang='lat' dir='ltr'>secreto</span> <span class='ocrx_word' id='word_1_449' title='bbox 291 4569 400 4630; x_wconf 83' lang='lat' dir='ltr'>Patris</span> <span class='ocrx_word' id='word_1_450' title='bbox 411 4569 445 4630; x_wconf 93' lang='lat' dir='ltr'>in</span> <span class='ocrx_word' id='word_1_451' title='bbox 459 4569 625 4646; x_wconf 93' lang='lat' dir='ltr'>publicum</span> <span class='ocrx_word' id='word_1_452' title='bbox 638 4586 792 4646; x_wconf 88' lang='lat' dir='ltr'>egressus</span> <span class='ocrx_word' id='word_1_453' title='bbox 802 4571 843 4633; x_wconf 90' lang='lat' dir='ltr'>ad</span> <span class='ocrx_word' id='word_1_454' title='bbox 899 4565 1036 4638; x_wconf 82' lang='lat' dir='ltr'>dederit,</span> <span class='ocrx_word' id='word_1_455' title='bbox 1051 4570 1304 4644; x_wconf 66' lang='lat' dir='ltr'>pI&#39;OSelluasstur·</span> <span class='ocrx_word' id='word_1_456' title='bbox 1317 4567 1407 4628; x_wconf 67' lang='lat' dir='ltr'>Illud</span> <span class='ocrx_word' id='word_1_457' title='bbox 1416 4571 1527 4630; x_wconf 65' lang='lat' dir='ltr'>aulem</span> <span class='ocrx_word' id='word_1_458' title='bbox 1540 4570 1695 4634; x_wconf 74' lang='lat'>110111111118</span> 
     </span>
     <span class='ocr_line' id='line_1_81' title="bbox 59 4663 1696 4743; baseline 0.005 -21"><span class='ocrx_word' id='word_1_459' title='bbox 59 4665 341 4726; x_wconf 81' lang='lat' dir='ltr'>servosRosllllns</span> <span class='ocrx_word' id='word_1_460' title='bbox 350 4665 390 4726; x_wconf 90' lang='lat' dir='ltr'>ad</span> <span class='ocrx_word' id='word_1_461' title='bbox 402 4665 651 4740; x_wconf 88' lang='lat' dir='ltr'>imadescendit,</span> <span class='ocrx_word' id='word_1_462' title='bbox 661 4669 696 4730; x_wconf 90' lang='lat' dir='ltr'>ut</span> <span class='ocrx_word' id='word_1_463' title='bbox 704 4668 844 4730; x_wconf 87' lang='lat' dir='ltr'>subditis</span> <span class='ocrx_word' id='word_1_464' title='bbox 898 4665 931 4724; x_wconf 89' lang='lat' dir='ltr'>et</span> <span class='ocrx_word' id='word_1_465' title='bbox 944 4680 1003 4725; x_wconf 82' lang='lat' dir='ltr'>ros</span> <span class='ocrx_word' id='word_1_466' title='bbox 1016 4664 1264 4738; x_wconf 74' lang='lat' dir='ltr'>crucesignatos</span> <span class='ocrx_word' id='word_1_467' title='bbox 1277 4663 1392 4737; x_wconf 86' lang='lat' dir='ltr'>latere,</span> <span class='ocrx_word' id='word_1_468' title='bbox 1405 4666 1490 4743; x_wconf 91' lang='lat' dir='ltr'>quod</span> <span class='ocrx_word' id='word_1_469' title='bbox 1504 4668 1591 4729; x_wconf 91' lang='lat' dir='ltr'>sicut</span> <span class='ocrx_word' id='word_1_470' title='bbox 1603 4683 1696 4730; x_wconf 89' lang='lat' dir='ltr'>acce·</span> 
     </span>
     <span class='ocr_line' id='line_1_82' title="bbox 58 4759 1697 4842; baseline 0.007 -24"><span class='ocrx_word' id='word_1_471' title='bbox 58 4759 93 4818; x_wconf 87' lang='lat' dir='ltr'>ad</span> <span class='ocrx_word' id='word_1_472' title='bbox 109 4778 237 4822; x_wconf 86' lang='lat' dir='ltr'>summa</span> <span class='ocrx_word' id='word_1_473' title='bbox 248 4765 381 4838; x_wconf 89' lang='lat' dir='ltr'>pararet</span> <span class='ocrx_word' id='word_1_474' title='bbox 391 4779 576 4836; x_wconf 87' lang='lat' dir='ltr'>ascensum,</span> <span class='ocrx_word' id='word_1_475' title='bbox 590 4764 651 4824; x_wconf 89' lang='lat' dir='ltr'>suh</span> <span class='ocrx_word' id='word_1_476' title='bbox 664 4765 748 4826; x_wconf 89' lang='lat' dir='ltr'>testa</span> <span class='ocrx_word' id='word_1_477' title='bbox 766 4783 845 4828; x_wconf 88' lang='lat' dir='ltr'>nos·</span> <span class='ocrx_word' id='word_1_478' title='bbox 899 4761 1006 4836; x_wconf 89' lang='lat' dir='ltr'>pimus</span> <span class='ocrx_word' id='word_1_479' title='bbox 1021 4761 1086 4822; x_wconf 83' lang='lat' dir='ltr'>nisi</span> <span class='ocrx_word' id='word_1_480' title='bbox 1110 4761 1145 4822; x_wconf 92' lang='lat' dir='ltr'>in</span> <span class='ocrx_word' id='word_1_481' title='bbox 1161 4761 1314 4838; x_wconf 86' lang='lat' dir='ltr'>passagio</span> <span class='ocrx_word' id='word_1_482' title='bbox 1342 4763 1452 4824; x_wconf 88' lang='lat' dir='ltr'>martii</span> <span class='ocrx_word' id='word_1_483' title='bbox 1473 4764 1578 4842; x_wconf 89' lang='lat' dir='ltr'>aliqui</span> <span class='ocrx_word' id='word_1_484' title='bbox 1601 4769 1697 4828; x_wconf 91' lang='lat' dir='ltr'>tran-</span> 
     </span>
     <span class='ocr_line' id='line_1_83' title="bbox 57 4855 1691 4936; baseline 0.005 -20"><span class='ocrx_word' id='word_1_485' title='bbox 57 4855 841 4934; x_wconf 85' lang='lat' dir='ltr'>traemortalitatisligulusinterrisvisus,etcum</span> <span class='ocrx_word' id='word_1_486' title='bbox 901 4859 997 4919; x_wconf 86' lang='lat' dir='ltr'>soant</span> <span class='ocrx_word' id='word_1_487' title='bbox 1023 4858 1064 4918; x_wconf 93' lang='lat' dir='ltr'>ad</span> <span class='ocrx_word' id='word_1_488' title='bbox 1087 4874 1279 4919; x_wconf 87' lang='lat' dir='ltr'>succursum</span> <span class='ocrx_word' id='word_1_489' title='bbox 1306 4861 1473 4922; x_wconf 82' lang='lat' dir='ltr'>exercitus</span> <span class='ocrx_word' id='word_1_490' title='bbox 1499 4862 1691 4936; x_wconf 84' lang='lat' dir='ltr'>Christiani,</span> 
     </span>
     <span class='ocr_line' id='line_1_84' title="bbox 56 4949 1695 5034; baseline 0.007 -24"><span class='ocrx_word' id='word_1_491' title='bbox 56 4949 240 5015; x_wconf 88' lang='lat' dir='ltr'>hominibus</span> <span class='ocrx_word' id='word_1_492' title='bbox 255 4957 480 5018; x_wconf 90' lang='lat' dir='ltr'>conversatus.</span> <span class='ocrx_word' id='word_1_493' title='bbox 498 4959 559 5029; x_wconf 91' lang='lat' dir='ltr'>Qui</span> <span class='ocrx_word' id='word_1_494' title='bbox 573 4959 706 5020; x_wconf 89' lang='lat' dir='ltr'>tandem</span> <span class='ocrx_word' id='word_1_495' title='bbox 722 4961 757 5021; x_wconf 89' lang='lat' dir='ltr'>ut</span> <span class='ocrx_word' id='word_1_496' title='bbox 770 4975 843 5022; x_wconf 87' lang='lat' dir='ltr'>nos·</span> <span class='ocrx_word' id='word_1_497' title='bbox 897 4971 1009 5031; x_wconf 80' lang='lat' dir='ltr'>grave,</span> <span class='ocrx_word' id='word_1_498' title='bbox 1024 4971 1106 5032; x_wconf 91' lang='lat' dir='ltr'>quos</span> <span class='ocrx_word' id='word_1_499' title='bbox 1128 4959 1216 5016; x_wconf 87' lang='lat' dir='ltr'>Deus</span> <span class='ocrx_word' id='word_1_500' title='bbox 1236 4959 1376 5029; x_wconf 85' lang='lat' dir='ltr'>avertat,</span> <span class='ocrx_word' id='word_1_501' title='bbox 1388 4961 1500 5034; x_wconf 88' lang='lat' dir='ltr'>posset</span> <span class='ocrx_word' id='word_1_502' title='bbox 1515 4960 1564 5020; x_wconf 91' lang='lat' dir='ltr'>eis</span> <span class='ocrx_word' id='word_1_503' title='bbox 1583 4962 1695 5022; x_wconf 89' lang='lat' dir='ltr'>immi-</span> 
     </span>
     <span class='ocr_line' id='line_1_85' title="bbox 55 5049 1694 5134; baseline 0.007 -26"><span class='ocrx_word' id='word_1_504' title='bbox 55 5049 108 5110; x_wconf 88' lang='lat' dir='ltr'>trae</span> <span class='ocrx_word' id='word_1_505' title='bbox 127 5053 297 5114; x_wconf 88' lang='lat' dir='ltr'>servitutis</span> <span class='ocrx_word' id='word_1_506' title='bbox 319 5053 576 5131; x_wconf 81' lang='lat' dir='ltr'>chirographum</span> <span class='ocrx_word' id='word_1_507' title='bbox 597 5071 657 5116; x_wconf 91' lang='lat' dir='ltr'>suo</span> <span class='ocrx_word' id='word_1_508' title='bbox 679 5059 841 5132; x_wconf 86' lang='lat' dir='ltr'>sanguine</span> <span class='ocrx_word' id='word_1_509' title='bbox 896 5068 977 5113; x_wconf 90' lang='lat' dir='ltr'>nere</span> <span class='ocrx_word' id='word_1_510' title='bbox 991 5053 1183 5126; x_wconf 90' lang='lat' dir='ltr'>discrimen,</span> <span class='ocrx_word' id='word_1_511' title='bbox 1200 5071 1260 5116; x_wconf 92' lang='lat' dir='ltr'>neo</span> <span class='ocrx_word' id='word_1_512' title='bbox 1276 5059 1364 5118; x_wconf 89' lang='lat' dir='ltr'>esset</span> <span class='ocrx_word' id='word_1_513' title='bbox 1378 5056 1475 5118; x_wconf 90' lang='lat' dir='ltr'>facile</span> <span class='ocrx_word' id='word_1_514' title='bbox 1490 5058 1586 5134; x_wconf 90' lang='lat' dir='ltr'>quasi</span> <span class='ocrx_word' id='word_1_515' title='bbox 1601 5074 1619 5118; x_wconf 90' lang='lat' dir='ltr'>a</span> <span class='ocrx_word' id='word_1_516' title='bbox 1636 5075 1694 5120; x_wconf 88' lang='lat' dir='ltr'>ca-</span> 
     </span>
     <span class='ocr_line' id='line_1_86' title="bbox 55 5149 1693 5229; baseline 0.007 -25"><span class='ocrx_word' id='word_1_517' title='bbox 55 5149 258 5222; x_wconf 86' lang='lat' dir='ltr'>cancsllaret,</span> <span class='ocrx_word' id='word_1_518' title='bbox 273 5151 841 5229; x_wconf 85' lang='lat' dir='ltr'>attemperalimortelegemmortis</span> <span class='ocrx_word' id='word_1_519' title='bbox 897 5152 964 5228; x_wconf 90' lang='lat' dir='ltr'>pite</span> <span class='ocrx_word' id='word_1_520' title='bbox 978 5151 1038 5211; x_wconf 90' lang='lat' dir='ltr'>sub</span> <span class='ocrx_word' id='word_1_521' title='bbox 1054 5151 1153 5213; x_wconf 91' lang='lat' dir='ltr'>dubio</span> <span class='ocrx_word' id='word_1_522' title='bbox 1166 5151 1279 5217; x_wconf 89' lang='lat' dir='ltr'>forsan</span> <span class='ocrx_word' id='word_1_523' title='bbox 1294 5155 1425 5226; x_wconf 87' lang='lat' dir='ltr'>eventu,</span> <span class='ocrx_word' id='word_1_524' title='bbox 1437 5170 1606 5214; x_wconf 89' lang='lat' dir='ltr'>resumere</span> <span class='ocrx_word' id='word_1_525' title='bbox 1616 5157 1693 5217; x_wconf 88' lang='lat' dir='ltr'>tan-</span> 
     </span>
     <span class='ocr_line' id='line_1_87' title="bbox 55 5242 1690 5328; baseline 0.008 -27"><span class='ocrx_word' id='word_1_526' title='bbox 55 5242 196 5307; x_wconf 90' lang='lat' dir='ltr'>aboleret</span> <span class='ocrx_word' id='word_1_527' title='bbox 210 5248 355 5316; x_wconf 87' lang='lat' dir='ltr'>aeternas,</span> <span class='ocrx_word' id='word_1_528' title='bbox 375 5264 442 5309; x_wconf 90' lang='lat' dir='ltr'>non</span> <span class='ocrx_word' id='word_1_529' title='bbox 456 5249 637 5312; x_wconf 89' lang='lat' dir='ltr'>declinavit</span> <span class='ocrx_word' id='word_1_530' title='bbox 651 5251 838 5328; x_wconf 90' lang='lat' dir='ltr'>opprobria,</span> <span class='ocrx_word' id='word_1_531' title='bbox 895 5253 964 5313; x_wconf 89' lang='lat' dir='ltr'>tum</span> <span class='ocrx_word' id='word_1_532' title='bbox 979 5250 1159 5324; x_wconf 90' lang='lat' dir='ltr'>negotium,</span> <span class='ocrx_word' id='word_1_533' title='bbox 1172 5251 1258 5326; x_wconf 88' lang='lat' dir='ltr'>quod</span> <span class='ocrx_word' id='word_1_534' title='bbox 1274 5266 1378 5327; x_wconf 88' lang='lat' dir='ltr'>usque</span> <span class='ocrx_word' id='word_1_535' title='bbox 1393 5267 1480 5312; x_wconf 92' lang='lat' dir='ltr'>nunc</span> <span class='ocrx_word' id='word_1_536' title='bbox 1495 5266 1690 5328; x_wconf 90' lang='lat' dir='ltr'>prosperum</span> 
     </span>
     <span class='ocr_line' id='line_1_88' title="bbox 54 5343 1584 5424; baseline 0.006 -26"><span class='ocrx_word' id='word_1_537' title='bbox 54 5355 113 5400; x_wconf 93' lang='lat' dir='ltr'>non</span> <span class='ocrx_word' id='word_1_538' title='bbox 125 5359 161 5402; x_wconf 90' lang='lat' dir='ltr'>se</span> <span class='ocrx_word' id='word_1_539' title='bbox 176 5343 341 5407; x_wconf 83' lang='lat' dir='ltr'>subtraxit</span> <span class='ocrx_word' id='word_1_540' title='bbox 350 5345 496 5421; x_wconf 91' lang='lat' dir='ltr'>injuriis,</span> <span class='ocrx_word' id='word_1_541' title='bbox 514 5347 570 5408; x_wconf 89' lang='lat' dir='ltr'>sed</span> <span class='ocrx_word' id='word_1_542' title='bbox 587 5348 678 5408; x_wconf 89' lang='lat' dir='ltr'>cruci</span> <span class='ocrx_word' id='word_1_543' title='bbox 692 5364 729 5410; x_wconf 91' lang='lat' dir='ltr'>se</span> <span class='ocrx_word' id='word_1_544' title='bbox 740 5349 839 5411; x_wconf 91' lang='lat' dir='ltr'>obtu-</span> <span class='ocrx_word' id='word_1_545' title='bbox 896 5347 1021 5418; x_wconf 90' lang='lat' dir='ltr'>habuit,</span> <span class='ocrx_word' id='word_1_546' title='bbox 1038 5348 1177 5409; x_wconf 88' lang='lat' dir='ltr'>Domino</span> <span class='ocrx_word' id='word_1_547' title='bbox 1193 5347 1366 5424; x_wconf 88' lang='lat' dir='ltr'>dirigente,</span> <span class='ocrx_word' id='word_1_548' title='bbox 1381 5363 1584 5424; x_wconf 89' lang='lat' dir='ltr'>processum.</span> 
     </span>
     <span class='ocr_line' id='line_1_89' title="bbox 53 5435 1675 5524; baseline 0.009 -29"><span class='ocrx_word' id='word_1_549' title='bbox 53 5435 95 5508; x_wconf 83' lang='lat' dir='ltr'>lit,</span> <span class='ocrx_word' id='word_1_550' title='bbox 106 5441 551 5506; x_wconf 89' lang='lat' dir='ltr'>etorucialibusultrodedit.</span> <span class='ocrx_word' id='word_1_551' title='bbox 566 5447 652 5506; x_wconf 88' lang='lat' dir='ltr'>Sane</span> <span class='ocrx_word' id='word_1_552' title='bbox 664 5445 704 5506; x_wconf 91' lang='lat' dir='ltr'>ad</span> <span class='ocrx_word' id='word_1_553' title='bbox 719 5447 840 5510; x_wconf 87' lang='lat' dir='ltr'>Christi</span> <span class='ocrx_word' id='word_1_554' title='bbox 936 5447 1054 5506; x_wconf 84' lang='lat' dir='ltr'>ilatum</span> <span class='ocrx_word' id='word_1_555' title='bbox 1071 5447 1183 5516; x_wconf 86' lang='lat' dir='ltr'>Reate,</span> <span class='ocrx_word' id='word_1_556' title='bbox 1202 5444 1268 5506; x_wconf 85' lang='lat' dir='ltr'>kal.</span> <span class='ocrx_word' id='word_1_557' title='bbox 1287 5444 1430 5506; x_wconf 89' lang='lat' dir='ltr'>octobris</span> <span class='ocrx_word' id='word_1_558' title='bbox 1443 5459 1530 5505; x_wconf 92' lang='lat' dir='ltr'>anno</span> <span class='ocrx_word' id='word_1_559' title='bbox 1546 5451 1675 5524; x_wconf 90' lang='lat' dir='ltr'>quarto.</span> 
     </span>
    </p>
   </div>
   <div class='ocr_carea' id='block_1_14' title="bbox 0 0 1994 6292">
    <p class='ocr_par' dir='ltr' id='par_1_15' title="bbox 0 0 1994 6292">
     <span class='ocr_line' id='line_1_90' title="bbox 0 0 1994 6292; baseline 0 4"><span class='ocrx_word' id='word_1_560' title='bbox 0 0 1994 6292; x_wconf 95' lang='lat' dir='ltr'> </span> 
     </span>
    </p>
   </div>
  </div>
 </body>
</html>
