4198 6322
153 371 194 432 co
771 369 998 429 namucum.
1022 371 1101 428 nm,
1123 370 1179 429 m.
1757 377 1795 430 m
1911 347 1918 360 '

154 529 231 600 ruit,
243 527 400 592 intuitum
410 527 543 602 erigens
552 525 774 598 tenebrosum,
787 525 949 588 desistere

152 625 280 690 atania
302 624 408 701 ipsius
427 623 579 686 ecclesie
594 623 825 700 persecutione
844 639 947 700 coga-

151 723 218 784 tur.
241 723 361 786 Datum
380 720 547 792 Laterani,
573 722 633 782 vii
651 719 727 782 idus
749 720 946 792 decembris,

151 817 365 895 pontificatus
379 818 486 884 nostri
499 831 588 880 anno
602 817 710 880 tertio.

487 985 611 1072 LXIV

149 1125 201 1181 Aci
210 1119 452 1182 Barirannum
462 1118 664 1191 apostoncae
678 1119 776 1180 Scotto
788 1117 946 1193 tapetum.

417 1237 578 1297 idmmb.
604 1239 682 1296 liti.

173 1347 297 1410 [ἡμὴ
308 1343 354 1396 lib.
369 1344 413 1402 lll,
426 1345 501 1410 epist.
513 1343 567 1394 let.
580 1345 639 1395 lisa.
648 1345 684 1395 La
695 1344 769 1394 Porta
778 1343 813 1394 dn
824 1342 917 1408 rhem]

149 1451 268 1511 liandst
289 1458 321 1510 ut
343 1451 454 1510 idoneis
475 1450 608 1523 personis
631 1448 799 1524 prebendas
813 1457 950 1507 vacantes

477 1537 616 1597 conterat.

98 1725 102 1732 ⁸
190 1648 369 1721 Honorius,
383 1649 457 1721 etc,
475 1648 594 1710 dilecto
610 1647 678 1709 tilio
693 1650 729 1708 Β.
744 1647 832 1710 tituli
848 1649 949 1708 Sanc·

149 1747 261 1808 torum
275 1746 439 1808 iohannis
453 1747 486 1806 et
501 1745 596 1806 Pauli
614 1744 807 1822 presbytero
833 1743 948 1805 cardi-

148 1842 231 1914 nali,
248 1841 446 1918 apostoncae
460 1841 555 1902 Sedis
568 1842 688 1917 legato,
704 1841 857 1912 salutem,
884 1841 947 1900 etc.

191 1939 323 2000 Nostris
337 1937 400 2000 init
411 1938 548 2000 auribus
559 1939 746 2000 intimatum
760 1935 846 2014 quod
869 1937 948 2014 qui-

148 2037 227 2096 dam
234 2037 440 2113 personatus,
452 2035 637 2112 praebendae
647 2051 687 2097 ac
695 2035 846 2096 ecclesiae
854 2050 950 2111 paro-

149 2133 406 2196 chialesvacant
421 2134 454 2194 et
466 2135 669 2194 vacaverunt
682 2132 810 2196 tamdiu
824 2133 860 2191 ln
871 2132 950 2192 civi·

148 2233 246 2302 tate,
272 2245 311 2291 ac
339 2230 476 2292 dioecesi
501 2229 735 2302 Narbonensi,
764 2229 949 2290 venarabili

149 2328 255 2388 tratre
287 2329 439 2390 nostro...
472 2327 662 2388 Narbonem.
698 2326 949 2404 archiepiscopo

149 2425 312 2502 quasdam
327 2440 370 2486 ax
384 2424 466 2502 ipsis
490 2424 531 2486 ad
552 2439 670 2486 manus
694 2425 845 2500 proprias
862 2424 948 2485 reti-

151 2523 266 2592 nente,
290 2519 477 2598 posthabita
501 2521 717 2582 ecclesiarum
744 2523 779 2582 et
803 2519 949 2597 plebium

149 2633 244 2687 cura,
264 2634 337 2694 quae
360 2617 478 2678 debitis
504 2617 671 2694 obsequiis
697 2616 946 2680 defraudantur.

149 2715 295 2792 Ideoque
325 2715 519 2776 discretioni
550 2717 616 2777 tnae
656 2729 716 2792 per
760 2715 948 2792 Apostolica

149 2813 275 2889 scripta
307 2812 521 2880 mandamus,
549 2814 711 2888 qnatenus
739 2813 946 2888 personatus,

148 2908 359 2986 praebendas,
375 2910 407 2970 et
422 2908 581 2970 ecclesias
594 2909 739 2970 civitatis
754 2911 787 2970 et
796 2908 948 2970 dioecesis

149 3005 372 3083 supradicte,
403 3020 477 3082 quae
510 3007 687 3083 antequam
710 3005 798 3067 idem
817 3005 949 3066 archie-

150 3104 309 3180 piscopus
337 3103 379 3164 ad
407 3105 554 3164 nostram
580 3104 711 3164 veniret
737 3103 948 3180 praesentiam

148 3203 300 3277 tempore
311 3201 404 3261 tante
413 3201 624 3273 vacaverant,
641 3201 727 3278 qued
743 3200 785 3261 ad
799 3215 860 3261 nos
877 3201 949 3262 erat

148 3313 266 3360 earum
285 3297 419 3360 donatio
432 3297 596 3370 devoluta,
613 3301 716 3360 Deum
740 3297 867 3358 babens
879 3310 947 3374 pree

149 3393 268 3461 oculis,
289 3394 486 3455 auctoritate
505 3395 620 3454 nostra
643 3393 795 3469 personis
820 3392 948 3453 idoneis

149 3491 303 3552 conteras
315 3490 516 3566 etassignes,
529 3489 790 3552 contradictores
799 3505 949 3566 per-cen·

149 3603 262 3648 suram
270 3587 759 3664 ecclesiasticamappellatione
766 3587 948 3664 postposita

148 3683 398 3762 compescendo.
429 3687 534 3746 Porro
556 3684 599 3745 ad
627 3699 667 3746 ea
692 3683 854 3746 beneficia
874 3699 947 3761 qua

144 3784 450 3858 uacaracoeparunt
465 3783 638 3858 postquam
653 3781 742 3842 idem
757 3781 946 3857 archiepis-

146 3893 252 3955 copus
266 3879 331 3939 iter
344 3877 486 3954 arripuit
500 3878 541 3938 ad
560 3879 708 3940 nostram
723 3878 946 3955 praesentiam,

148 3973 306 4035 nolumus
322 3989 453 4034 manum
475 3973 664 4046 extendere,
688 3989 762 4035 cum
778 3974 814 4034 in
833 3989 947 4034 eorum

147 4069 328 4132 collatione
340 4070 512 4146 negligens
525 4085 598 4132 esse
611 4086 678 4132 non
691 4070 844 4134 videatur
858 4070 946 4130 idem

147 4167 432 4243 archiepiscopus,
455 4183 554 4244 quam
580 4183 641 4230 sua
667 4167 773 4245 potest
796 4166 946 4233 absentia

147 4279 325 4328 excursare.
355 4265 471 4325 Datum
498 4265 664 4337 Laterani,
692 4265 831 4341 septimo
870 4264 946 4326 idus

147 4359 346 4432 decembris,
363 4360 574 4438 pontitianus
588 4361 693 4423 nostm
707 4376 798 4423 anne
807 4361 916 4423 tertie.

498 4529 601 4615 LXV

349 4660 557 4722 Adaiectum
566 4663 745 4722 Belcccen.

297 4845 301 4852 ⁴
417 4783 432 4838 7
450 4779 580 4838 decemb.
595 4781 674 4840 1218.

172 4895 290 4958 [fleam.
303 4893 349 4944 lib.
360 4893 403 4956 lll,
417 4893 492 4958 epist.
504 4893 558 4946 lea.
571 4895 628 4944 lias.
642 4893 678 4944 La
689 4894 766 4944 Porta
778 4895 813 4944 du
825 4895 919 4960 rhem]

148 4999 219 5073 Ejus
230 4999 383 5058 ecclesiam
394 5013 461 5058 cum
474 4999 607 5058 omnibns
620 4999 705 5057 bonis
718 4999 772 5058 sub
783 4999 860 5060 beati
870 5000 945 5058 Petri

334 5093 363 5144 et
373 5103 426 5145 sua
438 5087 614 5160 proiectione
627 5088 757 5160 suscipit.

189 5195 369 5266 Honorius,
384 5197 459 5264 etc„
471 5195 591 5257 dilecto
602 5195 671 5257 tilio
674 5239 735 5256 .....
747 5196 853 5258 electo
868 5196 945 5258 Bel-

147 5307 266 5356 sacen.

187 5387 234 5448 Te
256 5385 358 5447 talem
385 5387 530 5462 perlici
558 5387 701 5464 gratiam
724 5387 877 5460 exhibes,
908 5389 944 5450 ut

146 5482 341 5560 Apostolice
362 5482 463 5544 Sedes
476 5483 538 5545 tibi
553 5483 700 5546 favorem
715 5485 834 5546 merito
849 5485 943 5546 debe·

148 5581 184 5640 at
197 5578 368 5642 exhibere.
389 5579 470 5640 dnm
482 5580 586 5656 igitur
597 5595 758 5642 acconem
776 5580 848 5642 nelo
863 5581 943 5642 -tldei

150 5675 353 5747 christianae,
367 5675 498 5751 signum
512 5675 657 5740 viviflcae
667 5678 776 5738 crucis
791 5693 944 5760 assump-

1003 526 1087 588 seris
1107 527 1142 588 in
1156 529 1267 588 Terrae
1283 529 1412 589 Sancta
1427 527 1609 588 subsidium
1629 529 1795 604 prosectu-

1003 639 1071 694 rus,
1094 639 1155 686 nos
1169 623 1235 684 tuis
1246 624 1348 700 justis
1367 624 1520 701 precibus
1534 623 1712 700 benignum
1731 627 1795 687 im-

1003 721 1183 797 partientes
1205 737 1388 794 assensum,
1412 722 1586 782 ecclesiam
1607 723 1698 784 tuam
1720 739 1795 784 cnm

1004 816 1156 878 omnibus
1166 815 1263 880 bonis
1277 819 1343 878 tuis
1355 818 1415 879 suh
1424 819 1513 880 beati
1523 819 1624 889 Petri,
1636 821 1670 880 et
1682 821 1795 882 nostra

1004 915 1208 991 protectione
1234 914 1442 991 suscipimus.
1472 915 1671 984 statuentes,
1695 917 1731 979 ut
1752 932 1796 977 ex

1004 1027 1068 1088 quo
1092 1011 1156 1073 iter
1179 1011 1282 1074 tueris
1307 1013 1584 1088 peregrinationis
1604 1029 1792 1089 aggressus,

1004 1109 1129 1169 nemini
1143 1109 1241 1170 liceat
1253 1110 1317 1185 ipsi
1332 1109 1481 1171 ecciesiae
1496 1126 1629 1172 movere
1644 1112 1796 1187 quaestio-

1004 1221 1080 1266 nem
1106 1221 1206 1284 snper
1232 1207 1302 1277 bis,
1331 1221 1470 1283 quorum
1496 1207 1528 1267 ei
1551 1209 1794 1284 possessionem

1004 1303 1181 1380 reliqueris
1203 1304 1375 1379 paciticam
1390 1305 1423 1364 et
1438 1304 1592 1380 quietam,
1611 1304 1668 1365 sed
1683 1307 1794 1367 omnia

1004 1402 1064 1463 sub
1091 1403 1231 1480 speciali
1258 1403 1457 1480 apostolicae
1484 1403 1577 1464 Sedis
1605 1403 1796 1465 defensione

1004 1500 1115 1577 quieta
1139 1501 1369 1575 permaneant,
1396 1499 1500 1562 donec
1524 1500 1564 1561 de
1588 1500 1695 1561 reditu
1720 1502 1792 1572 tuo,

1003 1597 1056 1658 vel
1089 1596 1180 1659 obitu
1217 1598 1402 1660 certissime
1437 1601 1665 1672 cognoscatur.
1703 1598 1795 1657 Nulli

1005 1709 1095 1770 ergo,
1125 1695 1199 1765 etc,
1223 1694 1309 1756 banc
1335 1694 1488 1770 paginam
1514 1699 1635 1756 nostrae
1660 1698 1794 1770 protec-

1007 1791 1104 1852 tionis
1125 1790 1317 1867 intringere,
1342 1793 1404 1854 etc.
1431 1792 1466 1852 Si
1491 1793 1564 1868 quis
1585 1794 1709 1864 autem,
1730 1792 1793 1854 etc.

1004 1890 1122 1950 Datum
1143 1888 1310 1960 Laterani,
1336 1889 1476 1966 septimo
1500 1889 1575 1950 idus
1597 1888 1792 1961 decembris,

1004 2000 1091 2048 anno
1105 1986 1216 2048 tertie.

1338 2127 1460 2213 LXVI

1044 2261 1096 2320 Aci
1121 2260 1265 2320 electum
1289 2261 1578 2330 archidiaconum,
1603 2260 1758 2321 adiciam

1102 2355 1220 2416 Soracte·
1240 2359 1406 2417 Vincentit
1421 2359 1696 2417 Mediolanensis.

1269 2471 1285 2526 7
1306 2466 1435 2526 decemb.
1453 2469 1530 2526 lile.

1030 2575 1148 2638 magoni„
1159 2572 1205 2624 lib.
1217 2573 1261 2634 lll,
1276 2574 1349 2638 epist.
1363 2575 1416 2624 158.
1432 2575 1489 2624 ilss.
1502 2573 1537 2624 La
1549 2575 1624 2624 Porta
1637 2575 1670 2626 du
1682 2574 1775 2638 thail]

1003 2672 1047 2730 Ad
1061 2671 1263 2729 discretionem
1277 2673 1388 2730 illorum
1400 2673 1799 2730 remittitexamensententiae

1039 2759 1219 2832 aptioribus
1241 2759 1384 2830 judicibus
1408 2760 1503 2818 datam
1529 2761 1602 2818 inter
1627 2767 1799 2820 conventum

1039 2849 1134 2907 Sancti
1149 2850 1220 2908 Sixti
1229 2856 1257 2906 et
1269 2856 1441 2906 conventum
1451 2850 1531 2906 Casae
1542 2850 1603 2907 liei.

1042 2957 1221 3028 Honorius,
1243 2959 1317 3028 etc„
1339 2956 1469 3017 dilectis
1486 2957 1601 3017 liliis...
1618 2955 1722 3018 electo
1738 2973 1797 3018 ar-

1003 3051 1198 3115 chidiacono
1210 3056 1277 3116 et...
1294 3053 1406 3115 abbati
1423 3053 1536 3115 Sancti
1547 3055 1713 3115 Vincentii
1725 3055 1796 3115 Me-

1002 3149 1182 3223 diolanen,
1200 3149 1352 3222 salutem,
1376 3155 1437 3212 etc.

1043 3248 1161 3310 Dilecti
1176 3248 1275 3313 tilii...
1296 3247 1397 3310 abbas
1421 3250 1453 3310 at
1479 3251 1659 3311 conventus
1685 3248 1798 3309 Sancti

1004 3345 1091 3406 sixti
1114 3344 1298 3406 Placentin.
1316 3345 1513 3406 transmissa
1529 3345 1624 3407 nobis
1641 3346 1798 3424 petitione

1002 3443 1241 3514 monstrarunt,
1256 3442 1341 3519 quod
1354 3459 1428 3503 cum
1439 3443 1526 3504 inter
1540 3443 1630 3519 ipses
1645 3459 1688 3504 ex
1705 3444 1798 3520 parte

1004 3553 1070 3599 nna
1096 3540 1164 3601 et...
1195 3536 1348 3600 abbatem
1365 3541 1397 3600 et
1409 3543 1606 3600 conventum
1634 3542 1725 3602 Casae
1739 3541 1798 3601 Dei

1003 3636 1282 3697 Claromontensis
1309 3635 1464 3698 diaecesis
1489 3653 1532 3698 ex
1554 3638 1670 3710 altera,
1700 3655 1800 3716 super

1003 3733 1206 3812 subjectione
1232 3749 1331 3811 quam
1359 3733 1423 3811 ipsi
1445 3734 1547 3795 abbas
1562 3739 1595 3796 et
1619 3737 1798 3797 conventus

1003 3832 1094 3892 Casae
1116 3830 1175 3891 Dei
1199 3831 1369 3906 exigente
1393 3833 1593 3894 monasterio
1608 3833 1798 3893 eorumdem

1002 3941 1113 3990 coram
1137 3927 1321 3988 venerabili
1347 3928 1449 3989 fratre
1476 3931 1600 4001 nostro,
1618 3916 1798 3991 Mutinensi

1002 4025 1174 4102 episcopo,
1200 4025 1232 4084 et
1256 4024 1484 4103 conjudicibus
1506 4027 1575 4086 suis
1600 4027 1798 4089 auctoritaie

1000 4120 1189 4199 Apostolica
1205 4123 1548 4198 qnaestioverteretur,
1557 4123 1657 4184 iidem
1666 4125 1797 4201 judices

1000 4220 1147 4282 tulerunt
1160 4218 1370 4281 diffinitivam
1384 4221 1581 4283 sententiam
1597 4226 1712 4283 contra
1726 4237 1795 4294 eos,

1000 4332 1094 4394 aqna
1109 4316 1186 4378 licet
1203 4319 1350 4378 nostram
1366 4317 1569 4379 audientiam
1582 4318 1794 4395 appellarint,

1000 4415 1032 4476 et
1059 4414 1123 4491 ipsi
1144 4414 1275 4490 judices
1300 4415 1368 4475 tarn
1395 4413 1455 4484 eis,
1472 4430 1607 4490 quam...
1625 4415 1730 4492 priori
1755 4415 1797 4478 de

1000 4511 1145 4573 Rocbeta
1157 4515 1309 4572 Parmam.
1319 4511 1472 4572 diaecesis
1482 4511 1538 4588 qui
1548 4511 1636 4572 vices
1644 4514 1797 4588 jamdicti

1000 4607 1127 4670 abbatis
1138 4609 1231 4668 Casae
1246 4607 1306 4667 Dei
1321 4607 1408 4682 gerit
1421 4607 1457 4668 in
1473 4607 1621 4684 partibus
1636 4609 1715 4678 illis,
1735 4611 1797 4671 ies·

1000 4707 1068 4766 tam
1075 4705 1226 4766 Omnium
1234 4705 1429 4766 Sanctorum
1436 4706 1587 4781 proximo
1593 4708 1795 4784 praeteritum

999 4800 1176 4862 terminum
1192 4801 1346 4862 veniendi
1366 4806 1500 4879 propter
1527 4803 1590 4864 hoc
1608 4804 1650 4866 ed
1675 4805 1794 4868 Sedem

998 4897 1220 4974 Apostolicam
1234 4897 1449 4974 assignarim,
1474 4901 1587 4962 nullus
1608 4903 1719 4964 tamen
1734 4919 1794 4979 pro

999 4995 1092 5071 parta
1106 4995 1275 5072 saepedicti
1289 4994 1418 5058 abbatis
1431 4998 1523 5058 Casae
1535 4997 1595 5060 Dei
1610 5000 1795 5075 comparuit

999 5093 1212 5168 procurator,
1242 5097 1456 5169 procuratore
1495 5096 1598 5170 partis
1631 5096 1791 5168 alterius,

999 5188 1122 5252 diutius
1159 5189 1246 5266 apud
1273 5188 1391 5250 Sedem
1418 5192 1641 5268 apostolicam
1667 5208 1792 5268 expec-

997 5288 1098 5348 tante.
1117 5287 1210 5347 Unde
1222 5286 1316 5364 petiit
1328 5291 1523 5362 procurator
1532 5291 1603 5364 jam
1620 5289 1700 5350 dicti
1720 5307 1794 5352 mc-

998 5383 1136 5445 nastem'i
1145 5383 1260 5446 Sancti
1271 5383 1356 5446 sixti
1368 5385 1405 5446 ut
1419 5385 1695 5448 committeremus
1710 5403 1793 5449 exa-

998 5480 1792 5557 minaticnomejusdemsententiaeetcondemna·

997 5593 1108 5639 remus
1123 5577 1249 5654 partem
1264 5578 1403 5639 alteram
1416 5577 1450 5638 in
1461 5581 1626 5654 expensis.
1648 5581 1789 5658 Ideoque

997 5674 1191 5736 discreiioni
1219 5676 1337 5736 vestrm
1365 5690 1423 5749 per
1447 5677 1635 5751 apostolica
1665 5679 1786 5754 scripta
