3946 6304
690 360 917 422 EPISTOLAE.
942 350 1019 422 ulli.
1043 361 1082 422 V.

394 482 533 620 cxxi

145 671 193 732 Ad
217 671 394 732 Scatonem
419 671 540 728 ducem
567 665 773 740 mancepare.

351 781 448 840 ddec.
473 780 551 839 itti).

203 889 307 956 [Langc
322 887 431 954 Diplom.
447 890 569 974 Norwep„
583 892 602 936 t.
613 887 633 944 l,
653 899 678 950 p.
694 883 730 949 d]

76 999 212 1060 &utonem
235 996 337 1056 ducem
360 996 524 1070 Norwegiaa
538 1008 603 1052 cum
625 991 758 1050 omnibus
771 989 855 1048 bouis

277 1083 484 1160 protegendum
507 1083 634 1157 suscipit.

107 1193 266 1256 Honorius
303 1193 499 1269 episcopus,
530 1205 647 1252 servus
682 1201 854 1248 servorum
886 1273 887 1276 Ἴ
955 1219 959 1228 ·

75 1292 135 1364 Dei,
159 1289 262 1354 nobili
276 1289 349 1351 viro
376 1285 522 1358 Sculoni,
553 1285 626 1348 duci
653 1283 853 1360 Ncrwegiaa,

74 1389 200 1449 salutem
214 1387 248 1448 et
261 1387 478 1463 apostolicam
492 1382 766 1448 benedictionem.

106 1483 228 1546 Filialis
241 1483 428 1545 devotionis
438 1481 588 1552 effectur,
597 1495 693 1557 quom
703 1494 783 1554 erga
795 1493 854 1538 nos

74 1583 101 1644 ct
119 1585 296 1644 Romanam
317 1579 499 1644 Ecclesiam
522 1577 672 1648 exhibea,
697 1575 853 1636 laudabi-

73 1680 138 1741 liter
154 1679 371 1756 promeretur,
389 1677 424 1738 ut
434 1691 610 1754 personam
622 1677 713 1736 tuam
728 1687 855 1750 praere<-

73 1778 171 1853 gaura
183 1775 371 1837 dilectionis
386 1775 419 1837 et
437 1774 554 1850 grauae
569 1771 807 1849 amplexantes,
822 1770 854 1831 tc

73 1875 247 1936 attollamus
264 1872 428 1949 praesidiis
441 1872 475 1933 at
488 1869 658 1932 favoribus
671 1869 852 1930 foveamus.

74 1972 250 2048 llapropter,
269 1969 440 2031 dilectein
464 1967 604 2030 Domino
620 1966 679 2035 lili,
694 1966 761 2028 tuIs
772 1979 854 2040 sup-

74 2068 295 2144 plicationibus
318 2066 413 2143 grato
439 2065 676 2128 concurrentes
702 2077 855 2134 assensu,

73 2181 233 2242 personam
245 2165 338 2227 tuam
353 2180 428 2226 cum
441 2163 594 2226 omuibus
608 2161 716 2229 bonis,
731 2175 804 2237 quaa
820 2159 853 2219 in

74 2263 314 2338 presentiarum
337 2259 582 2324 rationabiliter
608 2258 770 2336 possides,
798 2256 856 2318 aut

74 2361 269 2430 inlaturum,
286 2359 464 2438 praestante
477 2358 627 2428 Domino,
635 2355 734 2433 iustis
748 2354 855 2416 modis

74 2459 183 2533 poteris
198 2457 352 2534 adipisci,
369 2456 430 2517 sub
458 2455 548 2517 beati
571 2453 662 2515 Petri
683 2453 717 2514 et
742 2452 855 2513 nostra

74 2556 265 2632 protectione
279 2553 491 2630 suscipimus,
505 2555 539 2614 ct
550 2551 726 2628 praesentis
740 2549 854 2626 scripti

76 2651 244 2728 patrocimo
270 2649 526 2713 communimus.
553 2647 646 2710 Nulli
665 2661 756 2723 ergo,
778 2647 853 2718 etc,

75 2751 182 2811 nostrae
196 2748 413 2827 protectionis
427 2746 620 2823 intringere.
646 2744 681 2806 Si
700 2744 774 2822 quis
789 2759 854 2804 au-

75 2846 140 2914 tam,
159 2847 221 2908 etc.
236 2848 357 2908 Datum
372 2842 539 2918 Laterani,
561 2843 658 2904 nonis
671 2841 855 2904 decembris

75 2958 149 3006 anno
165 2945 290 3022 quinto.

388 3067 528 3154 CXXII

160 3207 209 3265 Ad
229 3201 460 3278 praepositum
489 3201 523 3262 et
550 3199 757 3262 conventum

320 3301 360 3362 de
377 3303 586 3375 Hapenowc.

360 3412 378 3470 5
396 3410 458 3469 dec.
474 3412 553 3469 itti).

100 3517 208 3583 magau„
223 3520 270 3571 lib.
280 3520 312 3578 ll,
324 3518 398 3583 epist.
408 3515 463 3568 209.
476 3517 535 3568 llss.
548 3516 585 3566 La
594 3517 671 3567 Porte
686 3515 721 3566 dn
732 3513 825 3581 Theti]

146 3627 253 3700 Recipit
268 3641 320 3684 eos
333 3623 386 3683 sub
401 3624 577 3698 protectione
593 3622 669 3680 beati
684 3622 770 3680 Petri.

87 3729 286 3816 lionorius',
333 3743 389 3815 tc..
418 3740 549 3802 dilectis
573 3739 653 3801 tiliis
678 3737 857 3815 praeposito

75 3839 102 3900 et
123 3841 296 3903 conventui
317 3840 357 3900 de
383 3841 585 3914 Hagenowe,
615 3837 859 3898 Praemonstra-

75 3936 166 3998 tensis
178 3937 318 4000 ordinis.
639 4009 640 4014 ἵ

109 4037 321 4097 sacrosancta
348 4037 498 4096 Romana
523 4032 682 4103 ecclesia,
703 4030 765 4092 etc.
788 4031 857 4090 lia-

76 4134 205 4208 propter,
226 4136 304 4205 etc,
326 4146 433 4207 usque
448 4131 682 4194 concurrentes
704 4143 855 4198 assensu,

76 4243 221 4302 personas
246 4231 378 4291 vestras
405 4229 438 4290 et
465 4228 585 4299 locum,
609 4227 644 4286 in
666 4241 729 4304 quc
746 4223 858 4286 divino

76 4326 145 4387 estis
161 4327 319 4406 obsequio
334 4325 526 4402 mancipati,
541 4340 616 4385 cum
631 4322 784 4385 omnibus
797 4320 858 4383 bo-

76 4421 130 4494 nis,
158 4441 229 4502 quae
264 4424 300 4484 in
336 4423 588 4500 praesentiarum
614 4418 859 4481 rationabiliter

76 4521 218 4595 possidet,
236 4522 294 4583 aut
308 4520 498 4581 infuturum
507 4519 608 4596 Justis
623 4517 742 4586 modis,
756 4531 859 4593 prass-

76 4615 155 4679 tante
177 4621 327 4690 Domino,
358 4616 479 4695 poterit
506 4615 657 4692 adipisci,
685 4613 744 4675 sub
770 4613 859 4674 beati

77 4713 165 4788 Petri,
193 4719 225 4778 et
253 4717 367 4778 nostra
399 4713 604 4792 protectione
632 4712 856 4788 suscipimus3

78 4814 254 4886 specialiter
296 4813 407 4874 autem
449 4811 625 4874 ecclesiam
660 4809 702 4869 de
734 4808 858 4870 Baldo-

78 4903 225 4984 bmnnen,
237 4925 367 4972 necnon
384 4909 622 4986 possessiones,
640 4907 800 4977 redditus,
815 4905 860 4966 li-

78 4999 208 5069 bertates
231 5009 265 5070 et
289 5007 515 5068 immunitates
537 5005 578 5067 ab
603 5003 859 5080 imperatoribus

79 5102 107 5160 at
130 5105 349 5182 principibus,
387 5103 529 5180 aliisque
558 5101 714 5164 fidelibus
736 5101 857 5161 Gbristi

79 5199 216 5264 ecclesiae
243 5204 364 5264 restrae
397 5201 453 5278 pia
481 5201 682 5262 liberalitate
708 5199 857 5271 collatas,

80 5293 200 5362 sicutea
214 5300 327 5361 omnia
337 5301 426 5376 juste
438 5315 478 5359 ac
490 5299 628 5376 paciilce
641 5296 807 5368 obtineas,
827 5299 860 5358 et

80 5390 109 5451 iu
133 5397 329 5459 authenticis
353 5395 486 5472 scriptis
512 5396 589 5460 inde
610 5395 768 5456 consectis
784 5394 858 5470 ple-

82 5489 146 5550 nius
156 5495 351 5565 continetur,
368 5493 472 5564 vobis,
489 5495 660 5570 etparvcs
671 5491 735 5570 ipsi
752 5491 860 5552 eccle-

81 5586 131 5647 siae
151 5593 345 5654 auctoritate
368 5591 556 5668 apostolica
572 5589 806 5653 confirmamus
827 5591 868 5649 et·

82 5688 240 5757 praesentis
262 5689 375 5767 scripti
400 5689 586 5768 patrociuio
607 5687 857 5750 commuuimus.

1645 357 1705 422 586

909 519 1000 582 Nulli
1016 531 1107 596 ergo,
1124 521 1199 589 etc„
1216 523 1339 582 nostrae
1353 519 1568 596 protectionis
1577 520 1610 580 et
1624 533 1705 580 con-

910 617 1107 681 firmationis
1130 618 1325 696 infringere.
1348 618 1383 680 si
1407 618 1705 695 quarumnam.

910 717 1028 778 Datum
1062 717 1229 788 Laterani,
1263 716 1361 778 nonis
1387 715 1589 787 decembris,
1615 729 1704 778 anno

911 813 1037 890 quinto.

1225 921 1387 1008 CXXIII

949 1055 1001 1114 Ad
1025 1055 1201 1142 albertum
1223 1056 1384 1117 comittem
1411 1056 1452 1116 de
1478 1055 1662 1130 Muccurum
1702 1119 1705 1142 Σ

1135 1177 1143 1187 ‘
1213 1167 1306 1226 ddec.
1333 1167 1412 1226 lato.
1592 1225 1594 1233 ,

972 1273 1076 1338 [bullar.
1090 1275 1208 1332 Roman..
1219 1273 1278 1324 edit.
1297 1276 1384 1334 Taum,
1394 1273 1435 1331 ill,
1445 1287 1471 1338 p.
1484 1272 1539 1330 37⁷,
1554 1286 1580 1324 n.
1590 1273 1643 1336 CC]

909 1380 1025 1441 Terram
1047 1378 1171 1448 vallese,
1198 1382 1319 1440 uaccam
1335 1379 1488 1448 Gaudenti,
1504 1379 1659 1443 Monticelli
1676 1386 1706 1437 et

944 1468 1016 1526 alios
1032 1469 1110 1526 locos
1123 1467 1158 1526 de
1173 1476 1247 1528 terra
1265 1469 1417 1526 comitisse
1435 1467 1579 1528 llatbildis
1594 1468 1624 1525 in
1634 1467 1700 1538 ‚lcu-

945 1555 1012 1614 dum
1028 1556 1054 1614 ei
1071 1557 1210 1614 concedit.

950 1665 1117 1726 Honorius
1127 1666 1311 1742 episcopus,
1322 1682 1438 1728 servus
1448 1681 1621 1727 servorum
1631 1665 1703 1736 Dei,

909 1762 1030 1824 dilecto
1055 1763 1124 1824 tilio
1153 1763 1257 1824 nobili
1282 1765 1355 1825 viro
1370 1763 1517 1831 Albcrto,
1538 1763 1651 1825 comiti
1666 1762 1707 1824 de

912 1861 1090 1936 Mangcno,
1107 1860 1296 1923 salutemet
1316 1860 1532 1938 apostolicam
1548 1859 1707 1922 bencdic-

909 1957 1043 2019 tionem.

949 2054 998 2116 lid
1021 2071 1228 2117 communem
1240 2055 1392 2117 notitiam
1407 2057 1560 2118 volumus
1583 2071 1705 2133 perve-

909 2152 1036 2224 venire,
1062 2152 1147 2228 quod
1172 2152 1340 2215 fidelitatis
1365 2154 1431 2215 ate
1445 2153 1635 2232 juramento
1650 2169 1707 2214 re·
1828 2181 1833 2190 ·

910 2250 1005 2326 cepto
1033 2265 1092 2327 pro
1116 2253 1206 2312 terra
1226 2249 1369 2319 Vallese,
1395 2253 1504 2312 Rocca
1524 2250 1702 2319 (tondenti,

910 2346 1103 2419 Monticelli,
1126 2347 1237 2424 Bargi,
1254 2347 1425 2424 Ebrigaaa,
1442 2347 1601 2420 Pidierla,
1614 2347 1702 2422 Cast,

910 2446 1020 2506 Rocca
1035 2445 1075 2506 de
1089 2444 1201 2516 Vicco,
1219 2444 1392 2518 castlrolo,
1405 2445 1577 2524 Limango,
1591 2447 1704 2516 Grata,

910 2541 1085 2615 Moncono,
1122 2540 1292 2615 Palliano,
1328 2542 1531 2616 Monticellc,
1568 2545 1706 2622 Fossato

911 2639 1017 2712 Torri,
1028 2639 1120 2700 Bacti
1136 2639 1169 2702 et
1184 2640 1374 2718 savignano
1393 2656 1467 2702 cum
1481 2639 1632 2701 omnibus
1645 2655 1706 2702 eo-

910 2753 984 2798 rum
999 2737 1221 2814 pertinentiis,
1231 2753 1304 2814 quae
1317 2737 1441 2800 tuerint
1453 2737 1492 2798 de
1504 2737 1594 2799 terra
1605 2738 1706 2800 clarae

910 2834 1078 2896 memoriae
1091 2833 1268 2895 comitissae
1283 2834 1465 2906 Mathildis,
1482 2836 1597 2912 atquae
1610 2837 1706 2912 pater

909 2932 987 2993 tuus
1002 2931 1151 2993 noscitur
1162 2931 1321 3004 tenuisse,
1342 2934 1387 3004 ta,
1409 2932 1449 2994 dc
1466 2931 1605 2994 fratrum
1622 2949 1704 2994 nos·
1747 2934 1753 2949 ¹

910 3029 1036 3090 trorum
1060 3029 1199 3090 consilio
1219 3030 1251 3092 et
1272 3044 1447 3102 consensu,
1473 3030 1705 3092 investivimus

911 3126 951 3188 de
966 3126 1102 3196 eisdem,
1116 3126 1211 3188 nobis
1233 3126 1273 3188 de
1293 3127 1642 3204 imperIalivoluntate
1661 3129 1706 3188 li-

910 3221 989 3282 bera
1012 3221 1186 3293 restitutls,
1210 3237 1251 3282 ea
1272 3222 1307 3283 in
1330 3221 1465 3284 feudum
1485 3222 1557 3296 tibi,
1572 3223 1705 3302 tuisque

911 3317 1068 3394 legitimis
1083 3317 1271 3382 haeredibus
1295 3320 1517 3393 concedendo,
1541 3321 1705 3384 ecclesia-

891 3493 893 3498 Δ
912 3433 985 3478 rum
1001 3417 1146 3478 omnium
1156 3420 1233 3495 jure
1245 3417 1356 3494 salvo;
1372 3418 1513 3495 singulis
1525 3420 1635 3482 autem
1650 3435 1708 3482 an·

912 3515 964 3576 nis
990 3515 1085 3578 nobis
1119 3516 1153 3576 at
1186 3516 1434 3578 successoribus
1467 3517 1590 3579 nostris
1614 3517 1708 3580 dabis

913 3629 1015 3673 unum
1036 3615 1182 3676 asturem
1199 3616 1232 3675 et
1247 3613 1330 3674 duos
1344 3613 1481 3677 braccas
1497 3615 1531 3676 in
1547 3613 1636 3677 leudi
1650 3631 1707 3678 ro-

913 3710 1135 3786 cogniticnem
1151 3710 1312 3786 praedicti,
1333 3713 1456 3773 etcum
1473 3711 1576 3774 fueris
1591 3713 1707 3790 requi-

913 3805 1007 3874 situs,
1035 3806 1137 3867 semel
1160 3806 1196 3866 in
1222 3823 1310 3868 anno
1334 3808 1449 3870 venias
1473 3825 1547 3871 cum
1567 3810 1709 3888 quatuor

913 3902 1072 3964 militibus
1096 3903 1131 3964 in
1155 3905 1291 3966 servitio
1306 3919 1365 3965 seu
1387 3905 1536 3967 exercitu
1555 3906 1707 3968 ecclesias

913 4016 972 4077 per
993 4001 1067 4063 octo
1083 3999 1164 4069 dies,
1187 4000 1221 4062 in
1244 4001 1310 4063 tuis
1328 4002 1517 4064 moraturus
1539 4003 1706 4080 espessia,

913 4097 1068 4159 veniendi
1081 4114 1120 4159 ac
1136 4099 1296 4180 redeundi
1311 4100 1460 4178 tempora
1473 4101 1609 4164 minime
1622 4117 1709 4166 com·

913 4196 1036 4273 putato.
1052 4198 1090 4256 In
1106 4195 1205 4273 hujus
1224 4197 1334 4258 autem
1348 4199 1398 4258 rei
1414 4199 1607 4260 memoriam
1623 4214 1711 4278 prae-

913 4294 1022 4355 sontes
1030 4293 1158 4355 litteras
1172 4293 1230 4355 tibi
1240 4295 1465 4357 concessimus
1473 4295 1573 4358 bullae
1587 4298 1708 4360 nostrae

913 4391 1096 4452 munimine
1108 4390 1292 4452 roboratas.

953 4489 1071 4550 Datum
1088 4489 1256 4561 Laterani,
1273 4489 1370 4551 nonis
1385 4490 1581 4565 decembris,
1590 4493 1708 4570 ,ponti-

915 4586 1031 4648 boatus
1047 4587 1249 4649 nostrianno
1261 4587 1388 4664 quinto.

1234 4757 1391 4844 CXXIV

914 4891 966 4950 Ad
978 4890 1218 4952 libertatulam
1232 4894 1526 4967 archiepiscopum
1536 4895 1710 4955 salzebur-

954 5001 1105 5063 pausm,
1135 4987 1169 5048 et
1203 4989 1461 5052 secacwamam
1494 5005 1536 5052 oc
1568 4991 1709 5064 vespri-

953 5086 1122 5146 miensem
1136 5087 1323 5160 cptscopos.

1220 5197 1238 5255 t
1252 5197 1314 5255 dec.
1329 5197 1409 5256 itit).-

993 5299 1119 5364 [L'beinan
1134 5303 1245 5354 Menum
1261 5301 1405 5365 ilungarire,
1418 5302 1437 5360 Ι,
1449 5315 1474 5365 p.
1488 5301 1561 5360 ima.
1572 5303 1623 5368 IL]

915 5403 951 5459 Ut
971 5413 1070 5472 regem
1095 5400 1249 5473 ilungarioe
1271 5398 1307 5458 ad
1321 5399 1511 5457 restituendas
1535 5401 1709 5460 Constantia

950 5489 1123 5562 imperatrici
1146 5490 1338 5545 Romanorum
1361 5489 1498 5560 pecunias
1517 5489 1553 5546 ab
1575 5491 1636 5563 ipsa
1657 5492 1707 5548 ab·

949 5578 1023 5636 latas
1033 5577 1220 5650 compellant.

955 5686 1124 5748 Honorius
1147 5688 1351 5768 episcopus,
1388 5701 1503 5748 servus
1537 5701 1708 5750 servorum
