3952 6350
276 271 332 330 671
894 263 1069 324 HONORH
1092 263 1136 322 111
1158 262 1305 322 OPERA.
1800 293 1815 302 ·
1856 265 1909 324 6ῖὲ

272 425 458 504 praesertim
480 423 543 485 hoc
564 423 710 500 tempore
740 435 799 498 pro
827 420 964 482 servitio
987 421 1066 482 Jesn
1120 417 1208 480 tibus
1223 419 1372 480 mortuus
1393 417 1508 489 fuerit,
1536 417 1727 480 tumuletur.
1751 415 1808 480 list
1828 419 1908 480 enim

274 523 395 584 Christi
414 521 584 598 exponunt
598 535 634 580 se
648 519 760 579 multis
774 516 943 578 laboribus
959 518 992 578 et
1006 533 1067 578 ex·
1121 515 1277 578 indecens
1292 516 1325 577 et
1339 515 1426 592 parit
1445 515 1611 576 interdum
1632 514 1816 590 pericnlum
1836 517 1907 576 ani-

272 619 396 697 pensis,
407 618 551 679 indebita
563 613 1064 690 nolnmnsinferregravamina,
1114 626 1260 684 marum,
1276 613 1305 672 si
1320 611 1384 674 viri
1398 611 1560 686 religiosi,
1577 611 1752 672 occasione
1767 612 1909 674 ecclesia

272 717 328 778 sed
344 717 438 794 grata
461 713 609 774 subsidia
631 712 837 784 ministrar03
857 711 1066 772 universitati
1122 709 1281 770 adeundae
1297 725 1332 770 se
1347 709 1494 770 virorum
1507 707 1614 770 turbis
1628 709 1661 768 et
1675 708 1908 785 frequentatio·

271 813 391 874 vestras
403 827 462 888 per
473 809 662 886 Apostolica
676 809 799 884 scripta
812 807 1007 868 mandamus
1021 807 1067 868 at·
1121 806 1218 868 nibus
1250 806 1459 868 immisceant
1492 805 1680 866 mulierum.
1712 807 1909 883 Quapropter

272 924 335 986 que
360 909 589 984 praecipimus,
615 906 779 982 quatenus
801 903 1010 981 presbyteros
1034 905 1068 966 et
1122 903 1331 964 universitati
1355 905 1475 964 vestrae
1500 919 1558 979 per
1581 903 1771 979 nposmlica
1798 905 1909 979 scripte

271 1005 410 1066 clericos
426 1003 620 1074 antedictos,
641 1005 677 1063 ut
692 1001 733 1062 ab
748 1000 895 1063 indebita
911 1001 1069 1062 molesta·
1122 999 1317 1062 mandamus
1345 1001 1444 1076 atque
1472 999 1701 1076 praecipimus,
1732 1001 1908 1076 qnatenus,

271 1103 361 1164 tione
375 1101 619 1162 nominatorum
641 1098 781 1159 fratrum
801 1113 901 1174 snper
916 1101 1067 1174 portione
1122 1113 1196 1158 cum
1218 1112 1290 1168 vos,
1306 1095 1425 1158 fratres
1450 1096 1662 1172 patriarchae,
1679 1096 1909 1174 archiepiscopi

267 1197 439 1276 jamdicta
455 1196 586 1274 penitus
606 1195 814 1266 desistentes,
826 1209 901 1256 eam
926 1194 1066 1270 permit·
1121 1193 1174 1254 vel
1187 1194 1345 1271 episcopi,
1362 1193 1404 1254 ab
1418 1193 1542 1254 eisdem
1555 1192 1714 1254 fratribus
1725 1193 1855 1255 fueritis
1865 1212 1911 1254 re-

272 1295 344 1365 tant
358 1293 439 1369 ipsis
455 1291 613 1353 fratribus
634 1291 770 1367 pacifice
790 1290 980 1366 possidere,
997 1305 1069 1350 mo·
1123 1288 1247 1367 quisiti,
1261 1291 1406 1352 oratoria
1420 1291 1610 1352 eorumdem
1622 1290 1783 1352 dedicatis
1798 1291 1910 1368 absque

273 1390 401 1452 nitione
419 1388 602 1465 praemissa,
620 1402 867 1464 percensuram
886 1386 1067 1448 ecclesias·
1123 1387 1234 1464 aliqua
1256 1387 1420 1464 pravitate
1443 1402 1482 1448 ac
1504 1403 1564 1464 pro
1587 1387 1780 1464 sepelienda
1805 1405 1910 1450 eornm

182 1535 190 1540 .
273 1487 389 1557 ticam,
434 1485 562 1546 subiato
607 1483 839 1560 appellationis
878 1483 1066 1554 obstacu10,
1123 1483 1559 1560 familiainpraefatislocis
1577 1483 1913 1546 coemeteriabenedi-

272 1582 496 1660 compellatis,
512 1581 702 1643 mandatum
716 1580 941 1656 Apostolicum
957 1580 1069 1641 taliter
1123 1595 1197 1642 cere
1211 1581 1406 1658 procuretis,
1419 1581 1492 1641 sine
1499 1581 1586 1658 juris
1597 1581 1794 1658 praeiudicio
1806 1582 1909 1644 alieni.

274 1679 452 1756 impleturi,
466 1678 551 1756 quod
565 1693 630 1738 non
644 1677 779 1754 possitis
792 1677 832 1738 de
843 1675 1068 1738 inobedientia
1124 1678 1340 1755 presbyteros
1356 1693 1485 1754 quoque
1501 1693 1636 1739 manere
1646 1679 1766 1740 sinatis
1777 1680 1812 1738 in
1827 1695 1909 1756 pere,

274 1774 485 1852 reprehendi,
498 1775 598 1834 immo
612 1774 721 1850 potius
731 1773 771 1833 de
782 1771 969 1833 obedientia
984 1789 1069 1834 com·
1124 1789 1205 1852 quos
1220 1775 1284 1851 ipsi
1298 1791 1357 1852 pro
1373 1774 1560 1836 exhibendo
1575 1775 1639 1836 sibi
1654 1775 1769 1836 divino
1785 1777 1911 1837 servitio

274 1871 436 1932 mendari.
451 1871 569 1932 Datum
582 1870 749 1940 Laterani,
764 1871 838 1930 XIV
853 1869 920 1929 kal.
935 1867 1070 1930 februa·
1123 1872 1304 1932 sociarunt.
1318 1871 1367 1934 Ad
1381 1871 1443 1932 hoc
1458 1887 1538 1948 ergo
1553 1871 1786 1948 complendum
1810 1875 1911 1933 vestra

274 1967 328 2040 rii,
345 1967 555 2044 pontificatus
570 1967 677 2030 nostri
693 1981 780 2027 anno
793 1967 919 2042 quinto.
1123 1967 1315 2029 fraternitas
1338 1983 1432 2044 opem
1459 1969 1636 2030 consilium
1654 1968 1805 2045 praebeat
1818 1971 1851 2029 et
1863 1985 1913 2030 es-

1124 2079 1277 2136 sensum,
1296 2081 1357 2126 nec
1377 2079 1434 2126 eos
1452 2064 1488 2125 in
1510 2065 1667 2126 oratoriis
1688 2065 1911 2128 construendis

592 2187 744 2274 CCXIV
1124 2160 1283 2238 impediat
1297 2163 1354 2222 aut
1368 2161 1522 2238 impediri
1537 2162 1715 2238 permittat.
1732 2164 1850 2223 Datum
1861 2164 1912 2222 La-

1123 2257 1241 2327 terani,
1256 2259 1330 2318 XIV
1346 2257 1413 2318 kal.
1430 2256 1602 2330 februarii,
1615 2257 1829 2334 pontificatus
1839 2275 1912 2318 nos-

561 2331 774 2390 Adeosdem.
1122 2352 1268 2415 trienno
1284 2353 1410 2430 quinto.

571 2441 604 2498 19
615 2441 676 2514 jen.
694 2441 773 2498 1111.

449 2542 586 2612 [sireniis
599 2546 616 2594 1.
631 2561 663 2604 n,
676 2561 701 2610 p.
715 2545 770 2604 302,
784 2544 889 2610 11331]
1456 2539 1587 2626 CCXV

275 2650 1066 2754 (10000111011111111100100100,0101110001010011110·
1163 2682 1214 2742 Aa
1233 2683 1487 2756 Berenaariam
1501 2684 1691 2756 Mororum
1710 2685 1878 2756 quondam

309 2759 356 2800 ros
369 2741 405 2801 ed
419 2749 565 2800 servitium
580 2755 664 2799 suum
681 2754 827 2797 assumere
839 2747 929 2812 possit
940 2747 969 2796 et
984 2755 1011 2796 m
1025 2738 1066 2796 10-
1435 2782 1607 2854 mamam·

310 2833 351 2888 cis
374 2830 428 2888 sibi
451 2829 560 2887 nolletis
581 2829 704 2886 oratoria
722 2836 749 2886 et
764 2829 926 2886 coemeteria
942 2843 993 2901 pro
1015 2843 1068 2886 usu

309 2919 424 2992 proprio
437 2925 613 2975 construere.
1395 2899 1428 2956 19
1440 2898 1552 2972 januar.
1568 2901 1646 2958 1111.

314 3036 480 3097 Honorius
491 3034 676 3112 episcopus,
687 3049 802 3096 servus
815 3049 986 3096 servorum
995 3033 1066 3106 Dei,
1143 3012 1264 3076 [ΗΘΜ
1278 3013 1322 3063 ¹³¹³·
1336 3013 1365 3070 V·
1381 3015 1453 3078 epist.
1466 3013 1521 3063 3⁶⁰·
1535 3015 1591 3064 ³¹⁵³·
1607 3017 1643 3065 Μ
1654 3015 1729 3065 P⁰¹l⁰
1740 3015 1775 3066 ‘¹¹¹
1789 3017 1883 3076 M]

274 3131 521 3196 venerabilibus
536 3131 694 3193 fratribus
711 3131 920 3208 patriarchis,
936 3131 1069 3192 archie-
1124 3119 1217 3176 Partis
1232 3119 1305 3176 inter
1319 3135 1384 3176 eim
1399 3127 1484 3192 atque
1498 3121 1664 3191 henricum,
1675 3123 1790 3196 Angli&
1810 3139 1911 3195 regent,

274 3230 418 3307 piscopis
433 3229 467 3290 et
480 3227 659 3306 episcopis,
680 3229 714 3290 et
730 3227 858 3289 dilectis
874 3227 952 3287 filiis
967 3227 1070 3290 abba,
1140 3206 1175 3264 de
1188 3207 1263 3266 itlius
1275 3205 1340 3264 dote
1355 3208 1433 3266 initis
1448 3210 1644 3267 auctoritatem
1660 3221 1742 3268 suem
1758 3210 1895 3284 adjungit.

274 3327 379 3398 tibus,
395 3325 435 3388 ad
450 3341 531 3402 quos
548 3325 665 3386 litterae
679 3324 752 3386 istae
768 3323 996 3400 pervenerint,
1013 3340 1069 3387 sa·
1162 3323 1339 3396 Honorius,
1355 3325 1430 3396 etc,
1450 3325 1632 3386 carissimae
1652 3328 1686 3386 in
1697 3327 1909 3390 Christoliliae

274 3424 376 3484 lutem
391 3424 424 3483 et
438 3422 653 3498 apostolicam
669 3421 944 3482 benedictionem.
1123 3423 1171 3492 Β.,
1183 3420 1347 3497 quondam
1356 3421 1537 3496 Anglorum
1552 3422 1677 3498 reginae
1688 3422 1825 3494 illustri,
1835 3424 1911 3484 salu·

313 3519 433 3581 Militia
456 3517 526 3589 Dei,
548 3533 622 3594 quae
647 3517 768 3579 dicitur
789 3517 905 3599 dpmus
929 3516 1067 3578 fratrum
1123 3521 1188 3579 tem
1204 3519 1236 3578 01
1250 3517 1466 3594 apostolicam
1479 3518 1755 3581 benedictionem.

272 3615 454 3693 Hospitalis
484 3616 614 3675 Sanctae
646 3615 762 3676 Mariae
789 3614 1068 3676 Theuionicornm
1162 3615 1774 3691 Erinjnnctonobisolilcioserviiutis
1791 3619 1910 3678 incum-

174 3793 179 3800 ,
271 3711 577 3790 Eierosolymitani,
589 3727 687 3788 quam
698 3713 742 3773 sit
753 3712 909 3775 orientali
919 3711 1068 3773 ecclesiae
1122 3711 1908 3790 bit,quumillinsvicemlicetimmeritigeramus

271 3811 453 3878 commoda,
471 3809 570 3884 digna
586 3809 724 3880 meritis,
735 3811 802 3870 Deo
816 3810 922 3884 grata,
933 3809 1068 3870 univer·
1122 3809 1156 3870 in
1169 3808 1278 3880 terris,
1291 3810 1348 3885 qui
1362 3825 1429 3886 non
1442 3810 1495 3871 est
1508 3810 1726 3872 dissensionis
1744 3813 1844 3883 Deus,
1859 3809 1907 3870 sed

271 3908 401 3970 sitatem
415 3909 560 3968 vestram
582 3907 747 3967 credimus
766 3921 833 3967 non
853 3905 1069 3991 1010101110-
1122 3906 1225 3982 pacis,
1235 3908 1270 3968 ut
1282 3906 1335 3966 his
1343 3907 1399 3984 qni
1409 3905 1576 3968 amicabili
1587 3909 1664 3968 sunt
1675 3909 1904 3984 compositione

269 4006 365 4066 terna
393 4005 497 4079 igitur
524 4003 647 4064 caritas
673 4019 733 4064 nos
760 4002 924 4075 hortatur,
952 4004 1005 4074 ut,
1032 4003 1066 4063 in
1122 4003 1227 4080 sopita
1250 4003 1418 4064 munimen
1440 4004 1666 4080 Apostolicum
1694 4020 1902 4081 apponamus,

270 4103 428 4179 qnantum
444 4116 631 4176 possumus,
648 4101 839 4160 necessaria
855 4101 903 4160 eis
919 4099 1066 4162 subsidia
1123 4115 1164 4160 ne
1178 4099 1371 4160 relabantur
1385 4101 1420 4160 in
1436 4101 1564 4163 iteratae
1589 4101 1781 4180 scrupulum
1801 4118 1904 4179 quas-

269 4199 507 4260 ministremus.
520 4198 570 4270 nt,
583 4197 738 4274 quoniam
750 4198 906 4273 religiose
916 4198 1066 4260 viventes
1121 4197 1232 4268 tionis,
1247 4197 1280 4258 et
1303 4197 1432 4257 oriatur
1452 4197 1616 4259 dissensio
1630 4199 1720 4260 inter
1739 4215 1808 4270 eos,
1832 4213 1905 4276 quos

269 4296 387 4357 devote
402 4293 537 4355 student
551 4293 673 4356 divinis
690 4293 810 4354 officiis
824 4294 1005 4366 interesse,
1022 4294 1067 4354 li·
1121 4291 1217 4352 debet
1245 4292 1341 4354 unire
1365 4291 1532 4354 vinculum
1564 4293 1726 4356 caritatis.
1757 4294 1835 4356 inde
1862 4297 1906 4354 est

268 4392 381 4454 beram
405 4391 454 4452 eis
478 4390 690 4452 concedimus
712 4390 902 4452 facultatem
930 4391 1066 4452 idoneos
1121 4388 1295 4466 quodcum
1318 4389 1510 4450 carissimus
1530 4390 1566 4450 in
1579 4391 1709 4452 Christo
1725 4389 1815 4452 filius
1836 4407 1904 4452 nos·

186 4485 189 4493 ’
271 4488 482 4566 presbyteros
506 4487 548 4548 ed
573 4503 668 4548 suum
695 4487 868 4548 servitium
896 4503 1066 4550 assumere
1120 4487 1495 4561 terH.,rexAnglornm
1510 4487 1905 4565 illustris,suisn0bislit·

269 4585 501 4661 undecunque,
518 4585 575 4660 qui
589 4585 700 4646 tamen
716 4585 780 4646 rite
796 4585 912 4646 sintin
928 4583 1065 4662 presby·
1120 4581 1200 4643 teris
1216 4582 1425 4658 supplicavit,
1440 4585 1476 4645 nt
1487 4584 1758 4660 compositionem
1770 4587 1854 4648 iuter
1864 4587 1901 4654 te,

267 4673 357 4745 teres
373 4681 516 4743 ordinati
531 4681 565 4744 et
579 4697 599 4741 a
614 4681 759 4758 propriis
778 4681 943 4758 episcopis
961 4682 1066 4743 licen·
1096 4699 1099 4703 ¹
1120 4693 1159 4740 nc
1169 4680 1276 4755 ipsum
1292 4695 1392 4756 super
1406 4679 1638 4742 observatione
1651 4682 1899 4758 compositionis,

267 4781 349 4841 tiam
363 4777 584 4854 impetrarint.
601 4778 649 4838 Ad
664 4778 737 4839 haec
758 4778 883 4840 eisdem
906 4777 1064 4840 fratribus
1120 4791 1184 4851 qrve
1196 4792 1295 4853 snper
1310 4776 1384 4837 dote
1399 4777 1467 4848 tua,
1484 4777 1517 4838 et
1534 4776 1730 4854 quibusdam
1743 4779 1817 4840 aliis
1836 4792 1900 4838 cum

268 4877 438 4954 cupientes
464 4875 667 4936 commodius
691 4876 887 4952 providere,
915 4877 1065 4937 minuere
1120 4873 1218 4933 clarae
1234 4873 1401 4934 memoriae
1416 4875 1445 4936 J.
1459 4889 1537 4948 rege
1552 4875 1645 4950 patre
1658 4875 1765 4950 ipsius
1777 4875 1899 4942 inieras,

266 4976 378 5036 temen
390 4971 517 5033 nullius
528 4971 674 5032 vestrum
683 4973 739 5048 jus
752 4972 944 5048 parochiale
955 4972 1066 5035 volen-
1119 4968 1151 5028 et
1161 4970 1341 5045 arreragiis
1357 4971 1498 5046 quatuor
1512 4970 1652 5030 millium
1665 4973 1698 5032 et
1712 4971 1899 5048 quingenta-

266 5075 316 5133 tes
329 5070 383 5132 vel
398 5069 559 5140 decimaS,
576 5068 647 5130 sive
661 5067 863 5141 oblationeS,
880 5070 937 5131 aut
952 5069 1066 5146 sepul·
1119 5080 1192 5125 rum
1214 5063 1373 5126 librarum
1395 5066 1642 5140 sterlingorum,
1668 5082 1744 5143 quae
1768 5067 1823 5128 tihi
1846 5065 1898 5125 de-

268 5172 357 5232 turas
385 5166 536 5237 anferre,
567 5166 602 5226 in
630 5164 712 5226 locis
739 5165 802 5227 sibi
830 5167 980 5238 collatis,
1007 5166 1063 5228 ubi
1117 5159 1280 5223 bebantur
1301 5177 1344 5222 ex
1365 5163 1602 5237 compositione
1616 5163 1774 5239 praedicta
1788 5162 1900 5224 amica-

266 5265 392 5328 familia
415 5264 573 5327 videlicet
596 5262 744 5335 habitat,
771 5263 964 5325 ¹eorumdem
983 5279 1065 5325 con·
1118 5257 1229 5319 biliter
1266 5259 1396 5330 initam,
1427 5258 1530 5320 robur
1568 5259 1754 5320 faceremus
1789 5258 1898 5319 habere

265 5361 416 5424 struendi
431 5361 481 5422 eis
500 5360 647 5423 oratoria
661 5359 830 5421 licentiam
850 5359 1011 5432 dedimus,
1029 5362 1062 5422 in
1117 5355 1284 5431 perpetuae
1300 5355 1476 5428 firmitatis,
1503 5357 1663 5432 appositis
1685 5373 1770 5435 quas
1784 5354 1897 5416 videri-

266 5459 386 5536 quihns
400 5457 616 5530 celebrationi
632 5456 821 5518 divinorum
837 5457 1003 5528 intersint,
1018 5459 1060 5529 et,
1118 5469 1190 5514 mus
1203 5452 1435 5515 severitatibus
1450 5453 1619 5530 expedire.
1636 5469 1676 5516 ac
1690 5469 1735 5516 ex
1748 5455 1835 5531 perte
1849 5453 1895 5510 tua

266 5556 294 5616 si
310 5556 384 5633 quis
399 5553 439 5616 de
454 5555 537 5630 ipsis
551 5553 709 5614 fratribus
720 5553 778 5615 aut
790 5569 904 5615 eorum
919 5554 1064 5626 servien-
1116 5550 1317 5627 postuletum
1341 5549 1403 5611 fuit
1416 5549 1498 5611 illud
1520 5550 1619 5622 idem,
1642 5566 1705 5612 nos
1726 5554 1790 5614 tam
1804 5547 1898 5624 ipsius
