3988 6306
302 292 362 354 255

601 455 804 547 tcxnvss

214 645 217 654 .
318 600 369 660 Act
387 595 797 668 constantinopolitanam
815 594 1085 666 imperatricem.

603 705 623 764 2
640 706 703 778 julli
720 707 799 764 titt.

340 817 461 880 [Regest.,
470 813 514 864 lib.
526 815 569 872 III,
583 814 656 878 epist.
668 814 722 863 499.
734 815 793 864 idas.
802 813 837 864 La
849 811 923 862 Porta
932 813 965 862 du
977 812 1069 877 rhein]

307 909 1102 988 IndulgetutnullussinespecialimandatoSedisApos

281 1041 289 1050 -
342 1005 435 1061 tollore
449 1001 753 1058 excommunicationis
777 1001 821 1056 vel
847 999 989 1057 interdicti
1003 1009 1101 1057 contra

342 1092 551 1164 imperatricem
568 1088 691 1164 proterat
703 1089 884 1146 sententiam.

259 1179 265 1208 ¹
347 1201 533 1272 Honorius,
574 1201 662 1270 etc,
693 1198 874 1259 carissima
910 1197 943 1256 in
973 1197 1102 1258 Christo

307 1299 422 1361 filiae...
438 1295 642 1374 imperatrici
662 1294 943 1380 constantinopol..
968 1294 1101 1356 illustri.

347 1396 505 1458 volentes
529 1393 702 1455 serenitati
723 1397 789 1454 tuae
810 1392 845 1452 in
869 1391 988 1468 quibus
1011 1391 1105 1452 decet

196 1485 204 1502 “
309 1493 483 1572 apostolici
497 1491 621 1554 latoris
643 1491 784 1566 gratiam
799 1490 969 1561 extimare,
984 1490 1102 1550 aucto-

309 1593 407 1654 ritate
420 1590 481 1651 tibi
498 1587 710 1664 praesentium
726 1585 948 1661 indulgemus
967 1588 1002 1648 ut
1017 1602 1105 1663 prae-

309 1690 362 1750 ter
377 1691 560 1750 Romanum
582 1685 783 1762 pontificem,
801 1685 854 1744 vel
868 1687 941 1761 ejus
960 1685 1103 1760 legatum

310 1786 421 1846 nullus
442 1785 476 1844 in
497 1784 529 1846 te
550 1783 602 1844 vel
618 1783 763 1858 capellas
784 1784 860 1843 tuas
876 1782 1106 1843 excommuni-

311 1882 462 1954 cationis
491 1883 548 1942 aut
568 1879 735 1941 interdicti
761 1879 958 1941 sententiam
980 1879 1104 1956 absque

310 1979 447 2057 speciali
462 1977 658 2055 apostolicae
675 1977 769 2038 Sedis
791 1977 947 2038 mandato
963 1976 1105 2038 iaciente

310 2077 350 2138 de
390 2078 452 2138 hac
490 2076 602 2136 nostra
642 2074 849 2150 indulgentia
888 2075 1102 2143 mentionem,

309 2172 430 2236 audeat
444 2171 665 2251 promulgare.
683 2172 774 2242 Quod
799 2173 828 2231 si
849 2171 932 2232 iorte
959 2171 1103 2256 aliquam

310 2273 425 2333 contra
443 2273 592 2332 tenorem
621 2269 768 2345 ejusdem
790 2267 1005 2343 indulgentiae
1027 2283 1105 2344 pro·

309 2369 454 2444 mulgeri
482 2366 668 2440 contigerit,
700 2379 772 2426 earn
799 2364 1007 2426 decernimus
1038 2381 1104 2425 non

311 2463 519 2526 servandam.
534 2463 625 2523 Nulli
637 2478 727 2538 ergo,
745 2463 807 2523 etc.
826 2462 858 2521 Si
870 2463 943 2538 quis
955 2463 1102 2523 autem...

310 2563 428 2624 Datum
440 2562 543 2623 Reate
555 2562 648 2621 sexto
665 2574 770 2620 nonas
789 2559 866 2637 julii
882 2575 969 2620 anno
993 2561 1103 2621 tertio.

603 2727 807 2815 ttxnvtl

310 2861 1106 2939 acccpttuttrmscncttcastorrssacoaraueattc

511 2962 726 3022 Trectrensts
737 2961 904 3022 diaecesis.

917 289 1091 352 nononn
1112 289 1157 371 tn
1181 291 1329 352 ornan.

1887 297 1939 354 aa}

1155 465 1229 510 eam
1245 449 1487 528 pertinentibus
1500 450 1693 528 asssignetis
1708 451 1816 514 eidem
1832 474 1839 526 ;
1860 453 1938 513 alio-

1157 547 1235 622 quin
1250 547 1435 608 venerabili
1456 547 1553 610 fratri
1572 549 1684 614 nostro
1697 549 1938 628 archiepiscopo

1157 646 1339 720 Magantin.
1367 645 1489 706 nostris
1518 645 1634 706 damus
1662 645 1783 706 litteris
1802 647 1836 706 in
1851 663 1938 708 man-

1157 740 1253 814 datis,
1268 743 1305 804 nt
1323 758 1381 804 vos
1395 742 1435 803 ad
1450 742 1484 802 id
1502 743 1682 805 monitione
1696 743 1869 820 praemissa
1888 759 1939 820 per

1157 854 1332 900 censuram
1360 839 1620 902 ecclesiasticam
1645 839 1866 916 appellatione
1891 857 1940 901 re-

1157 939 1246 997 mota
1262 937 1447 1015 compellat.
1468 939 1537 998 Nos
1561 937 1703 998 etiamsi
1718 937 1940 1014 quidexnune

1158 1049 1256 1111 super
1279 1034 1498 1111 praepositura
1512 1035 1585 1111 ipsa
1600 1036 1714 1095 contra
1739 1033 1940 1096 donationem

1158 1132 1304 1193 nostram
1326 1131 1449 1193 iactum
1463 1131 1574 1202 luerit,
1591 1130 1724 1192 irritum
1740 1131 1940 1192 decernimus

1158 1229 1190 1290 et
1204 1227 1316 1292 inane.
1331 1231 1449 1290 Datum
1464 1228 1566 1290 Reate
1588 1228 1734 1290 secundo
1755 1243 1860 1290 nonas
1873 1228 1941 1304 julii

1159 1325 1367 1401 pontificatus
1383 1325 1489 1387 nostri
1504 1341 1591 1386 anno
1602 1326 1713 1388 tertio.

1406 1581 1413 1598 ,
1441 1492 1667 1580 CCXLVIII

1159 1631 1210 1690 Ad
1233 1630 1447 1690 Gutdctmum
1471 1626 1714 1688 Pictovensem
1746 1627 1946 1702 episcopum.

1458 1739 1552 1811 ajunt
1573 1740 1653 1798 teto.

1200 1845 1336 1912 [bouquet
1347 1847 1405 1898 ttae.
1419 1846 1463 1897 des
1476 1845 1581 1904 illator,
1589 1851 1609 1895 t.
1618 1845 1686 1904 XIX,
1697 1861 1722 1910 p.
1735 1841 1792 1896 689.
1803 1844 1909 1908 negat,

1428 1926 1474 1976 nn
1489 1925 1531 1983 111,
1543 1940 1584 1989 ap.
1602 1925 1670 1989 soa]

1160 2024 1294 2082 Savarico
1305 2023 1340 2081 de
1352 2023 1511 2082 lialoleone
1520 2023 1551 2080 in
1563 2024 1673 2097 Syriam
1687 2021 1826 2096 prolecto,
1841 2019 1949 2079 mandat

1195 2113 1348 2181 Honorius,
1361 2121 1392 2169 ut
1404 2127 1444 2168 aes
1455 2112 1577 2169 alienum
1594 2112 1668 2183 quod
1683 2111 1915 2168 contraxeratille
1924 2111 1947 2164 tn

1195 2201 1286 2269 ltalia,
1297 2200 1473 2258 pictavensis
1492 2201 1643 2272 episcopus
1661 2200 1754 2257 solvat
1768 2196 1948 2256 concessailli

1195 2289 1332 2346 vicesima
1348 2285 1507 2345 reddituum
1522 2289 1792 2345 ecclesiasticorum.

1200 2405 1366 2467 Honorius
1392 2404 1604 2481 episcopus...
1634 2401 1821 2464 venerabili
1860 2400 1946 2462 iratri

1160 2503 1314 2579 episcopo
1326 2502 1526 2572 Pictavensi,
1544 2500 1695 2562 salutem.

1200 2601 1280 2660 Cum
1296 2598 1435 2659 dilectus
1448 2593 1947 2658 tiliusnobilisvirsavaricusde

1160 2697 1345 2757 Maloleone
1361 2713 1435 2757 cum
1454 2696 1583 2756 dilectis
1598 2695 1675 2755 liliis
1701 2694 1856 2771 Philippo
1877 2691 1948 2752 Fal·

1118 2794 1123 2804 '
1160 2809 1234 2866 con,
1264 2795 1336 2855 cive
1359 2796 1518 2864 Romano,
1536 2793 1568 2853 et
1591 2795 1846 2868 Boncompagno
1873 2792 1949 2849 Tor-

1160 2891 1398 2968 nampollensi,
1425 2889 1596 2965 Ragnucio
1622 2887 1839 2960 Gurtabrana
1862 2886 1948 2949 ilde

1159 2989 1323 3050 brandino
1350 2989 1383 3049 et
1408 2988 1611 3064 Spicinellio‚
1638 2985 1878 3048 mercatoribus
1893 2986 1947 3044 Se-

610 3073 700 3146 bjutii
723 3073 803 3130 titt.

458 3177 627 3244 [Vurdtweim
640 3179 711 3228 Nova
723 3177 845 3235 subsidia,
857 3178 899 3235 ΙΙΙ,
908 3177 960 3239 79.]

1160 3086 1329 3156 sensibus
1358 3085 1504 3146 debitum
1544 3084 1635 3144 mille
1671 3084 1705 3145 et
1736 3083 1946 3146 ducentarum

1161 3199 1346 3245 marcarum
1362 3183 1438 3260 puri
1464 3182 1496 3244 et
1518 3182 1576 3242 lini
1603 3181 1735 3258 argenti
1763 3180 1806 3241 ad
1826 3178 1944 3256 pondus

346 3276 461 3336 Mandat
480 3283 512 3332 ΙΙ
531 3276 558 3333 ῖῐ]
575 3275 756 3348 praepositum
771 3275 892 3347 lssssllifli
911 3275 1069 3332 Alaitissuffl
1160 3283 1322 3342 'irecense
1346 3279 1552 3341 contraxerit
1571 3279 1605 3338 in
1626 3277 1847 3340 ultramarino
1863 3288 1948 3351 pere-

279 3437 285 3448 .
599 3361 816 3420 ⁸¹¹bd¹³⁰⁰¹¹¹¹ffi
1075 3386 1079 3398 ¹
1160 3377 1360 3454 grinationis
1392 3377 1512 3438 itinere
1548 3377 1761 3447 constitutae,
1794 3375 1889 3452 prout
1918 3371 1948 3429 in

349 3474 528 3544 Honorius,
555 3487 670 3533 servus
691 3487 863 3531 servorum
885 3471 954 3542 Del,
976 3469 1106 3532 dilectis
1161 3473 1364 3552 ejuslitteris
1380 3489 1479 3549 super
1493 3473 1556 3535 hoc
1579 3473 1676 3534 iactis
1693 3473 1825 3549 plenius
1851 3467 1949 3532 conli-

199 3594 211 3614 -’
311 3572 390 3632 tiliis
405 3569 674 3647 capitulosancti
690 3568 835 3629 Castoris
850 3568 884 3629 in
900 3567 1106 3629 Continentia
1161 3573 1269 3643 netur,
1295 3571 1336 3632 ad
1364 3570 1485 3632 nobilis
1506 3571 1654 3647 ejusdem
1680 3571 1872 3632 instantiam
1897 3578 1949 3642 per

310 3668 517 3731 'trevirensis
533 3667 714 3728 salutemet
726 3667 941 3743 apostolicam
951 3666 1108 3728 benedic·
1160 3669 1348 3747 apostolica
1361 3667 1421 3730 tibi
1430 3668 1552 3744 scripta
1562 3667 1769 3738 mandamus
1781 3669 1946 3744 quatenus,

310 3768 445 3830 tionem.
1161 3767 1353 3828 vicesimam
1364 3767 1470 3828 eidem
1495 3766 1536 3826 ab
1551 3765 1742 3843 apostolica
1768 3764 1853 3826 Sede
1876 3775 1949 3822 con-

350 3860 1105 3940 Memoresqnodnunqnamvobisproalicujus
1161 3881 1289 3926 cessam
1313 3867 1346 3926 et
1369 3879 1482 3926 omnes
1506 3863 1653 3924 redditus
1676 3878 1754 3924 suos
1769 3859 1880 3936 colligi
1899 3857 1947 3916 la·

310 3963 500 4041 provisione
528 3960 712 4020 direximus
738 3960 861 4036 scripta
889 3961 1014 4045 nostra,
1041 3976 1105 4021 vo·
1162 3962 1253 4022 ciens
1277 3961 1466 4037 diligenter,
1483 3961 1516 4020 te
1540 3960 1592 4020 bis
1614 3961 1690 4025 ante
1712 3961 1825 4020 omnia
1848 3954 1948 4018 debita

310 4060 428 4130 lentes,
443 4057 527 4134 quod
544 4057 650 4116 illium
663 4055 850 4119 alatrinum
868 4058 1106 4118 subdiaconum
1162 4061 1246 4122 solvi
1268 4059 1372 4120 facias
1394 4059 1541 4120 debitum
1567 4059 1785 4120 memoratum
1811 4052 1947 4134 praetatis

311 4156 344 4216 et
355 4152 565 4230 capellanum
580 4154 740 4222 nostrum,
754 4167 850 4227 quem
865 4168 934 4213 suae
954 4153 1105 4230 probita-
1161 4156 1412 4227 mercatoribus,
1429 4157 1482 4218 vel
1493 4156 1583 4218 certo
1598 4156 1720 4216 nuncio
1744 4151 1946 4220 eorumdem

310 4251 355 4313 tis
387 4249 522 4312 obtentu
548 4263 662 4309 carum
691 4247 850 4322 hahemus
875 4249 1049 4312 admodum
1074 4252 1106 4312 et
1161 4271 1200 4316 ac
1214 4254 1333 4315 deinde
1346 4253 1421 4314 aliis
1438 4253 1701 4323 creditoribus‚a
1717 4252 1836 4328 quibus
1848 4251 1947 4326 ipsum

310 4349 493 4426 acceptum,
522 4345 710 4408 uberiorem
729 4360 749 4405 a
778 4345 872 4406 nobis
892 4346 1045 4409 affectum
1074 4349 1107 4409 et
1161 4353 1237 4428 post
1254 4352 1319 4412 iter
1340 4354 1507 4428 arreptum
1529 4351 1687 4413 nuncium
1714 4349 1881 4426 recepisse
1894 4341 1948 4404 tibi

310 4445 451 4521 grafium
475 4445 660 4507 decaetero
694 4443 856 4532 s'entiatis.
892 4446 971 4504 Cum
1000 4461 1106 4521 nuper
1161 4448 1356 4517 constiterit,
1373 4447 1413 4509 de
1426 4447 1560 4510 residuo
1574 4447 1730 4510 satisfieri
1743 4445 1859 4518 iacias,
1881 4455 1947 4502 cum

311 4543 507 4622 praepositus
524 4543 636 4604 vester
649 4541 684 4602 in
706 4541 933 4602 ultramarinis
956 4542 1105 4618 partibus
1161 4561 1261 4622 super
1285 4545 1347 4607 hoo
1371 4545 1539 4622 receperis
1554 4545 1683 4608 litteras
1697 4544 1819 4606 nobilis
1839 4553 1949 4617 supra-

310 4639 718 4704 arebusinerithumanis
733 4639 932 4717 assumptae,
949 4641 1106 4716 sicntper
1161 4643 1260 4718 dicti3
1290 4642 1562 4714 contradictores,
1594 4643 1623 4703 si
1657 4643 1714 4720 qui
1738 4641 1871 4711 tuerint,
1899 4632 1947 4696 vel
1978 4651 1979 4670 ¹

268 4775 270 4780 -
310 4737 454 4799 nobilem
467 4736 716 4808 virumducem
728 4738 880 4810 Austriae,
895 4736 991 4799 nobis
1007 4737 1106 4798 inno-
1160 4741 1503 4812 rebelles‚monitione
1513 4741 1697 4817 praemissa,
1711 4745 1948 4817 percensuram

310 4835 385 4906 tuli,
403 4833 459 4912 qui
481 4835 554 4910 ejus
573 4832 764 4894 interfuisse
792 4831 963 4911 proposuit
988 4835 1104 4913 sepul·
1160 4838 1433 4909 ecclesiasticam,
1461 4836 1685 4914 appellatione
1708 4837 1846 4910 remota,
1865 4845 1948 4894 oom-

309 4935 405 5004 turae,
422 4930 673 5008 praeposituram
695 4945 793 5006 quam
808 4931 895 4993 idem
908 4932 1105 5009 praepositus
1160 4950 1308 5013 pascens,
1337 4936 1426 4996 circa
1448 4935 1708 4997 satisfactionem
1735 4951 1801 4998 non
1822 4933 1948 4994 relaxe-

309 5033 346 5094 in
360 5027 500 5092 scelesta
515 5028 626 5089 vestra
645 5026 788 5089 obtinuit
801 5028 1004 5092 subdiacono
1019 5046 1104 5091 con·
1159 5035 1254 5096 turus
1266 5033 1474 5104 sententiam,
1488 5049 1586 5110 quam
1597 5038 1732 5110 propter
1743 5033 1807 5093 hoo
1820 5024 1946 5092 duxeris

309 5128 445 5190 tulimus
466 5125 659 5186 memorato.
677 5125 838 5195 Quocirca
855 5127 1104 5188 universitatem
1160 5129 1432 5207 promulgandam
1460 5150 1468 5189 ε
1497 5131 1607 5192 sciens
1642 5147 1703 5192 nos
1736 5129 1856 5191 dilecto
1883 5121 1945 5183 illio

309 5225 453 5286 vestram
469 5220 650 5298 rogandam
675 5220 832 5282 duximus
856 5225 889 5284 et
907 5224 1104 5284 monendam
1160 5225 1285 5286 decano
1302 5225 1335 5284 S.
1353 5223 1511 5300 Stephani
1534 5226 1709 5286 Trecensis
1731 5223 1876 5285 districte
1894 5229 1946 5293 pet

310 5337 370 5400 per
403 5319 592 5397 Apostolica
614 5315 710 5378 robis
737 5318 860 5394 scripta
884 5321 1104 5397 praecipiendo
1159 5323 1290 5384 nostras
1309 5320 1440 5382 dedisse
1463 5321 1591 5383 litteras
1613 5324 1646 5382 in
1660 5321 1845 5400 praeceptis,
1862 5319 1905 5386 nt,
1920 5309 1945 5371 Si

309 5417 504 5479 mandantes
532 5417 694 5493 quatenus
722 5415 872 5476 eumdem
896 5417 1103 5494 capellanum
1159 5434 1259 5496 super
1288 5418 1455 5495 praedictis
1485 5420 1674 5495 neglexeris
1708 5419 1840 5481 eiicere
1867 5405 1943 5490 quod

309 5514 500 5576 nostrumin
514 5513 659 5574 vestrum
668 5511 880 5590 praepositum
895 5513 1103 5577 admittentes
1123 5596 1125 5599 .
1159 5516 1446 5592 mandamus,ipse
1460 5517 1493 5577 te
1504 5516 1585 5577 adid
1597 5531 1838 5594 percensuram
1852 5507 1945 5573 eecle-

220 5607 222 5611 ’
309 5609 561 5689 praeposituram
590 5609 781 5686 praedictam
804 5626 878 5670 cum
894 5611 1045 5672 omnibus
1062 5612 1101 5673 ad
1159 5613 1338 5684 siastioam,
1368 5612 1590 5689 appellatione
1614 5616 1751 5688 remota,
1766 5605 1942 5687 compellat·
