3988 6306
257 303 321 362 835
874 297 1050 358 HONORII
1074 297 1119 356 ill
1140 297 1289 358 OPERA.
1849 303 1914 364 336

258 460 370 523 carnis
380 460 544 536 ingresso,
561 458 674 520 clerici
686 457 839 519 ecclesia
859 457 1052 517 Lismoren-
1085 499 1086 502 ,
1109 456 1219 516 missis
1235 455 1388 516 omnibus
1403 456 1437 516 in
1453 457 1567 520 nostra
1581 457 1757 534 praesentia
1770 457 1913 537 respon·¹
1984 455 1985 458 ’

259 559 317 630 sis,
338 558 381 620 ad
407 573 493 634 quos
511 556 629 618 electio
657 555 795 632 dejure
822 553 1002 631 spectabat,
1033 569 1053 614 a
1108 569 1220 613 surus.
1250 554 1364 614 Testes
1392 555 1516 627 autem,
1554 557 1616 618 eto.
1638 556 1719 618 Non
1755 557 1913 620 obstante

258 655 433 716 carissimo
458 655 494 714 in
521 654 651 714 Christo
687 652 756 712 filio
794 653 944 712 nostro...
975 665 1057 726 rege
1108 651 1344 713 constitutione
1360 652 1502 713 Concidit
1515 653 1695 730 generalis,
1711 670 1777 732 qua
1801 671 1910 716 cave-

257 754 440 828 Anglorum
455 752 578 812 illustri
594 751 728 812 obtenta
744 749 878 810 licentia
894 748 1051 824 eligendi,
1108 751 1173 820 tur,
1191 765 1232 808 ne
1248 751 1320 826 utris
1341 751 1428 811 ultra
1452 751 1535 812 duas
1559 751 1676 813 diaetas
1696 754 1793 814 extra
1808 769 1908 814 suam

257 866 332 910 eum
348 850 507 911 canonice
519 865 559 910 ac
573 847 782 909 concorditer
803 847 997 930 elegissent,
1013 861 1054 906 ac
1086 849 1087 854 ’
1108 845 1279 906 dioecesim
1294 845 1334 908 ad
1346 847 1510 924 judicium
1525 849 1615 910 trahi
1629 850 1745 926 possit.¹
1764 850 1858 922 Quod
1875 851 1911 910 si

258 948 464 1025 postmodum
480 946 738 1024 prmdio‘torege
765 944 871 1021 ipsius
897 944 1053 1005 electioni
1109 959 1175 1003 non
1191 959 1318 1016 omnes,
1335 947 1399 1006 etc.

257 1060 429 1106 assensum
439 1043 630 1104 benivolum
647 1043 867 1118 impendente,
875 1041 1053 1102 venerabi·
1149 1043 1266 1102 Datum
1282 1042 1434 1115 Viterbii,
1452 1045 1497 1104 lll
1512 1043 1586 1103 idus
1606 1043 1807 1116 novembris,
1817 1061 1912 1122 pon-

257 1141 299 1203 lis
308 1141 411 1204 frater
424 1143 573 1204 noster...
588 1140 807 1202 cassellensis
820 1139 1051 1216 archiepisco·
1107 1138 1252 1202 tidcatus
1266 1139 1374 1201 nostri
1386 1155 1474 1202 anno
1492 1143 1622 1218 quarto.

256 1255 330 1315 pus,
347 1237 622 1314 metropolitanus
635 1237 712 1306 loci,
722 1237 779 1313 qui
793 1238 872 1298 tunc
890 1236 1055 1312 inlnglia

256 1351 317 1412 pro
329 1335 561 1398 ecclcsiaesuae
576 1333 719 1410 negotiis
733 1333 936 1406 morabatur,
948 1333 1053 1410 ipsius
1402 1341 1405 1348 ’
1451 1291 1559 1380 XLII

256 1433 453 1495 electionem
467 1431 680 1503 confirmans,
692 1447 813 1492 munus
826 1431 1054 1492 consecrati0÷
1108 1415 1159 1476 Ad
1174 1416 1457 1490 ai'clll'ssfif'ffflftot,
1476 1420 1651 1492 θρῑδθθβθθ
1670 1418 1704 1478 et
1723 1421 1913 1480 willelm

257 1531 310 1591 nis
331 1528 546 1606 impendisset
559 1528 678 1594 eidem.
696 1528 783 1590 idem
794 1529 1052 1605 episcopuscum
1300 1517 1525 1574 emtarum
1537 1515 1714 1588 limiam·

256 1625 489 1704 predictorum
502 1625 643 1702 regis'et
665 1626 908 1705 archiepiscopi
932 1625 1052 1687 litteris
1401 1627 1514 1686 ll'nor.
1529 1627 1610 1686 fils.

255 1725 297 1786 ad
334 1739 430 1786 suum
463 1724 690 1801 episcopatum
725 1726 906 1795 revertens,
946 1723 1053 1800 ipsius
1200 1731 1485 1794 nortmannorum
1501 1733 1565 1798 dipl.
1582 1734 1602 1792 l,
1619 1733 1712 1791 testu.
1731 1733 1800 1798 ms]

255 1822 387 1900 plenam
406 1822 651 1900 possessionem
674 1823 742 1884 tam
764 1822 798 1882 in
813 1820 1053 1899 temporalibus
1107 1828 1223 1888 liundat
1242 1837 1272 1886 ut
1289 1828 1391 1888 fratres
1405 1829 1513 1900 ordinis
1527 1831 1749 1890 Praedieetoruoi
1764 1833 1913 1892 benevole

256 1935 355 1996 quarn
371 1921 405 1980 in
422 1919 654 1995 spiritualibus
675 1921 727 1982 est
748 1919 897 1996 adeptus.
915 1921 1052 1995 Domum
1143 1918 1297 1990 recipiant3
1314 1919 1488 1997 illos-entem
1505 1921 1551 1993 qui
1568 1930 1684 1996 propter
1705 1924 1816 1984 lncrurn
1838 1941 1912 1999 pree·

254 2031 334 2078 uero
350 2016 488 2094 praefato
502 2017 878 2094 episcopoepiscopatus
888 2017 940 2078 sui
953 2017 1052 2093 plena
1143 2005 1248 2075 diffini.
1263 2007 1396 2080 limittit·

255 2115 465 2192 possessione
498 2115 674 2190 gaudente,
706 2117 744 2177 R.
768 2114 1052 2176 waterfordensis
1133 2115 1331 2186 sonorius,
1351 2117 1434 2188 etc,
1465 2118 1713 2181 venerabilibus
1746 2121 1912 2186 fratribus

255 2211 442 2288 episcopus,
468 2214 583 2275 contra
598 2227 695 2288 quem
714 2210 809 2272 bonae
833 2211 1002 2274 memoriae
1025 2212 1050 2272 l·
1106 2211 1376 2288 archiepiscopis,
1385 2213 1549 2291 episcopis
1560 2216 1731 2280 etdilectis
1740 2219 1911 2280 filiisunt-

255 2323 341 2386 papa
354 2308 580 2386 praedecessor
590 2311 713 2381 noster,
726 2311 874 2384 tompore
884 2308 1052 2384 generalis
1106 2309 1212 2368 versis
1227 2309 1443 2372 ecclesiarum
1460 2311 1608 2386 praelatis
1623 2312 1663 2374 ad
1686 2331 1771 2392 quos
1782 2317 1909 2380 littera

255 2404 408 2476 concilii,
422 2420 497 2466 cum
507 2404 574 2466 sibi
592 2419 653 2481 per
676 2405 1003 2482 archiepiscoporum
1018 2407 1053 2468 et
1106 2405 1178 2466 istae
1189 2407 1413 2482 pervenerint,
1425 2409 1564 2470 salutem
1580 2412 1614 2473 et
1625 2412 1913 2488 apostolicambe·

254 2502 487 2579 episcoporum
501 2503 670 2567 Hiberniae
686 2504 1052 2566 assertionemconsta-
1107 2502 1340 2565 nedictionem.

257 2601 318 2668 ret,
335 2599 561 2678 episcopatum
576 2601 684 2678 ipsum
699 2600 740 2664 ab
751 2602 868 2664 eodem
880 2629 883 2638 ·
896 2602 1052 2678 episcopo
1146 2601 1226 2660 Cum
1250 2601 1309 2678 oui
1323 2601 1486 2680 receperit
1502 2604 1708 2682 proplietam,
1721 2606 1757 2668 in
1771 2609 1911 2670 nomine

257 2713 318 2776 per
337 2697 532 2762 violentiam
556 2699 710 2770 detineri,
733 2697 944 2760 diffinitivam
968 2713 1051 2762 sen·
1107 2698 1913 2783 propbetae‚meroedempropbetaeaocipiat,uni·

254 2795 392 2862 onnam
410 2796 649 2873 promulgarat,
659 2797 767 2860 cidem
784 2812 885 2873 super
899 2797 963 2859 hoo
975 2813 1053 2874 per·
1106 2796 1257 2858 versitati
1268 2799 1387 2860 vestrae
1400 2797 1490 2859 viros
1506 2799 1740 2876 praedicatores
1753 2804 1911 2867 ecclesiae

255 2894 391 2970 potuum
411 2894 581 2958 silentium
599 2894 813 2971 imponendo,
826 2894 867 2956 de
886 2896 1050 2957 sententia
1107 2895 1234 2955 sanctis
1245 2893 1529 2970 pernecessarios,
1545 2897 1604 2974 pro
1624 2913 1664 2960 eo
1677 2891 1766 2977 quod
1785 2903 1912 2962 minis-

257 2990 331 3066 ipse
358 3005 424 3056 non
453 2989 579 3057 faciens
604 2993 817 3065 mentionem,
847 3008 867 3056 a
892 2993 1051 3070 praedicto
1106 2992 1196 3052 trent
1212 2990 1367 3068 pabulum
1381 2991 1913 3066 verblbet,meritooommenda-

255 3106 336 3168 rege
378 3105 437 3167 per
473 3089 732 3168 subreptionem,
768 3106 868 3166 super
911 3092 1050 3154 restitu-
1107 3104 1191 3160 mus,
1203 3090 1238 3149 ut
1250 3103 1293 3149 ex
1308 3089 1371 3150 boc
1383 3091 1569 3152 mercedem
1579 3093 1674 3154 robis
1689 3095 1909 3172 incompara-

253 3191 345 3252 tione
373 3187 437 3249 sibi
464 3187 628 3259 facienda,
644 3205 686 3248 eo
711 3189 876 3266 praetextu
895 3188 1051 3268 videlicet
1106 3183 1207 3246 bilem
1236 3188 1447 3262 comparetis.
1474 3189 1559 3251 Hinc
1582 3191 1633 3252 est
1658 3189 1744 3268 quod
1767 3192 1911 3255 dilectos

255 3285 342 3364 quod
365 3285 591 3362 episcopatum
612 3285 722 3362 ipsum
745 3285 838 3361 prius
862 3286 1051 3360 detinuerat
1107 3280 1195 3342 filios
1228 3281 1349 3346 fratres
1382 3285 1511 3346 ordinis
1548 3287 1830 3362 predicatorum,
1846 3293 1911 3367 oiri

255 3383 465 3459 occupatum,
497 3383 656 3459 quasdam
683 3383 813 3446 litteras
847 3383 1048 3459 impetravit,
1105 3381 1334 3455 paupertatem
1357 3381 1391 3442 et
1415 3382 1519 3444 vitam
1542 3385 1730 3459 regularem
1760 3385 1908 3464 professi

255 3495 396 3560 quarum
428 3479 602 3540 occasione
639 3479 727 3540 idom
768 3481 1050 3544 Waterfordonsis
1105 3473 1197 3534 verbi
1214 3475 1272 3535 bei
1291 3476 1369 3538 sunt
1379 3479 1655 3554 evangelizationi
1673 3481 1821 3544 totaliter
1835 3479 1905 3544 de-

255 3577 450 3658 pradictum
466 3620 468 3632 =
483 3577 727 3640 [demorantem
761 3579 955 3655 episcopatu
989 3595 1049 3640 suo
1105 3572 1222 3648 putati,
1237 3572 1331 3634 vobis
1347 3574 1503 3635 duximus
1518 3577 1716 3654 propensius
1731 3593 1908 3642 commen-

254 3677 315 3757 per
328 3676 481 3739 laicalem
504 3676 581 3738 fecit
602 3677 798 3753 potentiam,
825 3677 1049 3753 praetermisso
1105 3669 1242 3730 dandos·
1265 3672 1680 3738 Unilssfsiiatssmlffltfflm
1698 3680 1855 3754 meantes
1870 3681 1911 3742 θῑ

252 3775 340 3853 juris
373 3773 500 3846 ordine,
526 3773 676 3851 spoliari,
707 3776 740 3836 et
768 3777 883 3836 contra
898 3774 1048 3852 jamdicti
1104 3766 1276 3830 hortantes
1287 3770 1493 3832 attentiusac
1502 3787 1561 3848 per
1570 3773 1759 3850 apostolica
1773 3777 1908 3853 scripta

255 3871 511 3950 praedecessoris
544 3871 650 3934 noemi
691 3873 889 3934 sententiam
924 3874 1049 3934 temere
1104 3863 1202 3927 vohis
1213 3867 1421 3940 mandantes,
1441 3871 1719 3949 ouatenusquum
1736 3873 1776 3934 ad
1789 3877 1908 3950 partes

254 3969 404 4043 veniens,
418 3969 644 4048 episcopatum
667 3969 775 4046 ipsum
795 3969 920 4031 detinet
944 3985 1048 4031 oocu—
1105 3967 1233 4026 vestras
1250 3968 1453 4028 accesserint
1467 3967 1508 4028 ad
1525 3969 1729 4044 praedicandi
1743 3972 1908 4046 officium,

255 4067 380 4143 patum,
399 4081 466 4127 non
490 4066 563 4130 sine
583 4066 781 4142 Apostolioae
806 4067 901 4130 Sedis
925 4067 1049 4144 injuria
1104 4061 1146 4121 ad
1161 4062 1246 4139 qnod
1260 4063 1409 4140 deputati
1425 4067 1512 4138 sunt,
1535 4067 1710 4130 caritative
1731 4069 1908 4146 recipiatis

255 4162 289 4226 ot
303 4163 523 4226 Lismorensis
538 4163 690 4230 ecclesiae
704 4163 853 4226 laesione.
871 4165 954 4236 Quia
969 4179 1049 4226 vero
1105 4160 1248 4233 eosdem,
1273 4165 1307 4222 et
1325 4162 1465 4238 populos
1487 4163 1582 4225 robis
1596 4166 1792 4228 commissos
1809 4169 1844 4230 ut
1858 4183 1908 4232 ex

254 4261 357 4324 muta
368 4261 564 4328 temeritatis
577 4277 750 4324 excessum
759 4261 1051 4338 relinquerenolu·
1104 4272 1163 4318 ore
1175 4258 1323 4334 ipsorum
1337 4259 1430 4322 verbi
1447 4263 1506 4322 liei
1522 4275 1635 4324 semen
1653 4263 1770 4326 devote
1789 4265 1907 4326 susci-

255 4375 329 4421 mus
355 4359 589 4433 incorrectum,
620 4359 814 4421 discretioni
840 4362 960 4420 vestrae
991 4375 1051 4436 per
1104 4355 1211 4431 piant,
1237 4355 1352 4418 sedule
1376 4358 1611 4431 admonentes,
1644 4375 1704 4438 pro
1719 4362 1842 4424 divina
1869 4367 1908 4427 et

254 4455 446 4532 apostolice
465 4457 590 4536 scripte
603 4457 812 4528 mandemus,
827 4458 1003 4533 quatenns,
1020 4457 1049 4521 si
1105 4453 1218 4514 nostra
1235 4457 1425 4538 reverentia
1440 4457 1475 4516 in
1491 4458 1561 4519 suis
1579 4459 1627 4520 eis
1647 4460 1905 4523 necessitatibus

255 4553 376 4624 estita,
399 4555 559 4616 remonon
582 4553 723 4631 prante
742 4555 940 4631 episcopatu
960 4569 1048 4630 ouo·
1104 4549 1248 4612 fideliter
1273 4552 1453 4624 assistetis,
1484 4557 1648 4632 quamnus
1675 4557 1719 4618 ad·
1741 4557 1905 4634 praedicta

255 4647 336 4710 libet
347 4647 465 4710 illicito
477 4649 785 4729 detentore,·ipsum
799 4651 1049 4714 cumfruotibus
1105 4648 1316 4724 suscipienda
1338 4651 1460 4711 vestris
1479 4651 1769 4716 exhortationibus
1788 4657 1905 4733 populi

254 4745 332 4807 inde
346 4745 510 4822 perceptis
522 4749 709 4809 restituetis
731 4749 871 4826 praefato
883 4749 1049 4826 episcopo
1105 4747 1285 4822 praeparati
1296 4749 1454 4825 tanqmm
1469 4748 1557 4810 bona
1569 4752 1602 4811 et
1614 4751 1785 4814 fructifera
1797 4753 1904 4826 terra,

255 4841 470 4913 Lismorensi,
498 4843 531 4904 et
558 4842 696 4908 faciatis
726 4846 878 4908 eumdem
911 4848 1049 4924 pacifica
1104 4859 1164 4920 pro
1189 4843 1344 4906 vitiorum
1367 4845 1498 4906 tribulis
1519 4847 1683 4926 incipiant
1697 4861 1809 4912 semen
1823 4865 1905 4928 ger-

254 4939 361 5018 ipsins
379 4939 590 5016 possessione
606 4943 763 5017 gaudere,
789 4945 1049 5008 contradictores
1104 4941 1234 5002 minere
1247 4941 1905 5026 virtutumetdictifratrespercoopera-

255 5045 316 5114 per
332 5048 507 5099 censuram
529 5036 801 5110 ecclesiasticam,
825 5041 1049 5118 appellatione
1105 5040 1229 5102 tionem
1249 5041 1394 5103 vestram
1410 5043 1555 5120 suscepti
1575 5044 1902 5108 ministeriicnrsum

255 5134 451 5214 postposita,
470 5125 722 5210 compescendo.
751 5139 789 5198 st
811 5153 853 5200 ne
872 5139 1049 5215 saepefatus
1103 5135 1238 5198 felicius
1248 5141 1485 5212 consumendo,
1502 5143 1650 5218 optatum
1668 5145 1902 5221 reportentsui

254 5230 536 5294 waterfordensis
562 5230 603 5294 de
636 5233 892 5310 praesumptione
924 5235 1047 5313 btrjus·
1071 5261 1072 5264 ¹
1104 5233 1229 5297 laboris
1244 5235 1386 5299 fructum
1402 5239 1435 5301 et
1456 5238 1567 5312 tinem,
1584 5240 1725 5302 salutem
1746 5241 1904 5306 videlicet

254 5326 343 5390 modi
368 5327 576 5392 commodum
604 5343 646 5391 se
672 5331 817 5406 gandeat
845 5334 1046 5408 reportasse,
1104 5333 1303 5394 animarum.
1320 5335 1495 5406 Qmarem
1509 5337 1691 5413 saeperitia
1707 5338 1769 5399 sub
1790 5339 1902 5416 specie

254 5423 319 5499 ipsi
346 5425 546 5488 auctoritate
575 5426 764 5504 apostolica
795 5428 1049 5506 injungebant
1104 5434 1264 5492 uirtutum
1280 5431 1409 5494 occulte
1423 5433 1611 5496 subintrant
1625 5435 1658 5498 et
1679 5433 1820 5513 angelus
1834 5439 1901 5498 Sa-

254 5519 342 5584 infre
357 5521 484 5584 certum
496 5525 626 5600 tempus
650 5526 886 5602 praeflgendum
912 5543 932 5589 a
954 5530 1048 5591 vobis
1104 5529 1191 5590 tanae
1207 5529 1241 5590 in
1256 5531 1412 5608 angelum
1432 5531 1517 5593 lucis
1532 5532 1725 5611 plerumque
1747 5535 1902 5598 simulate

253 5618 1049 5704 nostroseconspectuireprmseutet,superprae-
1104 5645 1140 5688 se
1150 5627 1373 5702 transformat,
1383 5630 1595 5708 praesentium
1606 5631 1902 5695 vobisauotoritate
