4096 6312
317 303 378 388 767
927 299 1102 382 HONORlI
1124 299 1169 360 III
1189 300 1339 362 OPERA.
1910 303 1968 366 768

317 459 481 522 mittimus
494 455 792 520 fiducialitervioes
806 455 1110 533 nostraszideoque
1163 457 1223 529 tia,
1252 457 1308 534 qui
1333 457 1508 535 piraticam
1534 459 1739 534 exercentes,
1762 459 1836 522 tarn
1852 475 1968 522 cruce-

318 556 553 620 discretionem
562 555 706 617 vestram
721 555 892 615 monem'us
906 553 1111 631 attente,per
1164 554 1331 630 signatos,
1358 571 1456 632 quam
1478 557 1679 620 christianos
1698 559 1788 619 alios
1812 558 1889 618 sine
1908 558 1966 618 de-

318 652 510 732 Apostolioa
531 650 625 714 vobis
644 651 767 727 scripta
792 648 998 722 mandantes,
1027 665 1111 728 qua·
1163 650 1250 712 lectu
1275 650 1418 728 spoliant
1440 655 1474 715 et
1495 655 1664 728 occidunt,
1681 656 1846 717 dilectum
1863 655 1966 716 tilium

317 754 416 814 tenus
458 747 648 827 hujusmodi
674 747 809 836 negotii
850 746 1109 808 circumstantiis
1163 751 1239 809 Acc.
1263 748 1501 811 subdiaconum
1524 753 1557 813 et
1577 753 1790 830 capellanum
1815 753 1965 814 nostrum

318 847 455 926 provide
465 845 712 921 circumspectis
723 843 905 921 injungatis
917 844 1023 905 eidem
1033 842 1109 904 duci
1164 845 1204 905 ad
1221 846 1431 908 carissimum
1445 849 1481 909 in
1494 849 1624 911 Christo
1642 850 1748 910 filium
1770 850 1964 910 nostrum...

318 945 460 1006 alterum
475 942 719 1020 praedictorum,
740 941 825 1017 quod
841 939 947 1017 ipsius
962 940 1063 1001 saluti
1078 941 1110 1001 et
1163 957 1276 1016 regem
1298 945 1479 1019 Hungariae
1501 946 1779 1019 transmittamus,
1810 945 1966 1007 volumus

319 1040 511 1103 christianae
535 1037 612 1099 fldei
635 1037 797 1114 profectui
812 1027 927 1113 ¹magis
955 1037 1109 1098 videbitis
1164 1039 1197 1098 et
1219 1037 1280 1100 tibi
1306 1039 1342 1099 in
1368 1040 1464 1101 dictae
1483 1057 1589 1118 poenae
1617 1043 1965 1120 recompensationem

319 1137 489 1213 expedire.
517 1137 557 1198 lit
583 1135 660 1213 quia
680 1135 717 1195 in
745 1134 883 1212 utroque
910 1148 990 1195 casu
1017 1149 1109 1194 mora
1163 1135 1381 1211 injungimus,
1405 1137 1442 1199 ut
1466 1138 1507 1198 ad
1537 1140 1756 1200 coercendam
1780 1139 1964 1218 praedicto-

318 1234 500 1295 enormiter
514 1232 626 1308 posset
638 1247 711 1292 esse
725 1230 894 1302 damnosa,
907 1230 967 1291 sub
978 1246 1029 1303 ea,
1046 1245 1109 1308 qua
1164 1247 1237 1295 rum
1252 1232 1413 1294 malitiam
1429 1235 1623 1311 piratarum,
1641 1236 1752 1314 ipsum
1767 1252 1886 1312 regern
1900 1236 1967 1296 sol-

319 1329 423 1401 decet,
441 1328 647 1391 districtione
663 1327 819 1391 indicatis
835 1328 953 1398 eidem,
970 1329 1007 1389 ut
1022 1327 1109 1404 quod
1163 1329 1265 1390 lerter
1283 1329 1317 1391 et
1331 1331 1508 1393 efficaciter
1527 1349 1664 1395 moneas
1689 1334 1721 1395 et
1746 1333 1907 1404 inducas,
1934 1336 1966 1394 et

318 1425 543 1504 injunxeritis,
556 1425 710 1488 celeriter
717 1426 750 1488 et
760 1424 939 1487 efficaciter
946 1440 1111 1502 exsequa—
1164 1425 1254 1486 adid
1270 1426 1300 1486 ei
1316 1428 1539 1492 consiliumet
1557 1430 1720 1492 auxilium
1736 1431 1965 1508 opportunum

320 1523 569 1588 tuscanorum
595 1522 625 1584 si
648 1523 825 1598 contigerit
849 1537 909 1584 vos
933 1523 1110 1599 injungere

202 1679 206 1689 ,
318 1619 382 1688 illi,
396 1620 432 1680 ut
445 1620 616 1682 remaneat
628 1619 665 1680 in
678 1618 863 1680 subsidium
875 1620 1107 1691 Prutenorum,

318 1717 475 1779 indicatis
491 1716 532 1788 ei,
550 1717 586 1778 ut
601 1716 780 1777 secundum
804 1715 979 1777 consilium
993 1716 1027 1778 et
1040 1715 1111 1777 dis-

318 1813 516 1892 positionem
526 1811 728 1874 venerabilis
743 1811 856 1874 fratris
870 1797 1013 1874 nostri...
1027 1812 1111 1890 epis-

318 1911 394 1988 copi
407 1907 554 1972 Prussiao
569 1908 699 1971 studeat
712 1909 748 1970 in
761 1909 825 1972 hoo
839 1910 979 1971 Domino
997 1909 1112 1971 aldoa-

318 2007 403 2069 citer
427 2005 594 2066 famulari.
620 2005 711 2078 Quod
738 2007 768 2067 si
796 2021 863 2068 non
891 2021 1017 2080 omnes,
1046 2008 1108 2068 etc.

317 2103 436 2166 Datum
449 2103 617 2175 Laterani,
631 2104 691 2163 XV
704 2103 867 2166 kalendas
883 2105 974 2176 maii,
994 2103 1109 2181 ponti-

318 2199 437 2264 ficatus
457 2200 563 2262 nostri
576 2215 663 2261 anno
679 2199 804 2278 quinto.

604 2396 822 2484 CCCXXIV

330 2538 383 2600 Aa
399 2539 591 2601 Jobcaaem
608 2537 882 2613 stridoniensem
895 2538 1096 2611 archiepisc.

596 2657 630 2715 le
648 2657 730 2730 april.
751 2657 830 2716 liii.

393 2771 521 2838 [Theiner,
538 2773 606 2822 llon.
621 2771 767 2836 ilungariaa,
777 2777 797 2822 t.
813 2771 832 2830 l,
848 2786 875 2837 p.
887 2771 928 2835 28,
943 2787 970 2823 n.
980 2771 1033 2834 db]

318 2863 541 2950 Arcbiepisoopo
558 2875 758 2950 strigoniensi,
780 2877 900 2935 remissa
916 2878 1010 2950 aliqua
1025 2892 1111 2951 poens

353 2965 390 3023 ob
403 2979 613 3038 preproperam
633 2965 760 3039 episcopi
778 2966 935 3024 lauriensis
958 2978 1108 3022 consecra·

352 3056 475 3123 tionem,
498 3053 664 3127 injungitur,
688 3059 840 3111 utcontra
863 3054 979 3111 Sclavos
1004 3055 1111 3126 piratas

353 3157 455 3216 regern
468 3143 622 3214 ilungsrie
635 3141 760 3212 inducat,
783 3150 811 3200 et
825 3141 886 3214 lpse
899 3143 923 3198 sl
937 3143 1037 3214 possit,
1052 3149 1108 3200 eat.

356 3267 522 3330 Honorius
534 3267 845 3344 episcopusservus
858 3282 1029 3328 servorum
1037 3268 1108 3340 Dei,

316 3364 502 3428 venerabili
525 3362 657 3425 tratri...
682 3363 901 3439 strigoniensi
923 3363 1111 3440 archiepis-

318 3477 412 3538 copo,
440 3459 580 3520 salutem
606 3459 639 3521 et
663 3459 881 3536 apostolicam
906 3459 1112 3522 benedictio-

317 3573 405 3620 nem.

358 3655 395 3716 Si
414 3651 475 3716 tibi
498 3653 679 3716 secundum
693 3654 864 3732 tuaopera
884 3653 1109 3728 redderemus,

317 3751 474 3814 diuturna
489 3751 521 3812 et
534 3753 646 3828 gravis
661 3751 749 3813 esset
770 3752 998 3829 proculdubio
1014 3768 1111 3831 poena

316 3850 394 3912 tua:
411 3863 511 3925 quum
531 3847 662 3926 culpam
676 3849 767 3910 tuam
781 3864 848 3911 nou
867 3848 1032 3911 modicum
1051 3865 1113 3925 ag-

316 3946 443 4023 gravet,
474 3944 561 4022 quod
583 3945 757 4022 prudentia
781 3946 815 4008 et
838 3947 934 4008 aetate
960 3946 1111 4008 maturus

1164 1523 1349 1600 impendas,
1363 1527 1478 1586 contra
1491 1526 1578 1600 illos,
1594 1527 1622 1588 si
1636 1527 1763 1589 videris
1780 1543 1867 1602 opus
1881 1541 1962 1596 esse,

1164 1619 1199 1680 in
1219 1635 1361 1697 persona
1382 1624 1517 1700 propria
1541 1623 1759 1700 protecturus,
1782 1623 1961 1684 dummodo

1164 1716 1198 1778 id
1213 1717 1323 1780 lacere
1336 1717 1452 1781 valeas
1469 1720 1593 1798 absque
1606 1721 1701 1798 gravi
1717 1720 1961 1796 strigoniensis

1164 1813 1314 1877 ecclesiae
1338 1816 1546 1879 detrimento.
1566 1820 1684 1880 Datum
1700 1817 1876 1892 Laterani,
1890 1817 1963 1876 Xlll

1165 1912 1256 1986 maii,
1273 1929 1360 1976 anno
1376 1914 1501 1992 quinto.

1463 2111 1661 2200 dccxxv

1264 2253 1316 2313 Ad
1334 2254 1628 2330 archiepiscopum
1642 2253 1864 2318 lismensem.

1449 2367 1484 2424 20
1499 2367 1579 2441 april.
1592 2367 1672 2426 liat.

1199 2471 1319 2536 megan,
1334 2471 1379 2522 lib.
1392 2473 1425 2532 V,
1436 2472 1502 2536 epist
1511 2473 1566 2523 eti.
1578 2473 1635 2523 blss.
1648 2473 1686 2524 La
1695 2475 1773 2524 Parte
1787 2473 1824 2523 du
1837 2467 1931 2532 lircil]

1165 2577 1342 2638 visitationis
1355 2593 1441 2651 quam
1453 2579 1489 2636 ad
1504 2578 1606 2638 Sedem
1620 2579 1817 2652 apostolicam
1840 2574 1959 2648 singulis

1199 2665 1323 2723 bienniis
1337 2666 1486 2724 tenebatur
1500 2666 1595 2726 iacere
1609 2669 1773 2738 terminum,
1787 2669 1818 2724 in
1832 2661 1959 2723 kalendis

1200 2755 1365 2812 novembris
1377 2762 1524 2828 prorogat.

1204 2871 1383 2946 Honorius,
1430 2873 1487 2946 to,
1514 2871 1699 2937 venerabili
1726 2871 1826 2935 fratri
1850 2865 1986 2931 archi--

1166 2971 1321 3048 episcopo
1337 2973 1473 3032 Reman.

1207 3067 1408 3144 Supplicasti
1432 3067 1540 3139 nobis,
1566 3068 1716 3143 utquam
1736 3063 1956 3143 apostolicam

1167 3164 1284 3225 Sedem
1304 3165 1445 3240 singulis
1459 3163 1605 3226 tenearis
1616 3163 1761 3225 bienniis
1777 3163 1914 3225 visitare
1928 3157 1958 3216 et

1164 3260 1312 3322 visitatio
1338 3261 1411 3337 ipsa
1438 3260 1583 3322 occurrit
1606 3260 1794 3339 periculoso
1814 3261 1955 3333 tempore

1165 3357 1317 3418 iacienda
1330 3359 1358 3434 ej
1364 3374 1403 3418 us
1414 3358 1592 3420 terminum
1605 3358 1642 3417 in
1654 3357 1810 3419 kalendis
1826 3367 1956 3416 novem·

1164 3455 1233 3516 bris
1256 3455 1400 3517 statuere
1426 3455 1651 3529 dignaremur.
1672 3455 1741 3516 Nos
1756 3441 1952 3530 igiturpeti-

1164 3551 1248 3614 tioni
1271 3553 1337 3614 tuae
1360 3551 1502 3626 benigne
1522 3551 1700 3612 annuimus
1719 3551 1755 3606 ln
1770 3546 1835 3605 bac
1855 3539 1951 3619 parte.

1165 3649 1283 3710 Datum
1296 3647 1464 3718 Laterani,
1481 3649 1542 3706 Xil
1561 3642 1723 3704 kalendas
1738 3640 1831 3710 maii,
1846 3633 1952 3716 ponti-

1166 3745 1282 3809 ficatus
1297 3743 1403 3810 nostri
1415 3757 1503 3805 anno
1518 3740 1643 3819 quinto.

1452 3929 1671 4020 cccxxii

316 4058 384 4104 non
398 4041 522 4104 videris
549 4057 592 4102 ex
616 4041 809 4117 ignorantia
832 4041 1023 4118 deliquisse.
1038 4045 1110 4104 Vo-
1166 4079 1217 4138 Ad
1228 4077 1383 4138 abbatem
1392 4077 1433 4137 de
1442 4075 1606 4143 Bazaira,
1614 4064 1951 4144 prioremgmaomae

316 4137 424 4201 lentes
439 4139 550 4200 autem
559 4139 657 4215 juxta
678 4138 836 4216 Ecclesiae
857 4141 1015 4200 Romanae
1031 4154 1112 4199 con·
1207 4174 1471 4242 maromontem,
1496 4171 1530 4232 et
1553 4169 1734 4230 mmm,
1754 4161 1901 4232 dim„
1921 4156 1951 4218 et

317 4235 526 4298 suetudinem
553 4235 698 4310 rigorem
720 4234 1113 4312 mansuetudinetempe-
1201 4269 1506 4343 poemtentwrimn
1527 4265 1779 4329 maromontem

316 4347 405 4404 rare,
431 4346 563 4410 poenam
578 4347 677 4409 quam
699 4330 871 4392 incurristi
892 4347 936 4392 ex
949 4329 1037 4392 iacto
1052 4347 1113 4393 ve·-
1449 4387 1485 4446 ΞΟ
1535 4385 1570 4444 ffl
1597 4386 1664 4444 ml

317 4427 478 4490 nerabilis
488 4427 602 4489 fratris
616 4427 761 4490 nostri...
776 4427 1114 4504 Quinqueecclesien-
1340 4493 1345 4504 Ι
1461 4491 1467 4504 ‚
1499 4401 1534 4460 ΒΡ
1572 4429 1579 4444 ·
1668 4429 1675 4442 ·
1886 4483 1900 4534 ,1

317 4525 364 4588 sis
388 4523 546 4602 episcopi,
578 4539 675 4601 quem
697 4523 835 4600 pensata
863 4523 1015 4586 ecclesiae
1042 4540 1112 4584 suae
1199 4491 1568 4560 ffi⁰⁸⁹³‘·’¹¹b·v›⁰p¹⁸⁸·¹⁵⁶³·
1585 4483 1921 4606 transremensis]

317 4620 461 4683 utilitate
489 4620 640 4698 plenarie
663 4619 882 4691 restituimus,
901 4618 963 4681 tibi
978 4620 1112 4680 omnino
1167 4601 1282 4664 Mandat
1302 4599 1355 4669 tib
1370 4606 1401 4656 ut
1422 4596 1597 4656 diminitum
1616 4596 1775 4670 Asflthesss·
1797 4599 1947 4653 Sflctfflltfflr

317 4717 471 4780 duximus
485 4715 728 4778 remittendam·
746 4719 931 4788 Eamvero,
958 4732 1057 4794 quam
1070 4722 1113 4778 ex
1201 4693 1230 4748 in
1259 4686 1470 4761 possessionem
1497 4685 1690 4758 prepositura
1713 4685 1845 4743 Aniolon.
1872 4675 1947 4736 indu·

318 4812 442 4877 sactom
460 4813 606 4889 episcopi
628 4813 821 4874 geuriensis
835 4813 1021 4875 incurrisse
1033 4828 1113 4874 nos,
1202 4783 1278 4846 cent,
1294 4782 1323 4833 et
1334 4788 1368 4832 ea
1384 4773 1488 4831 iaciant
1499 4773 1618 4846 pacitice
1630 4771 1683 4830 irui
1697 4772 1867 4848 etguudere.

318 4911 416 4984 ceris,
433 4911 682 4982 commutantes,
695 4911 728 4971 te
743 4909 962 4971 confirmandi
978 4910 1011 4971 et
1032 4925 1114 4970 con·
1206 4901 1385 4972 Honorius,
1413 4900 1488 4972 eto,
1514 4897 1643 4960 dilectis
1670 4897 1749 4960 filiis
1782 4893 1889 4959 abbati
1912 4887 1947 4948 de

319 5009 470 5071 sacrandi
483 5006 626 5084 primum
641 5021 865 5070 successorem
880 5007 987 5083 ipsius
1002 5007 1115 5083 potes·
1167 5001 1307 5062 Duzaire
1330 5000 1364 5059 et
1384 4995 1489 5074 priori
1518 4996 1687 5072 Lingoniae
1715 4991 1944 5094 Claromonten·

316 5107 386 5168 tate
404 5105 588 5184 privamus,
604 5102 640 5165 ut
659 5103 694 5163 in
716 5117 765 5174 eo,
782 5103 818 5163 in
840 5119 905 5180 quo
931 5102 1111 5180 deliquisti,
1167 5098 1201 5159 et
1229 5095 1399 5157 Mimaten.
1432 5092 1627 5164 dioecesum,
1652 5093 1686 5153 et
1711 5089 1946 5170 poenitentiario

314 5203 406 5280 justo
424 5201 553 5279 judicio
582 5199 744 5276 puniaris,
768 5199 803 5259 in
818 5199 895 5260 allis
917 5215 958 5260 ea
979 5216 1052 5277 quae
1071 5199 1111 5260 ad
1168 5191 1408 5256 Claromonten.

317 5301 411 5364 tuum
433 5297 582 5375 spectant
599 5296 753 5368 officium,
776 5297 976 5358 executurus
991 5297 1032 5358 de
1047 5313 1114 5358 cae·
1208 5294 1315 5363 erum
1341 5285 1542 5348 venerabilis
1571 5285 1675 5349 irater
1699 5288 1849 5350 noster...
1874 5285 1947 5345 Por-

317 5398 390 5462 tero
406 5394 510 5456 libere
524 5409 564 5455 ac
573 5393 725 5466 licenter,
742 5393 783 5454 ad
794 5393 982 5470 spiritualia
994 5395 1113 5456 ettam·
1167 5389 1256 5450 tuen.
1283 5385 1458 5461 episcopus
1486 5385 1683 5460 apostolice
1710 5385 1805 5446 Sedis
1830 5378 1944 5458 legatus

317 5491 446 5569 poralia
461 5489 609 5568 plenarie
624 5491 806 5554 restitutus.
820 5490 869 5552 Ad
880 5491 1036 5552 haeccum
1051 5507 1112 5569 pro
1167 5481 1418 5562 praeposituram
1432 5479 1582 5542 Anicien.
1593 5481 1830 5543 ecclesiaetunc
1841 5487 1946 5542 vacan-

318 5587 555 5664 compescenda
568 5587 785 5664 quorumdam
802 5588 996 5653 Sclavorum
1011 5588 1112 5650 mali·
1166 5586 1232 5646 tem
1256 5595 1330 5641 cum
1352 5577 1560 5653 pertinentiis
1581 5579 1649 5639 suis
1674 5577 1794 5641 dilecto
1818 5573 1944 5638 riboar-
