3988 6306
254 341 313 400 183
867 335 1041 396 HONORII
1066 335 1109 394 111
1131 336 1281 396 OPERA·
1843 331 1898 392 181

254 497 415 576 praedium
457 499 491 559 in
524 500 705 572 Buncuany
740 510 814 556 cum
848 493 1048 571 appenditiis
1104 495 1237 556 tuorum
1250 508 1390 570 corpora
1405 493 1630 556 assumuntur.
1646 491 1797 554 Decimas
1812 508 1901 568 praa·

254 591 1045 671 eorumdem3vineametdomosinUberlingem
1105 591 1196 652 terea
1225 593 1258 653 et
1281 590 1508 668 possessiones
1534 591 1575 652 ad
1596 593 1653 668 jus
1682 589 1902 650 ecclesiarum
1950 578 1972 672 l

252 692 414 770 praedium
430 693 464 752 in
480 689 687 751 Widenbach
708 705 783 752 oum
805 688 942 750 decimis
964 688 1046 759 suis,
1104 689 1291 749 vestrarum
1318 687 1516 764 spectantes,
1540 704 1614 764 quae
1638 703 1657 748 a
1685 687 1780 748 laicis
1809 685 1900 747 deti-

253 789 415 866 capellam
441 791 570 850 Sanctae
593 787 771 848 Christinae
795 803 869 846 cnm
885 786 1050 864 pertinen·
1104 787 1242 856 nentur,
1272 783 1458 846 redimendi
1489 787 1523 847 et
1556 785 1703 860 legitime
1735 783 1903 844 liberandi

1104 883 1145 943 de
1166 880 1318 943 manibus
1334 898 1448 944 eorum
1464 884 1496 944 et
1519 882 1558 943 ad
1580 882 1740 944 ecclesias
1760 880 1801 942 ad
1818 897 1905 958 quas

1106 969 1272 1056 pertinent
1307 979 1498 1050 revocandi,
1530 979 1636 1040 libera
1664 979 1708 1040 sit
1736 978 1829 1042 vobis
1861 978 1910 1038 de

253 887 310 947 tiis
334 886 415 958 suis,
442 890 474 948 et
496 887 553 962 jus
569 884 655 961 quod
669 884 836 961 quondam
851 883 971 944 nobilis
998 883 1050 944 vir

254 983 364 1044 Welfo
372 985 406 1044 in
416 983 569 1045 theloneo
585 981 1049 1058 Ravenspurchetinnemore

253 1079 377 1143 altorff
401 1079 603 1142 monasterio
631 1079 741 1140 vestro
774 1079 940 1140 concessit
975 1093 1049 1139 cum

253 1178 368 1256 pratis,
381 1177 499 1249 vineis,
515 1177 627 1248 terris,
643 1175 844 1248 nemoribus,
858 1175 1002 1237 usuariis
1017 1176 1051 1236 et

253 1275 431 1351 pascuisin
441 1274 539 1336 bosco
554 1275 588 1335 et
600 1274 711 1350 piano,
727 1273 763 1334 in
778 1272 1051 1349 aquisetmolen-

254 1373 354 1444 dinis,
377 1373 413 1432 in
436 1372 501 1432 viis
526 1373 558 1432 ot
583 1371 711 1433 semitis
738 1372 770 1432 et
794 1369 945 1431 omnibus
973 1369 1050 1430 aliis

254 1467 464 1530 libertatibus
499 1469 532 1530 et
559 1466 823 1529 immunitatibus
854 1467 934 1527 suis.
963 1469 1050 1528 Sane

1106 1079 1220 1138 nostra
1243 1078 1440 1138 auctoritate
1461 1077 1612 1139 facultas.
1641 1077 1789 1138 Obeunte
1821 1092 1904 1136 vero
1975 1133 1976 1138 ,

1105 1176 1136 1234 te
1152 1189 1238 1234 nunc
1255 1175 1404 1250 ejusdem
1426 1174 1490 1235 loci
1505 1175 1682 1251 praeposito
1702 1174 1904 1235 veltuorum
1974 1141 1977 1236 Ῑ

1105 1271 1250 1348 quolibet
1275 1287 1515 1344 successorum,
1546 1271 1658 1332 nullus
1683 1270 1729 1331 ibi
1754 1270 1906 1349 qualibet
1977 1274 1978 1340 l

1106 1353 1327 1445 subreptionis
1342 1369 1464 1430 astutia
1480 1384 1539 1430 seu
1553 1369 1711 1430 violentia
1726 1383 1908 1446 praepona-

1104 1466 1169 1536 tur,
1194 1465 1260 1526 nisi
1275 1481 1371 1543 quem
1397 1465 1517 1526 iratres
1543 1465 1710 1527 communi
1736 1479 1907 1526 consensu
1979 1510 1981 1567 ,

254 1565 424 1626 novalium
440 1566 625 1626 vestrorum
650 1581 724 1641 quae
740 1564 882 1641 propriis
899 1562 1051 1624 manibus

254 1664 313 1723 aut
334 1661 518 1738 sumptibus
548 1662 669 1732 colitis,
695 1661 765 1722 sive
794 1660 834 1722 de
865 1663 1051 1722 vestrorum

255 1758 449 1820 animalium
461 1758 684 1829 nutrimentis,
701 1757 813 1819 nullus
827 1774 847 1819 a
860 1757 953 1819 vobis
966 1757 1052 1819 deci·

1105 1562 1158 1622 vel
1171 1559 1313 1626 fratrum
1326 1579 1404 1639 pars
1415 1562 1546 1624 consilii
1563 1563 1707 1624 sanioris
1719 1561 1912 1624 secundum.
1979 1581 1981 1664 2¹

1107 1661 1209 1720 Deum
1225 1661 1257 1720 et
1271 1659 1360 1722 boati
1375 1660 1550 1736 Augustini
1571 1660 1722 1736 regulam
1741 1659 1911 1736 provide-s
1980 1671 1981 1678 ¹

1106 1757 1905 1834 rinteligendum.Paciquoqueettranquillitati
1981 1742 1982 1778 1

254 1855 526 1931 masexigerevel
536 1856 733 1933 extorquere
741 1857 930 1932 presumat.
939 1856 1051 1918 Liceat

255 1968 385 2030 quoque
406 1952 499 2014 vobis
522 1953 661 2014 clericos
681 1955 713 2016 et
736 1952 841 2014 laicos
869 1953 993 2014 liberos
1019 1954 1052 2015 et

255 2050 423 2112 absolutos
439 2066 457 2111 e
472 2050 594 2112 saeculo
609 2050 774 2126 fugientes
794 2050 836 2112 ad
852 2052 1049 2113 conversio-

1106 1855 1224 1917 vestrae
1254 1858 1392 1932 paterna
1422 1855 1457 1916 in
1486 1859 1653 1936 postorum
1678 1854 1907 1916 sollicitudine
1982 1856 1983 1910 l

1106 1952 1281 2029 providere
1309 1952 1471 2021 volentes,
1496 1953 1694 2014 auctoritate
1710 1953 1905 2029 apostoliea
1983 1976 1984 2010 v

1106 2049 1319 2126 prohibemus
1335 2051 1370 2111 ut
1384 2051 1472 2112 intra
1487 2051 1659 2111 clausuras
1674 2051 1823 2112 locorum
1838 2067 1902 2110 sou
1984 2092 1985 2120 ,

254 2164 330 2208 nem
343 2148 502 2224 recipere,
519 2149 552 2210 et
573 2163 630 2208 eos
647 2147 771 2226 absque
791 2149 1051 2211 contradictione

254 2245 367 2322 aliqua
377 2247 534 2308 retinere.
547 2245 765 2308 Prohibemus
775 2247 912 2324 insuper
922 2247 958 2308 ut
968 2247 1050 2308 nulli

254 2343 1051 2420 fratrumvestrorumpostfactaminmonasterio

253 2440 364 2502 vestro
386 2440 625 2516 professionem
647 2441 697 2502 fas
719 2442 763 2503 sit
787 2443 859 2505 sine
881 2442 1050 2520 praepositi

256 2537 309 2597 sui
321 2535 467 2609 licentia,
481 2538 545 2598 nisi
557 2537 710 2600 arctioris
722 2537 893 2614 religionis
904 2538 1050 2605 obtentu,

256 2634 298 2695 de
313 2635 428 2696 eodem
439 2636 513 2698 loco
528 2635 713 2710 discedere;
737 2636 959 2699 discedentem
973 2652 1052 2698 vero

256 2731 383 2810 absque
407 2735 629 2814 communium
653 2733 840 2808 litterarum
866 2740 1052 2796 vestrarum

257 2831 1052 2904 cautionenullusaudeatretinere.Quumautem

258 2927 415 3004 generale
442 2929 654 2992 interdictum
683 2932 781 2992 terrae
808 2929 928 3002 fuerit,
954 2930 1053 2992 liceat

256 3025 352 3086 vobis
370 3024 493 3088 clausis
511 3027 637 3103 januis
663 3027 810 3089 exclusis
825 3027 1054 3089 excommuni-

257 3123 341 3184 catis
363 3125 396 3184 et
409 3123 606 3195 interdictis,
621 3140 688 3186 non
706 3125 846 3203 pulsatis
867 3126 1051 3202 campanis,

257 3235 435 3298 suppressa
463 3235 560 3286 voce.
589 3221 700 3283 divina
730 3222 840 3284 officia
870 3223 1050 3285 celebrare.

257 3317 408 3394 chrisma
416 3333 507 3386 vero,
515 3318 625 3380 oleum
635 3321 1053 3391 sacrumconsecrationes

255 3415 411 3477 altarium
424 3430 482 3477 seu
497 3415 725 3488 basilicarum,
743 3417 970 3480 ordinationes
985 3417 1054 3479 cle-

255 3513 402 3574 ricorum
417 3513 473 3589 qui
489 3513 530 3574 ad
546 3529 660 3575 sacros
672 3514 806 3576 ordines
828 3513 952 3576 fuerint
970 3530 1052 3592 pro·

256 3609 410 3672 movendi
432 3609 655 3673 adioecesano
676 3612 864 3688 susoipietis
884 3613 1051 3689 episcopo,

256 3708 285 3767 si
307 3707 439 3783 quidem
464 3708 647 3770 catholicus
670 3708 770 3772 fuerit
788 3711 820 3772 et
842 3711 1053 3773 communio·

257 3820 333 3869 nem
355 3807 577 3868 sacrosanctae
595 3809 753 3870 Romanae
773 3807 866 3868 Sedis
882 3807 1051 3882 habuer1t3

256 3903 406 3981 alioquin
421 3904 521 3966 liceat
543 3903 637 3966 vobis
657 3921 896 3983 quemcumque
920 3905 1052 3967 malue-

256 3999 330 4062 ritis
356 4001 557 4064 catholicum
580 4003 675 4064 adire
703 4003 886 4066 antistitem
910 4004 1053 4079 gratiam

256 4098 290 4156 et
304 4098 568 4158 communionem
589 4100 787 4175 Apostolicae
809 4101 903 4161 Sedis
921 4099 1052 4161 baben-

256 4195 333 4266 tem,
349 4194 405 4270 qui
418 4198 532 4256 nostra
541 4194 646 4258 fretus
657 4198 855 4262 auctoritate
864 4197 1051 4276 vobisquod

257 4291 1054 4372 postulaturimpendat.Prohihemusinsuperut

256 4387 344 4448 infra
365 4389 447 4451 fines
463 4391 630 4467 parochiae
646 4393 764 4452 vestrae
780 4393 891 4452 nullus
907 4393 979 4454 sine
995 4409 1053 4454 as-

176 4535 183 4548 .
257 4500 356 4546 sensu
371 4487 550 4550 dioecesani
566 4489 713 4566 episcopi
725 4491 758 4553 et
769 4491 879 4552 vestro
892 4491 1053 4567 capellam

257 4597 317 4642 seu
338 4584 520 4646 oratorium
538 4585 579 4648 de
597 4603 686 4649 novo
707 4589 902 4650 construere
920 4587 1051 4659 audeat,

256 4678 359 4740 salvis
387 4681 571 4758 privilegiis
597 4684 789 4760 pontificum
814 4687 1050 4748 Romanorum.

256 4777 304 4838 hh
335 4776 405 4838 liaec
427 4795 530 4840 novas
555 4783 588 4842 et
608 4781 772 4844 indebitas
797 4783 988 4844 exactiones
1013 4781 1053 4842 ab

256 4873 527 4951 archiepiscopis,
554 4877 729 4955 episcopis,
760 4879 1053 4941 archidiaconibus

258 4989 316 5033 seu
332 4973 478 5044 decanis,
495 4973 636 5050 aliisque
651 4976 803 5037 omnibus
818 4977 1053 5039 ecclesiasticis

257 5069 516 5132 saecularibusve
531 5074 683 5148 personis
698 5074 833 5135 omnino
849 5075 921 5136 fieri
939 5075 1055 5152 probi-

257 5167 383 5230 bemus
399 5169 608 5246 Sepulturam
620 5186 750 5249 quoque
764 5172 869 5248 ipsius
885 5173 950 5234 loci
969 5171 1055 5234 libe-

258 5281 330 5328 ram
354 5283 428 5329 esse
453 5267 663 5330 decernimus
692 5269 727 5330 ut
750 5284 864 5330 eorum
884 5269 1053 5333 devotioni

258 5366 291 5425 et
312 5368 469 5427 extremm
498 5366 662 5430 voluntati
686 5367 741 5442 qui
766 5383 802 5428 se
825 5366 895 5428 illic
919 5367 1053 5444 sepeliri

258 5460 535 5534 deliberaverint,
565 5464 631 5526 nisi
665 5465 751 5526 forte
777 5465 1053 5528 excommunicati

257 5559 309 5620 vel
334 5559 510 5633 interdicti,
529 5563 641 5624 nullus
656 5561 806 5633 obsistat,
828 5562 921 5624 salva
943 5565 1053 5626 tamen

253 5657 385 5736 justitia
400 5659 533 5722 illarum
550 5661 767 5724 ecclesiarum
791 5675 810 5722 a
827 5661 945 5739 quibus
961 5677 1053 5724 mor·

1106 2147 1322 2222 grangiarum
1337 2150 1522 2210 vostrarum
1535 2149 1647 2209 nullus
1662 2149 1815 2224 rapinam
1839 2165 1906 2208 seu
1984 2153 1986 2212 ἶ

1107 2243 1231 2306 furtum
1245 2245 1364 2317 facere,
1380 2246 1497 2322 ignem¹
1508 2261 1685 2324 apponere,
1703 2245 1906 2321 sanguinem

1107 2341 1255 2414 fundere,
1273 2343 1438 2404 hominem
1452 2347 1576 2405 temere
1589 2358 1708 2420 capere
1724 2343 1774 2403 vel
1790 2343 1906 2403 inter-

1107 2439 1218 2510 ficere,
1233 2455 1292 2502 seu
1300 2440 1476 2506 violentias
1487 2441 1608 2502 audeat
1618 2455 1785 2502 exercere.
1805 2443 1906 2500 Prae-

1107 2538 1197 2597 terea
1208 2552 1323 2598 omnes
1334 2538 1503 2600 libertates
1511 2538 1804 2600 etimmunitatesa
1815 2553 1909 2613 prae-

1107 2633 1337 2696 decessoribus
1361 2636 1483 2696 nostris
1499 2635 1658 2698 Romanis
1679 2633 1906 2712 pontificibus,

1108 2731 1217 2793 ordini
1233 2735 1344 2794 vestro
1359 2748 1545 2803 concessas,
1561 2747 1689 2794 necnon
1710 2734 1743 2793 et
1761 2729 1917 2793 liberta«

1107 2833 1157 2890 tes
1173 2831 1206 2892 et
1224 2831 1435 2907 exceptiones
1462 2831 1674 2892 saecularium
1690 2829 1907 2894 exactionum

1108 2943 1127 2988 a
1154 2927 1288 3002 regibus
1303 2930 1336 2989 et
1349 2928 1566 3005 principibus,
1582 2928 1635 2989 vel
1655 2927 1731 2988 aliis
1747 2927 1907 2989 fidelibus

1108 3024 1352 3086 rationabiliter
1390 3024 1483 3088 vobis
1518 3025 1674 3096 indultas,
1702 3024 1917 3086 auctoritate-

1107 3123 1296 3199 Apostolica
1305 3123 1591 3194 confirmamuset
1601 3123 1772 3199 praesentis
1785 3123 1907 3200 scripti

1108 3220 1283 3298 privilegio
1292 3221 1544 3282 communimus.
1560 3221 1608 3282 Ad
1620 3221 1778 3282 iudicium
1792 3220 1907 3281 autern

1109 3317 1208 3396 hujus
1239 3335 1258 3380 a
1297 3319 1382 3380 Sede
1424 3319 1614 3396 Apostolica
1656 3317 1918 3380 constitutionis.

1108 3417 1282 3493 praeceptae
1295 3432 1396 3478 unum
1406 3415 1585 3478 bisantium
1600 3416 1784 3478 liberaliter
1806 3415 1907 3478 obla-

1107 3514 1176 3575 tum
1195 3513 1290 3575 nobis
1314 3515 1504 3592 nostrisque
1532 3513 1780 3576 successoribus
1803 3514 1908 3574 annis

1108 3610 1249 3687 singulis
1273 3612 1480 3688 persolvetis.
1515 3612 1730 3674 Decernimus
1756 3627 1835 3689 ergo
1868 3613 1908 3674 ut

1108 3708 1192 3768 nulli
1220 3709 1355 3770 omnino
1388 3709 1558 3771 hominum
1594 3710 1693 3772 liceat
1727 3709 1905 3786 praefatum

1108 3807 1345 3868 monasterium
1368 3809 1493 3869 temere
1521 3808 1726 3886 perturbare,
1749 3808 1807 3868 aut
1830 3811 1906 3885 ejus

1108 3903 1335 3980 possessiones
1356 3905 1489 3966 auferre
1508 3905 1560 3967 vel
1585 3905 1714 3968 ablatas
1743 3905 1905 3976 retinere,

1109 4002 1272 4071 minuere,
1317 4018 1377 4063 seu
1427 4002 1629 4079 quibuslibet
1668 4000 1907 4064 vexationibus

1109 4099 1261 4176 fatigare,
1276 4100 1333 4162 sed
1357 4101 1468 4161 omnia
1495 4101 1625 4176 integra
1651 4099 1904 4170 conserventur,

1108 4213 1223 4260 eorum
1239 4212 1297 4274 pro
1312 4213 1452 4274 quorum
1467 4197 1708 4273 gubernatione
1716 4211 1755 4258 ac
1770 4199 1908 4256 susten-

1107 4294 1233 4356 tatione
1256 4309 1414 4356 concessa
1440 4297 1518 4359 sunt
1555 4294 1669 4355 usibus
1702 4293 1906 4356 omnimodis

1109 4391 1292 4466 profutura,
1309 4393 1402 4453 salva
1425 4393 1519 4452 Sedis
1539 4391 1736 4468 apostolicae
1751 4391 1906 4451 auctori·

1108 4491 1176 4550 tate
1190 4491 1223 4550 et
1236 4489 1415 4551 dioecesani
1428 4488 1574 4566 episcopi
1586 4489 1746 4552 canonica
1755 4489 1902 4564 justitia.

1110 4587 1144 4647 Si
1160 4604 1226 4664 qua
1233 4588 1335 4663 igitur
1345 4587 1380 4648 in
1393 4587 1541 4649 futurum
1553 4585 1780 4650 ecclesiastica
1799 4601 1905 4648 saecu·

1109 4685 1232 4747 larisve
1247 4701 1389 4763 persona
1404 4684 1491 4745 hanc
1510 4687 1632 4746 nostrae
1656 4684 1907 4746 constitutionis

1109 4784 1264 4859 paginam
1284 4784 1393 4844 sciens
1418 4784 1533 4844 contra
1548 4797 1623 4844 eam
1645 4784 1771 4843 temere
1788 4781 1906 4843 venire

1107 4880 1294 4951 tentaverit,
1308 4880 1453 4942 secundo
1467 4880 1609 4941 tertiove
1623 4879 1823 4940 commonita
1835 4879 1905 4940 nisi

1108 4981 1237 5039 reatum
1264 4993 1360 5040 suum
1389 4993 1537 5052 congrua
1566 4977 1793 5038 satisfactione
1821 4993 1906 5038 cor-

1109 5075 1246 5146 rexerit,
1263 5075 1436 5151 potestatis
1450 5074 1651 5152 honorisque
1667 5074 1719 5134 sui
1741 5073 1905 5150 dignitate

1108 5175 1231 5242 careat,
1247 5187 1404 5256 reamque
1419 5187 1454 5232 se
1469 5171 1582 5232 divino
1603 5171 1729 5248 judicio
1758 5172 1906 5233 existere

1108 5270 1149 5331 de
1175 5271 1362 5346 perpetrata
1389 5269 1566 5346 iniquitate
1598 5271 1791 5345 eognoscat,
1823 5271 1856 5330 et
1885 5287 1907 5332 a

1109 5367 1339 5430 sacratissimo.
1363 5382 1502 5443 corpore
1529 5368 1563 5428 et
1593 5367 1755 5442 sanguine
1789 5366 1847 5427 Dei
1872 5371 1907 5428 et

1108 5465 1239 5527 llomini
1268 5465 1496 5541 Redemptoris
1534 5465 1639 5530 nostri
1670 5467 1752 5526 lesu
1781 5463 1906 5526 Christi

1108 5562 1218 5624 aliena
1238 5563 1306 5633 flat,
1321 5565 1420 5640 atque
1439 5563 1474 5624 in
1493 5563 1642 5624 extremo
1657 5561 1811 5624 examine
1830 5561 1905 5622 dis-

1109 5661 1215 5724 trictae
1252 5660 1422 5740 subjaceat
1457 5660 1591 5723 ultioni..
1620 5659 1752 5722 Cunctis
1794 5663 1906 5722 autem
