3952 6294
4 285 6 348 l
67 309 116 368 en
674 297 901 366 salernum.
926 304 1002 366 ura.
1028 302 1065 363 v.
1628 303 1686 366 aaa

68 463 297 536 Glaromarisco,
311 463 486 540 praeposito
502 464 534 525 et
548 462 652 540 priori
669 463 836 524 Watinen.
1088 444 1091 448 ’
1202 484 1384 575 XXXVII

66 565 209 720 M(ttrilllegltla
223 561 415 720 (ilrltoetclffitlisslo
437 657 507 719 ulia
526 657 649 722 nobilis
665 657 788 718 mulier
808 652 838 718 J.
894 623 947 682 Ad
969 623 1174 696 epsswpum’
1202 623 1428 696 Proeimi‘um
1448 634 1489 682 αθ
1510 615 1705 700 0⁰⁷2307'8m,

64 757 212 818 comitissa
245 756 411 817 Flandriae
448 771 509 816 sua
541 756 637 816 nobis
673 754 836 831 petitione
1158 721 1435 780 cmmem-

66 853 251 924 monstravit,
265 853 350 930 quod
366 868 512 930 cumpro
528 868 626 930 posse
642 861 841 924 suoconser·
1141 831 1177 890 ²⁶
1209 839 1322 906 ⁸¹¹qu-
1359 831 1440 890 ¹²²0-

64 967 137 1022 aare,
157 953 254 1029 atque
274 966 444 1028 personas,
461 952 495 1012 et
510 949 597 1012 bona
621 951 837 1012 cameracen.
944 937 1065 1002 [asgst.‚
1078 935 1123 988 nn.
1135 933 1166 996 V.
1177 936 1531 1002 antecantamenta
1544 936 1638 1002 rust]

65 1048 261 1109 ecelesiarum
294 1046 473 1109 defendere
508 1047 661 1109 teneatur
693 1044 840 1124 praestito
895 1044 1103 1102 promissiones
1118 1043 1230 1102 illicitas
1244 1043 1280 1100 de
1296 1057 1352 1100 non
1368 1043 1537 1101 vacantibus
1551 1044 1687 1102 ecclesis-

61 1149 243 1222 juramento,
272 1145 406 1222 quidam
440 1159 483 1205 εχ
510 1144 593 1221 ipsis
615 1143 769 1205 ecclesiis
790 1157 842 1203 as.
930 1148 993 1190 rum
1011 1131 1157 1190 beneflciis
1177 1147 1192 1189 a
1214 1132 1345 1231 tabenna
1360 1133 1506 1190 eomitissa
1520 1131 1687 1190 Flandrensi

4 1305 5 1328 ,
65 1245 202 1314 serentes,
234 1241 319 1319 quod
352 1242 464 1303 omnia
495 1241 616 1302 damna
648 1241 731 1318 ipsis
761 1238 840 1300 ubi·
930 1219 1306 1294 iactnsirritnsessepubet.
1431 1253 1433 1256 ·

65 1355 183 1418 cumque
214 1339 362 1401 locorum
388 1338 480 1402 illata
510 1339 675 1400 resarcire
697 1338 839 1408 tenetur,
936 1329 1113 1402 Honorius,
1131 1331 1207 1402 ete,
1224 1328 1408 1391 venerabili
1424 1327 1519 1391 fratri
1533 1329 1689 1406 episcopo

4 1423 5 1426 ¹
65 1437 259 1498 conscientiae
280 1453 349 1498 suae
373 1436 485 1512 gravis
499 1435 714 1499 dubitationis
742 1449 840 1494 scru-
895 1427 1072 1489 etdileetis
1092 1427 1170 1488 liliis
1182 1427 1360 1505 praeposito
1383 1428 1416 1488 et
1430 1427 1559 1489 cantori
1574 1429 1690 1488 Came-

65 1537 159 1610 pulum
191 1535 417 1610 ingesserunt,
457 1549 554 1611 quem
591 1548 650 1610 per
685 1531 840 1593 declara·
896 1525 1101 1586 recessibus.

4 1655 5 1660 ¹
66 1632 168 1692 bonam
193 1633 342 1694 nostram
368 1631 410 1692 ab
432 1635 504 1709 ejus
520 1631 631 1693 animo
647 1630 741 1708 petiit
755 1644 843 1690 amo·
936 1625 1016 1683 Cum
1031 1622 1196 1684 dilectain
1211 1620 1555 1684 Christotllianobilis
1570 1622 1691 1682 mulier

65 1729 130 1789 reri.
171 1729 335 1802 Quocirca
381 1728 575 1790 discretioni
612 1730 732 1790 vestrae
783 1741 843 1803 per
895 1719 1049 1782 Jobenna
1068 1719 1236 1781 comitissa
1258 1719 1434 1780 Flandren.
1458 1719 1587 1781 devicta
1602 1735 1717 1796 quo»

4 1825 5 1840 ¹
64 1826 234 1902 apostolica
260 1827 384 1903 scripta
418 1825 633 1896 mandamus,
679 1825 841 1902 quatenus
895 1817 1046 1878 rumdam
1056 1815 1209 1893 precibus
1220 1817 1418 1893 importunis
1429 1816 1543 1878 lecerit
1554 1804 1692 1894 promisss

64 1923 149 1983 torma
159 1924 345 2000 jnramenti
366 1923 516 2000 praedicti
537 1923 730 1999 diligentius
742 1921 842 1983 intel·
896 1914 1007 1976 siones
1020 1914 1156 1976 illicitas
1171 1913 1211 1975 de
1227 1929 1293 1974 non
1309 1913 1505 1975 vacantibus
1519 1913 1691 1975 beneflciis

66 2021 134 2081 lecta
156 2020 334 2082 declaretis
361 2021 522 2098 quatenus
538 2021 706 2082 comitissa
726 2019 842 2081 eadem
895 2012 1124 2083 ecclesiarum,
1150 2010 1186 2071 in
1208 2010 1327 2089 quibus
1351 2009 1477 2072 obtinet
1497 2012 1691 2088 patronatus

67 2116 191 2193 obligata
210 2117 256 2179 stt
278 2115 466 2197 hujusmodi
487 2117 622 2179 vinculo
646 2115 839 2195 juramenti.
896 2111 930 2171 et
952 2109 1147 2171 donationes
1172 2124 1286 2170 eorum
1311 2107 1519 2170 inmanibus
1542 2109 1691 2186 posuerit

65 2215 138 2284 Quod
150 2216 178 2276 si
188 2231 256 2277 uon
270 2231 396 2288 omnes,
408 2217 470 2277 etc.
487 2217 606 2277 Datum
619 2214 705 2290 apud
721 2212 841 2275 Urbem
896 2208 1028 2279 alienis,
1044 2207 1131 2268 sicut
1144 2207 1269 2268 nostris
1282 2207 1332 2268 est
1342 2205 1478 2267 auribus
1489 2207 1688 2279 intimatum,

64 2311 207 2384 Veterem,
227 2314 289 2374 Vll
305 2313 465 2374 kalendas
485 2312 692 2390 septembris,
707 2310 843 2390 pontill-
896 2304 1089 2367 discretioni
1116 2305 1236 2366 vesuae
1262 2316 1322 2381 per
1345 2305 1535 2382 Apostolica
1564 2305 1687 2382 scripta

65 2413 139 2470 catus
152 2409 259 2473 nostri
275 2425 364 2472 anno
379 2411 508 2488 quinto.
896 2401 1102 2473 mandamus,
1126 2404 1288 2480 quatenus
1315 2401 1447 2465 irritum
1475 2402 1691 2466 decernentes

897 2499 1052 2578 quidquid
1061 2496 1279 2576 superhocab
1289 2498 1404 2560 eadem
1415 2499 1691 2562 inveneritisesse
1818 2541 1821 2546 -

365 2613 528 2704 XXXVI
895 2597 1018 2660 iactum
1028 2591 1690 2668 contracanonicainstituta,auctoritate

896 2698 1010 2756 nostra
1018 2694 1198 2756 inhibeatis
1208 2694 1326 2766 eidem,
1339 2709 1380 2755 ne
1389 2694 1511 2755 similia
1525 2695 1692 2756 decaetero

218 2769 271 2830 Ad
282 2766 469 2842 mmmmm
483 2769 673 2843 ΗΜΘΝ·
896 2793 1063 2856 attentare
1071 2794 1260 2869 praesumat.
1272 2791 1363 2864 Quod
1372 2791 1401 2852 si
1410 2806 1476 2853 non
1488 2805 1613 2885 omnes,
1625 2792 1690 2854 etc.

308 2897 344 2956 26
363 2905 477 2972 august.
498 2897 579 2956 tate.
898 2891 1016 2952 Datum
1042 2889 1127 2966 apud
1155 2889 1274 2951 Urbem
1291 2889 1454 2961 Veterem,
1469 2890 1608 2966 septimo
1623 2888 1689 2950 ka-

89 3021 198 3088 fflw„
210 3022 257 3074 „h⁸
270 3023 302 3082 v,
313 3019 388 3087 epist.
400 3021 440 3072 te.
455 3021 512 3072 uss.
525 3023 562 3074 L,
575 3021 650 3072 rorte
660 3020 695 3072 d„
706 3020 801 3087 risit]
896 2987 1012 3048 tendas
1036 2986 1230 3060 decembris,
1247 2987 1458 3065 pontificatus
1473 2987 1578 3048 nostri
1601 2999 1690 3049 anno

64 3138 136 3207 Quum
151 3139 321 3214 9¹³³l³⁰⁸i²¹¹⁸
337 3139 462 3212 ipsorum
476 3137 616 3208 ecclesie,
632 3136 743 3210 dejure
756 3137 838 3196 Flan·
897 3085 993 3163 qumt
1015 3125 1024 3144 ⁸

89 3227 147 3284 dria
169 3228 360 3286 cancellarius
381 3241 446 3286 esse
462 3226 590 3296 deberet,
610 3226 736 3301 injungit
761 3233 792 3284 ut
810 3227 839 3284 in
1194 3194 1396 3286 XXXVIII

89 3317 216 3375 electione
236 3317 393 3390 prepositi,
418 3329 476 3373 non
491 3317 600 3388 eligant
619 3315 675 3373 nisi
689 3329 841 3389 personam
1007 3341 1058 3403 Ad
1073 3343 1268 3416 episcopum
1283 3342 1577 3401 cameracensem,

90 3407 232 3464 comitisse
246 3405 429 3464 flandrensis
441 3413 553 3479 gratam
568 3411 597 3462 et
612 3412 770 3478 acceptam.
974 3414 977 3423 ⁴
1162 3453 1197 3512 28
1214 3460 1328 3528 august·
1346 3453 1424 3511 ΜΟ.

4 3601 5 3614 ἒ
95 3533 268 3604 Honorius,
298 3533 382 3604 etc,
411 3531 542 3595 dilectis
580 3530 657 3594 tiliis
695 3530 841 3608 capitulo
937 3559 1412 3628 [R,3„,q1p,v‚,9„„4,p„‚p,
1426 3555 1655 3622 portaturum}

65 3628 184 3739 brugen.
201 3633 388 3740 'fornacem
483 3726 491 3739 θ
597 3725 604 3739 .
744 3725 750 3740 ,
895 3667 1013 3726 blandas
1026 3667 1052 3724 ei
1067 3675 1098 3724 ut
1116 3681 1202 3740 super
1213 3665 1392 3724 absolutione
1404 3667 1440 3723 ll.
1457 3665 1493 3723 de
1507 3666 1624 3736 l'bians,
1641 3665 1689 3739 qul

93 3727 207 3790 Dilecta
230 3743 267 3788 m
291 3727 421 3788 ChrtStO
446 3725 651 3788 fillass⁰b111⁸
672 3725 838 3789 1¹¹¹11101'J·
930 3757 1135 3814 monasterium
1154 3755 1313 3813 Wicemeu.
1330 3755 1450 3812 intratus
1464 3763 1492 3811 et
1515 3755 1553 3811 ibi
1567 3769 1623 3812 una
1643 3755 1689 3812 die

65 3823 211 3887 fflfflifissa
224 3822 394 3886 Flassdriae
416 3822 511 3885 110bi⁸
525 3823 696 3886 humilitssl'
711 3824 842 3901 suppli*
930 3851 1067 3914 moratus,
1085 3851 1183 3916 postea
1199 3844 1306 3900 exierat
1319 3844 1468 3899 veritatem
1483 3843 1615 3915 inquirat.

66 3921 142 3994 cant,
158 3924 194 3985 ut
205 3938 283 3986 cum
297 3922 327 3982 is
342 3920 399 3998 qui
420 3936 480 3998 per
498 3922 648 3998 tempora
665 3920 765 3984 inerit
785 3937 841 3984 eo-

65 4015 287 4082 desiaevestrae
305 4019 516 4096 prepositus,
538 4034 581 4080 ex
601 4019 739 4097 antiqua
758 4035 840 4083 con-

4 4109 5 4114 ’
65 4117 218 4180 suetudine
243 4116 361 4178 debeat
383 4119 456 4194 ejus
477 4118 592 4178 tenere
621 4117 780 4193 sigillum,
807 4119 840 4178 et

64 4213 120 4286 ejus
135 4213 286 4276 consiliis
300 4213 473 4286 interesse,
494 4213 668 4291 providere
687 4213 839 4290 dignare·

66 4311 250 4380 nureidem,
268 4325 311 4372 ne
333 4311 487 4388 suspecta
505 4309 568 4372 sibi
588 4326 729 4388 persona
748 4310 838 4374 obti-

66 4419 128 4467 nere
159 4410 264 4486 possit
301 4407 492 4486 hujusmodi
519 4408 725 4486 dignitatem.
756 4411 837 4471 (lum

66 4499 147 4576 imin
163 4507 262 4584 justae
287 4505 441 4582 petitioni
466 4505 691 4582 apostolicum
721 4505 837 4568 deceat

4 4641 5 4662 ,
66 4598 199 4665 adbibere
240 4617 460 4675 consensum,
484 4603 694 4666 universitati
716 4605 835 4667 uestrae

68 4710 111 4768 par
121 4700 304 4777 apostolica
315 4700 439 4777 scripta
452 4699 660 4774 mandamus,
672 4703 835 4778 quatenus

67 4805 123 4854 cum
136 4797 331 4876 prepositus
349 4797 385 4858 in
406 4797 548 4860 ecclesia
563 4799 636 4876 ipsa
657 4797 758 4862 inerit
773 4799 837 4860 eli-

67 4891 179 4966 gendus,
192 4909 384 4972 personam,
399 4910 473 4972 quae
491 4911 558 4956 uon
576 4895 621 4957 sit
634 4895 752 4960 merito
770 4895 834 4974 ipsi

68 4988 218 5054 mmitissae
251 4992 423 5068 suspecta,
466 4993 523 5054 sed
545 4993 585 5054 de
606 5009 671 5070 qua
703 4995 835 5071 plenam

68 5087 150 5154 possit
162 5087 283 5150 babere
298 5088 463 5163 fiduciam,
472 5089 615 5166 eligatis,
632 5107 734 5169 quum
748 5107 834 5154 con·

68 5179 201 5260 estquod
215 5201 318 5262 grave
331 5185 395 5248 sibi
407 5187 691 5264 possitimminere
705 5189 835 5267 dispen-

68 5273 148 5352 dium,
171 5283 199 5342 si
222 5298 372 5361 personae
394 5286 557 5362 suspecta
579 5301 640 5346 sua
659 5289 835 5362 cogeretur

68 5379 285 5442 communicare
302 5383 440 5454 secreta,
461 5384 494 5444 et
512 5383 651 5444 consilia
670 5385 832 5446 revelare.

68 5468 162 5536 ilatum
175 5479 259 5554 apud
275 5478 397 5540 Urbem
411 5481 576 5552 Veterem,
593 5483 652 5542 Vll
671 5482 832 5545 kalendas

68 5571 246 5646 septenbris,
255 5574 466 5654 pontificatus
482 5577 586 5638 nostri
601 5592 689 5640 anno
704 5579 829 5654 quinto.

934 3970 1112 4042 Honorius,
1126 3971 1189 4032 etc.
1200 3968 1346 4031 Dilectus
1356 3969 1444 4030 illius
1452 3970 1496 4030 M.
1508 3968 1549 4030 de
1558 3967 1682 4031 Thians

893 4069 1685 4149 suanobispetiiionemonstravit,quodcumipse

893 4167 949 4244 qui
964 4167 1073 4228 adhuc
1087 4166 1122 4228 in
1137 4165 1321 4244 puerilibus
1343 4167 1452 4240 annis,
1468 4167 1584 4229 existit
1600 4183 1685 4246 pue-

892 4264 965 4326 rilis
1000 4265 1106 4326 animi
1128 4265 1263 4327 levitate
1299 4264 1482 4326 Wicomen.
1517 4268 1688 4329 monaste·

892 4362 978 4423 rium
1002 4361 1206 4434 intravisset,
1229 4361 1340 4440 ibique
1363 4361 1455 4422 nulla
1479 4361 1686 4438 professione

891 4459 979 4523 lacta
998 4460 1235 4538 permansisset
1248 4458 1453 4522 solummodo
1465 4473 1532 4520 una
1546 4459 1615 4536 die;
1641 4461 1681 4522 ad

890 4557 1053 4620 clamores
1088 4558 1122 4620 et
1155 4557 1320 4634 lacrymas
1359 4556 1475 4618 matris
1508 4572 1577 4620 suae
1609 4558 1683 4636 ipso

890 4655 973 4717 exiit
986 4653 1199 4726 monasterio,
1224 4657 1258 4716 et
1278 4654 1319 4716 ad
1339 4653 1473 4731 propria
1494 4654 1594 4717 rediit
1608 4670 1682 4717 cum

890 4752 1016 4814 eadem.
1041 4751 1135 4814 Unde
1153 4751 1258 4830 petiit,
1274 4752 1311 4813 ut
1332 4751 1360 4812 si
1390 4753 1524 4828 propter
1545 4753 1608 4815 boc
1632 4757 1683 4818 est

890 4849 1067 4911 adstrictus
1090 4849 1125 4910 in
1143 4847 1267 4926 aliquo,
1294 4849 1403 4926 ipsum
1424 4849 1684 4915 misericorditer

889 4946 1062 5009 absolvere
1083 4945 1307 5022 dignaremur.
1325 4946 1467 5023 Ideoque
1482 4946 1682 5012 fraternitati

888 5045 955 5106 tuae
968 5059 1027 5122 per
1040 5043 1230 5120 Apostolica
1241 5044 1365 5120 scripta
1380 5043 1586 5118 mandamus,
1598 5062 1684 5122 qua-

888 5144 996 5212 tenus,
1013 5141 1043 5201 si
1057 5140 1239 5218 praemissis
1260 5141 1385 5202 veritas
1407 5139 1627 5216 suffragatur,
1649 5146 1682 5204 et

888 5238 1042 5314 regulare
1056 5237 1146 5300 aliud
1159 5253 1226 5299 non
1245 5237 1392 5310 obsistat,
1414 5238 1522 5315 ipsum
1535 5241 1681 5301 auctori-

887 5337 955 5398 tate
969 5337 1082 5398 nostra
1097 5335 1298 5398 denuntiesa
1310 5329 1457 5411 regulari
1469 5333 1680 5401 observantia

888 5434 1020 5511 penitus
1047 5432 1245 5496 absolutum.
1278 5434 1397 5493 Datum
1439 5432 1527 5508 apud
1559 5433 1678 5497 Urbem

887 5531 1050 5604 Veterem,
1060 5531 1173 5608 quinto
1187 5527 1347 5592 kalendas
1360 5528 1569 5606 septembris,
1591 5547 1678 5598 auno

887 5628 1013 5704 quinto.
