3978 6292
70 343 125 406 381
687 347 915 408 EPISTOLAE.
941 347 1017 410 bie.
1043 349 1095 410 IV.

70 517 183 568 coram
197 503 376 584 judicibus,
394 505 480 584 quod
493 521 603 570 comes
618 510 793 569 conservet
807 523 865 569 eo-
1252 532 1390 624 LXXV

70 603 216 674 clesiam,
230 603 263 664 et
276 603 361 679 quod
373 602 413 664 de
428 604 550 666 caetero
565 619 631 666 non
647 603 766 682 spoliet
777 619 862 676 eam,

70 701 155 760 sicut
169 699 405 777 supradictum
420 703 489 774 Μ
513 702 546 764 et
567 701 688 762 solutio
701 701 865 778 quingen,
918 670 971 728 Ad
992 670 1129 730 abbates
1158 673 1551 744 Praenconstrotensem,
1574 671 1716 735 Laude-

68 800 178 859 ΜΠ]
194 796 353 858 librarum
367 813 427 874 pm
440 798 570 859 damnis
590 799 744 875 episeopo
765 798 861 872 datis,
958 781 1113 837 itetwcm,
1130 769 1248 828 Scrtctt
1268 771 1404 830 Vedesti
1419 767 1666 842 atrebetensis,
1684 773 1717 834 ct

69 897 101 956 et
115 894 207 956 datio
217 895 393 972 pignorum
406 911 464 972 pro
475 896 609 958 residuo
621 895 764 958 aliorum
776 895 864 956 dam·
959 865 1077 924 &mm
1090 866 1194 940 Ennii
1209 869 1463 928 mmmmm&
1491 975 1507 994 ⁸

70 1007 199 1056 norum.
222 994 256 1054 et
274 993 499 1070 producentis
521 994 555 1055 et
569 993 688 1068 viginti
709 992 815 1066 libris,
832 993 865 1054 et
1183 986 1347 1060 301'nnnnn·
1370 989 1470 1046 ¹22⁰ss

70 1105 127 1165 pro
143 1088 328 1150 redditibus
343 1090 537 1151 Gerrandiae
546 1089 680 1162 habitin,
695 1090 862 1168 episcopo,
952 1099 1181 1165 [aegestatem.
1195 1101 1336 1166 epistota.
1349 1101 1684 1172 intumescerent]

69 1189 105 1248 nn
118 1185 244 1247 ninnnn
259 1187 320 1258 nst,
336 1187 534 1264 nnsissnnfini
560 1189 594 1249 θῑ
610 1187 788 1264 nnnnnflsin
807 1203 865 1249 n0·
920 1204 973 1260 Dat
991 1203 1034 1260 eis
1061 1203 1236 1276 provinciam
1261 1203 1296 1262 ed
1320 1207 1526 1264 monasterium
1545 1207 1640 1266 Sancti
1655 1205 1715 1267 Me·

69 1299 140 1344 ram
149 1283 332 1360 judicibus,
358 1284 444 1362 quod
468 1300 535 1348 non
562 1285 718 1362 impediet
736 1300 795 1362 per
815 1299 862 1358 se,
954 1289 1035 1348 dardi
1061 1292 1276 1350 suessionensis
1302 1293 1468 1362 accedendi,
1493 1302 1521 1352 et
1543 1294 1579 1352 de
1595 1296 1666 1354 lind.
1681 1297 1717 1354 de

70 1381 121 1441 rel
147 1397 207 1458 per
229 1397 318 1452 suos,
344 1381 506 1454 homines,
531 1383 707 1459 quominus
729 1381 866 1444 veniant
955 1379 1197 1452 transeundem
1213 1381 1379 1439 monosterii
1395 1382 1716 1458 monacbi,inejusdem

70 1477 242 1554 probaturi
264 1478 385 1540 damna
400 1495 477 1553 sup„
498 1478 588 1540 datio
606 1479 783 1556 pignorum
798 1495 864 1539 no·
956 1468 1121 1526 monasterii
1141 1468 1273 1526 abbatem
1292 1471 1432 1528 electione
1449 1471 1620 1543 inquirendi,
1638 1480 1677 1540 et,
1694 1474 1718 1531 si

69 1591 142 1636 vem
152 1575 294 1636 millium
304 1576 486 1638 solidorum
497 1576 539 1638 ab
552 1576 671 1638 abbate
692 1575 862 1653 mmmm,
956 1557 1094 1614 canonica
1109 1557 1169 1614 visa
1183 1555 1277 1627 luerit,
1293 1559 1371 1615 illam
1383 1558 1580 1617 confirmandi.

71 1686 129 1748 pro
161 1671 262 1734 iactis
281 1673 380 1734 lilani
401 1672 435 1735 et
455 1689 516 1750 pro
528 1673 788 1736 reaedificatione
800 1671 865 1734 do·
960 1675 1138 1745 Honorius,
1150 1675 1226 1746 etc,
1246 1673 1376 1736 dilectis
1392 1673 1507 1737 tiliis...
1525 1679 1717 1740 praemons-

70 1785 199 1830 morum
214 1770 374 1849 episcopi,
400 1771 433 1832 et
457 1770 632 1848 promissio
652 1769 866 1846 coramjudi-
919 1770 1039 1832 traten.
1055 1773 1248 1834 Laudnnen.
1265 1773 1361 1833 diseo.
1374 1773 1443 1834 et...
1459 1774 1571 1834 Sancti
1582 1773 1720 1836 vedasti

70 1865 177 1938 cibus,
205 1867 293 1944 quod
316 1868 494 1944 compellat
515 1868 657 1929 Alanum
686 1867 727 1928 ad
743 1882 864 1944 corpo·
920 1867 1109 1931 Atrebaten.
1126 1870 1195 1930 et...
1207 1869 1319 1930 Sancti
1334 1868 1431 1944 Eligit
1446 1869 1643 1931 Noviomen.
1658 1869 1719 1931 ab·

70 1964 173 2025 ralem
192 1964 432 2042 poenitentiam,
455 1966 491 2026 ut
508 1965 632 2026 dictum
657 1965 718 2037 est,
734 1964 788 2026 uel
803 1962 867 2024 eli·
920 1964 1068 2037 batibus„
1086 1967 1237 2039 salutem,
1254 1969 1315 2030 etc.
1802 2033 1805 2041 ,

69 2063 174 2124 minet
189 2062 230 2124 de
244 2064 334 2123 terra
349 2077 420 2124 sua.
440 2062 565 2135 Quibus
585 2062 739 2138 peractis,
756 2076 865 2124 comes
961 2069 1010 2127 Ex
1024 2065 1144 2128 litteris
1160 2065 1354 2126 dilectorum
1381 2065 1563 2126 filiorum...
1592 2063 1719 2142 prioris

71 2155 275 2231 absolvatur,
287 2159 320 2221 et
334 2159 503 2223 interdicti
519 2158 683 2222 sententia
695 2157 866 2221 relaxetur
921 2165 954 2225 et
981 2166 1164 2224 convenius
1192 2161 1389 2230 monasterii
1422 2163 1535 2224 Sancti
1564 2161 1716 2223 Medardi

71 2258 111 2319 ab
145 2257 218 2318 illis
251 2256 370 2334 quibus
394 2257 547 2318 dominus
576 2259 667 2334 Papa
693 2255 866 2334 scripserit
923 2261 1136 2322 suessionen.
1160 2259 1394 2330 intelleximus,
1417 2259 1503 2336 quod
1526 2259 1622 2320 bonae
1638 2275 1713 2320 me-

73 2369 171 2430 super
183 2354 425 2431 compositione
439 2354 616 2416 servanda.
922 2357 1036 2418 moriae
1063 2357 1185 2418 Milone
1210 2354 1327 2416 abbate
1351 2355 1500 2431 ipsorum
1528 2354 1617 2416 viam
1641 2355 1720 2416 uni·

110 2453 140 2512 9.
164 2454 214 2513 De
237 2451 466 2514 combustione
488 2450 585 2528 burgi
606 2451 648 2512 de
668 2451 864 2524 Marobileo,
921 2470 1027 2518 versae
1051 2453 1163 2515 carnis
1180 2453 1342 2528 ingresso,
1358 2451 1423 2528 ipsi
1438 2451 1594 2513 dilectum
1609 2451 1716 2514 fllium

73 2551 105 2610 et
116 2549 157 2610 de
168 2549 396 2611 destructione
409 2549 580 2610 domorum
594 2549 729 2626 propter
743 2547 865 2610 fossata
922 2553 1004 2615 Rod.
1018 2552 1058 2613 de
1079 2554 1200 2623 Brana,
1214 2550 1362 2626 ejusdem
1385 2549 1578 2611 monasterii
1598 2565 1717 2612 mona-

74 2647 107 2708 in
142 2648 237 2708 terra
272 2646 420 2724 episcopi
453 2645 555 2720 lacta,
585 2647 618 2708 et
652 2647 867 2724 occupatione
922 2651 1031 2721 elium,
1047 2648 1194 2726 quemne
1206 2646 1364 2720 moribus,
1381 2647 1458 2708 vitae
1475 2646 1660 2719 honestate,
1678 2663 1718 2710 ac

74 2747 182 2817 terrae,
205 2742 240 2805 et
258 2743 299 2804 de
318 2743 544 2821 redemptione
562 2743 721 2805 Brittonis
748 2743 864 2812 Hosio,
922 2747 1085 2822 religione
1098 2744 1338 2816 commendant,
1363 2744 1397 2804 in
1414 2742 1565 2804 abbatem
1580 2743 1644 2804 sibi
1657 2760 1716 2805 ca-

77 2841 115 2902 de
128 2841 251 2918 quibus
265 2841 337 2903 erat
350 2841 517 2903 contentio
531 2840 619 2901 inter
632 2841 823 2918 episcopum
836 2842 869 2901 et
922 2844 1051 2915 noniee,
1083 2847 1117 2904 et
1146 2840 1354 2903 concorditer
1387 2839 1573 2916 elegerunt,
1612 2841 1717 2917 ipsius

73 2940 243 3006 comitem,
268 2939 371 3014 ponit,
396 2939 482 3000 sicut
509 2938 575 2999 alia
598 2938 681 3010 uice,
699 2953 758 3014 pro
781 2937 867 3022 bono
923 2941 1118 3002 electionem
1131 2937 1321 3000 confirmari
1333 2952 1477 3014 perrea,
1491 2937 1621 2998 dilectis
1637 2937 1717 2998 tiliis

74 3037 166 3111 pacis
177 3037 353 3114 episcopus
368 3035 402 3096 in
414 3038 579 3114 respectu.
923 3041 957 3100 C.
974 3040 1045 3101 etJ.
1058 3035 1231 3097 monacbis
1244 3034 1351 3112 ipsius
1370 3033 1563 3094 monasterii
1578 3033 1618 3094 ad
1639 3050 1719 3095 nos-

922 3137 1008 3198 tram
1032 3135 1166 3212 propter
1182 3134 1244 3194 boo
1263 3131 1480 3203 transmissis,
1506 3130 1717 3207 praesentiam

112 3251 183 3310 Nos
199 3247 313 3325 igitur,
338 3247 610 3326 compositionem
633 3247 741 3325 ipsam
760 3247 868 3310 ratam
923 3233 1096 3294 humiliter
1127 3229 1343 3308 postulantes.
1369 3229 1437 3290 Nos
1469 3229 1579 3288 autem
1603 3243 1719 3290 eorum

75 3349 109 3406 el
120 3349 251 3422 gratam
267 3345 437 3417 babentes,
454 3343 647 3407 discretioni
669 3346 788 3407 vostre
810 3359 869 3422 per
924 3348 1022 3410 (innln
1036 3328 1226 3408 nnl'nnnOni
1248 3327 1416 3404 nnssnnnln
1430 3325 1596 3387 nnsidnnnn
1615 3325 1719 3386 nenti·

79 3443 269 3520 Apostolica
283 3444 407 3520 scripta
420 3433 626 3513 mandamus,
643 3443 807 3518 quatenus
823 3441 869 3503 fa.
926 3429 1072 3491 tudinem
1099 3443 1165 3488 non
1181 3423 1360 3497 babentes,
1384 3422 1578 3484 discretioni
1598 3423 1718 3484 restrae

75 3541 169 3602 elatis
187 3539 347 3610 eamdem,
363 3539 559 3602 auctoritate
574 3541 699 3610 nostra,
716 3554 776 3615 per
790 3555 871 3600 cen·
924 3525 1178 3606 perApostolica
1193 3523 1315 3600 nnnlna
1331 3520 1536 3592 mandamns,
1554 3521 1718 3597 (innnnnns

76 3637 472 3709 euramecclesiasticam,
489 3636 620 3698 sublato
635 3635 869 3713 appellationis
901 3625 965 3694 ,ᾶθ
989 3624 1086 3684 m0d0
1114 3620 1298 3691 electionis,
1320 3615 1439 3682 sindili
1468 3615 1661 3693 eligentium
1691 3615 1724 3678 θῐ

75 3733 258 3806 obstaculo,
287 3734 426 3796 tirmiter
451 3733 639 3806 observem
669 3733 711 3795 ad
735 3733 871 3794 absolu.
924 3722 1019 3783 electi
1034 3719 1161 3780 meritis
1174 3716 1380 3794 inquirentes
1391 3714 1569 3792 prudenter
1581 3714 1614 3775 et
1624 3714 1721 3774 solli-

75 3832 200 3892 tionem
225 3829 355 3892 comitis
376 3831 410 3893 et
431 3831 473 3892 ad
496 3831 739 3892 relaxationem
759 3831 869 3892 inter.
925 3820 989 3881 cite
1002 3813 1228 3887 veritatem,si
1245 3812 1439 3875 electionem
1459 3811 1723 3873 eamdemcano-

76 3929 166 4001 dicti,
184 3927 517 3990 nonnisiobservata
534 3926 868 4004 iormacompositio-
926 3916 999 3978 nice
1025 3912 1223 3977 celennaiam
1253 3907 1379 3989 [tuisse]
1410 3907 1608 3978 constiterit,
1635 3923 1722 3978 eam,

77 4027 128 4085 nis
154 4023 360 4103 hujusmodi,
396 4023 596 4101 processuri,
618 4023 721 4086 nullis
751 4023 870 4086 litteris
926 4011 1150 4092 appellatione
1175 4009 1336 4078 cessante,
1362 4005 1558 4068 auctoritate
1579 4005 1723 4081 Aposto-

75 4121 298 4194 cusentinus,
323 4123 445 4198 praeter
476 4137 650 4188 assensum
684 4121 827 4197 partium
850 4135 871 4181 a
926 4112 991 4173 lica
1014 4106 1228 4178 confirmetis,
1244 4103 1428 4166 venerabili
1452 4102 1547 4164 fratri
1569 4103 1720 4164 nostro...

78 4219 162 4281 Sede
177 4218 369 4296 apostolica
385 4218 570 4295 impetratis
579 4215 638 4297 (1).
656 4215 790 4289 Quodsi
805 4233 871 4280 non
926 4208 1121 4270 Noviomen.
1138 4204 1292 4281 opiSOOlJO
1320 4201 1541 4278 injungentes,
1556 4201 1593 4261 nt
1616 4198 1723 4260 eidem

77 4331 206 4386 omnes,
219 4317 281 4377 eto.
927 4309 966 4369 R.
983 4306 1056 4367 rice
1070 4303 1184 4364 nostra
1201 4316 1323 4361 munus
1339 4295 1579 4359 benedictionis
1594 4297 1724 4373 impen-

115 4415 236 4476 Datum
251 4409 403 4484 viterbii,
419 4415 447 4473 V
466 4411 534 4474 kal.
550 4409 722 4484 februarii,
739 4411 874 4488 pontiti-
927 4404 994 4465 dat.
1012 4400 1167 4477 Alioquin
1182 4413 1222 4459 ea
1237 4396 1378 4467 cassata,
1395 4394 1502 4456 eidem
1520 4393 1722 4454 monasterio

80 4513 170 4578 cetus
185 4509 292 4573 nostri
306 4525 394 4572 anno
409 4510 538 4586 quarte.
763 4559 769 4569 .
928 4499 1125 4563 auctoritate
1136 4497 1249 4560 nostra
1258 4494 1298 4554 de
1308 4507 1449 4570 persona
1461 4490 1591 4552 faciatis
1602 4490 1723 4552 idonea

114 4677 154 4750 (i)
172 4675 787 4744 Annoltil,Petrus,duxBritanniae,curn
801 4675 874 4731 Nan·
929 4665 1129 4748 Nannetensis.
1155 4665 1221 4746 Post
1252 4660 1489 4732 compositionem
1516 4656 1621 4742 tactem
1652 4659 1725 4742 inter

80 4749 190 4805 betensi
212 4747 332 4803 eeclesia
344 4747 521 4812 conciliatus,
542 4745 686 4804 libertates
701 4745 762 4818 ejus
777 4752 874 4816 etJura
930 4755 983 4797 nos
1003 4752 1100 4819 coram
1119 4733 1260 4806 iudicibus
1278 4747 1293 4789 a
1308 4730 1380 4814 Sede
1395 4729 1724 4814 Apostolrcaudelegetis,

82 4826 138 4874 reta
159 4818 239 4887 iecit,
258 4825 288 4874 et
302 4817 378 4873 illata
393 4817 487 4874 eidem
511 4817 615 4874 damna
636 4816 756 4888 plurima
779 4829 872 4872 reser·
929 4810 1114 4867 eteoclesram
1124 4799 1721 4868 Nanneiensemrnsuislibertatrbus‚etc...

81 4887 146 4945 evit
171 4889 287 4945 decreto
306 4887 381 4960 quod
405 4895 497 4945 exstat
520 4887 596 4960 apud
623 4887 782 4956 blorieium,
808 4893 829 4943 t.
850 4887 873 4956 1,
930 4883 1004 4938 bona
1018 4885 1168 4962 protegent
1180 4890 1189 4944 ;
1214 4873 1318 4930 demna
1335 4886 1402 4955 vero
1418 4887 1481 4943 quae
1495 4872 1631 4945 episeopo
1647 4871 1726 4954 Nan·

83 4960 150 5016 llist.
167 4959 275 5016 Britan.
293 4957 402 5030 probat.
415 4959 468 5014 col.
489 4955 565 5014 eie:
931 4959 1042 5008 netensi
1063 4954 1092 5004 ot
1110 4960 1200 5003 suisa
1219 4959 1265 5001 me
1278 4951 1306 4999 et
1326 4957 1397 4999 meis
1413 4941 1485 4998 iacta
1502 4941 1624 5010 luerunt,
1640 4947 1724 4998 resti·

118 5029 300 5096 tilniversis,
318 5035 384 5096 etc,
402 5025 876 5096 Petrus‚duxBritanniae,comes
931 5029 1009 5079 tuam
1046 5017 1082 5076 ad
1118 5017 1312 5099 juramentum
1344 5012 1480 5096 tecelini,
1518 5011 1724 5094 archidiaconi,

84 5098 306 5168 liicbemundise‚
322 5113 386 5156 curn
410 5100 485 5156 inter
497 5113 544 5154 me
556 5105 585 5154 et
601 5099 812 5154 Nannetensem
826 5112 873 5154 ee·
931 5093 1057 5158 Thema,
1076 5087 1261 5154 thesaurarii,
1278 5092 1307 5142 et
1320 5086 1353 5142 lt.
1367 5084 1403 5142 de
1418 5085 1515 5156 Spina,
1532 5081 1632 5138 deceni
1655 5081 1727 5138 Volo

82 5170 397 5251 elesiameoutroversia
408 5170 547 5226 extitisset
560 5183 645 5240 super
655 5167 824 5251 quibusdam
839 5167 873 5224 li·
931 5165 1054 5247 etiamst
1064 5157 1200 5242 concedo,
1215 5154 1290 5229 quod
1305 5155 1494 5236 episcopusin
1510 5150 1615 5210 iudaeis
1632 5151 1659 5232 in
1673 5164 1726 5206 suo

83 5238 236 5296 bertatibus
255 5247 284 5296 et
298 5241 412 5308 sestula,
435 5237 551 5297 taudem
567 5237 735 5294 devenimus
751 5237 786 5294 ad
801 5237 877 5293 banc
931 5228 1204 5290 leodomanentibus
1216 5225 1346 5284 eamdem
1351 5225 1578 5351 &urredictronem
1587 5221 1725 5287 obtineat,

84 5325 193 5380 pacem,
231 5309 288 5368 uod
306 5323 323 5366 e
346 5310 453 5366 ebone
470 5309 524 5366 ilde
539 5309 604 5365 volo
617 5315 645 5365 et
660 5307 786 5365 concedo
801 5306 876 5379 quod
931 5317 1016 5377 quarn
1039 5308 1238 5358 antecessores
1253 5298 1295 5354 sui
1313 5297 1347 5352 be
1369 5301 1471 5351 uerunt
1493 5294 1521 5348 in
1536 5293 1588 5359 eis,
1605 5292 1651 5348 vel
1672 5291 1727 5364 ipsi

83 5381 203 5438 ecclesie
246 5381 303 5438 eati
324 5325 403 5438 {etri
429 5379 620 5438 Nannetensis
647 5386 676 5435 et
699 5379 743 5434 sui
775 5391 877 5434 ornnes
932 5371 1044 5432 aieodo
1063 5372 1189 5444 episcopi
1205 5369 1348 5452 abeantei
1361 5363 1505 5446 recedant,
1517 5368 1599 5418 etc.»
1719 5430 1726 5445 ⁶

84 5449 301 5508 libertatessuos
312 5458 340 5506 et
354 5451 465 5507 sesinas
475 5451 503 5506 in
512 5451 586 5506 bone
598 5463 668 5522 pace
678 5455 795 5505 teneant
805 5449 832 5504 in
842 5463 876 5504 eo
969 5445 1095 5500 «Actum
1126 5443 1275 5522 Nannetrs,
1296 5451 1323 5493 lli
1351 5441 1477 5522 crastino
1496 5431 1639 5516 cotiredre
1651 5431 1727 5488 bentt

86 5529 158 5578 statu
180 5535 235 5592 quo
249 5522 415 5580 exstiterant
436 5519 550 5604 quando
567 5520 632 5575 veni
653 5517 688 5575 ad
709 5519 875 5575 comitatum
931 5515 1017 5598 Petri,
1031 5527 1107 5570 enno
1120 5513 1235 5569 bomini
1246 5505 1392 5573 mccxlii,
1405 5505 1498 5576 iim,
1513 5502 1558 5560 dre
1575 5503 1608 5561 l8
1621 5516 1724 5575 ianua·

87 5593 247 5660 Britannis,
263 5590 424 5648 revocando
447 5606 473 5646 ur
488 5592 597 5646 irritum
614 5590 708 5646 banne
722 5586 874 5646 iectacon-
931 5585 991 5658 rirl.
1012 5607 1022 5634 ι
1039 5582 1201 5654 incoquet.)

86 5667 126 5717 tra
145 5661 289 5719 libertates
302 5668 331 5717 et
345 5661 566 5718 eonsuetudines
580 5667 608 5716 ct
622 5661 733 5716 cesinas
748 5659 877 5716 ecelesia
