3978 6292
85 274 142 336 265
196 320 203 331 .

86 430 235 493 curandis
261 431 404 508 negotiis
429 430 597 492 dominare
613 428 692 506 quot
710 428 743 489 et
757 425 871 505 quales

85 527 222 602 volebat,
238 530 294 606 qui
305 530 526 606 praeterquam
536 527 572 588 in
584 525 785 604 quotidianis
798 525 870 585 dis-

85 625 598 696 tributionibus‚suarumtruclus
608 623 816 701 perciperent
825 621 873 683 in·

85 724 191 798 tegros
204 723 466 801 praehendarum,
487 720 715 784 consentiente
725 723 763 780 A.
780 735 870 797 praa-

85 821 253 882 deeessore
266 822 336 893 tuo,
352 823 601 883 aCenomanen.
611 817 755 894 capitulo
770 815 872 878 luisse

85 917 228 979 noscitur
254 917 456 988 institutum,
490 919 523 978 et
556 915 657 976 etiam
682 913 872 992 juramento

83 1013 307 1087 firmatum,·ut
333 1015 510 1091 episcopus
525 1013 612 1074 ultra
628 1011 709 1072 duos
727 1026 770 1072 ex
791 1011 872 1088 ipsis

82 1112 248 1172 canonicis
268 1127 380 1174 secum
404 1109 528 1172 habere
551 1125 618 1172 nou
646 1108 766 1180 valeat,
791 1123 873 1186 quos

82 1207 533 1286 etiamduospraebenoarum
545 1221 679 1268 suarum
693 1207 873 1282 proventus

80 1306 246 1382 percipere
267 1306 414 1382 integros
431 1319 498 1366 non
518 1304 724 1382 permittunt,
740 1318 801 1364 nec
814 1317 874 1379 po-

79 1405 136 1464 test
150 1403 237 1464 idem
252 1403 427 1481 episcopus
456 1417 500 1464 ex
514 1400 681 1479 praedietis
704 1399 873 1462 canonicis

80 1500 204 1562 mittere
222 1499 352 1578 aliquos
377 1498 419 1560 ad
441 1499 547 1576 ipsius
572 1497 723 1560 ecclesiae
740 1495 872 1573 negotia

81 1597 307 1673 procuranda,
338 1596 475 1674 capituli
503 1595 638 1658 licentia
661 1611 728 1656 non
757 1594 871 1673 petita.

81 1692 650 1771 Undenohishumilitersupplicasti
660 1693 696 1755 01
705 1691 875 1768 tibisuper

82 1792 138 1854 hoc
150 1792 325 1871 providere
344 1792 385 1854 de
399 1791 605 1866 benignitate
621 1789 715 1852 Sedis
732 1791 874 1866 Aposto-

81 1889 150 1954 1100
174 1889 399 1966 dignaremur.
430 1889 586 1952 volentes
611 1887 713 1964 igitur
734 1887 818 1948 utin
840 1887 873 1948 te

82 1987 274 2064 Apostolicae
291 1986 385 2048 Sedis
398 1983 644 2063 superabundet
662 1984 770 2061 gratia
797 1998 875 2061 spo-

82 2084 190 2157 aialis,
204 2083 420 2161 praesentium
432 2081 629 2144 auctoritate
647 2080 802 2142 duximus
815 2081 871 2140 in-

82 2181 287 2258 dulgendum,
313 2182 350 2243 01
374 2196 418 2242 ex
439 2181 554 2242 nostra
573 2178 634 2240 tihi
649 2178 749 2240 liceat
764 2177 872 2254 gratia

82 2285 142 2342 tres
154 2280 273 2340 extuis
288 2276 622 2351 canoniciscumtibi
637 2276 744 2338 visum
760 2274 870 2347 luerit,

14 2361 15 2374 ¹
81 2377 231 2448 relinere,
247 2376 303 2454 qui
319 2375 507 2442 inservitio
517 2375 772 2446 commorantes,
787 2372 873 2434 truc·

84 2474 130 2535 tus
152 2474 309 2550 integros.
326 2489 463 2536 suarum
475 2471 661 2550 percipiant
675 2469 874 2549 0001100110-

82 2585 159 2642 rum,
176 2571 391 2636 institutione
401 2569 560 2648 praedinta
570 2569 669 2630 etiam
682 2567 872 2645 juramento

85 2667 207 2730 firmata
235 2679 336 2746 super
354 2668 418 2730 hoc
442 2667 580 2730 minime
602 2665 763 2728 obstante.
780 2664 870 2726 Nulli

83 2779 166 2840 erge,
189 2768 255 2828 ote.
284 2766 319 2826 Si
333 2765 408 2843 quis
420 2764 543 2836 autem,
557 2765 619 2826 etc.
639 2764 756 2825 Datum
770 2763 873 2825 Reate

84 2862 174 2924 tertio
188 2863 266 2924 idus
276 2863 367 2940 julii,
383 2861 592 2941 pontificatus
605 2859 809 2923 annotertio.

391 3031 560 3120 ootvll

85 3157 280 3219 adauctum
291 3154 873 3230 Norwtcemam,npostovtcoesacls

393 3255 554 3331 10001100.

368 3367 403 3426 16
413 3367 476 3440 julil
494 3366 573 3425 1119.

198 3473 327 3537 [thothar.
340 3473 451 3524 bionum.
461 3472 596 3532 1111101010,
605 3471 644 3532 10,
655 3486 681 3523 n.
693 3471 746 3534 ro]

86 3573 174 3631 illecto
179 3571 378 3642 Norvvicensi,
385 3571 556 3644 1000101100
562 3569 643 3630 Sedis
650 3571 756 3644 legato,
770 3576 873 3628 utoau·

114 3677 171 3720 sam
186 3663 315 3723 Giliherti
334 3661 425 3728 electi,
437 3659 621 3718 Artlertensis
635 3659 789 3729 examinet,
805 3665 835 3715 el
847 3658 873 3714 01

114 3753 279 3810 electionem
300 3751 439 3810 canonice
457 3749 561 3808 iactam
572 3749 723 3818 invenerit,
739 3746 871 3806 eamdem

115 3841 271 3910 confirmet,
287 3840 394 3914 rejecto
409 3840 499 3899 010010
514 3841 633 3897 intruso.

120 3950 284 4012 Honorius
293 3949 479 4027 episcopus,
490 3947 609 4009 dilecto
620 3946 734 4007 1111οΡ.
745 3944 874 4008 Nervi·

86 4049 168 4108 censi
180 4049 298 4120 eleeto,
310 4045 509 4125 Apostolicae
525 4045 620 4108 Sedis
636 4045 757 4122 legato,
775 4044 871 4105 salu-

86 4145 155 4206 lem.

119 4243 284 4306 accedens
305 4242 384 4305 olim
418 4243 458 4304 ad
491 4241 702 4320 praesentiam
725 4239 872 4302 nostram

87 4338 217 4404 dilectus
254 4341 343 4402 illius
369 4345 419 4414 (1.,
452 4340 632 4402 0000010υο
657 4337 874 4400 Artlertensis

86 4439 238 4512 ecclesiae,
264 4439 360 4500 nobis
384 4438 555 4500 humiliter
576 4437 758 4508 intimavit,
786 4435 872 4514 quod

88 4537 218 4599 ecclesia
242 4537 357 4600 eadem
382 4539 514 4614 pastore
528 4536 679 4603 vacante,
696 4535 801 4613 ipsius
816 4549 875 4595 ca-

88 4631 216 4706 pitulum
231 4635 357 4697 eumin
372 4635 565 4711 episcopum
589 4649 686 4694 suum
714 4631 874 4694 canonice

88 4744 122 4791 ac
134 4733 339 4795 concorditer
357 4732 540 4808 elegerunt,
566 4747 666 4809 super
694 4745 758 4808 quo
774 4730 874 4791 etiam

88 4829 228 4893 exhibuit
252 4831 420 4892 decretum
437 4829 585 4907 ejusdem
600 4828 737 4906 capituli
759 4828 876 4902 singu-

90 4924 186 4988 lorum
216 4927 494 5006 suscriptionibus
521 4926 724 4989 roboratum.
750 4927 874 4987 Verum

89 5023 367 5098 waterfordensis,
391 5025 601 5093 Imilicensis,
616 5027 649 5086 et
673 5023 875 5085 limiricen-

90 5118 130 5180 sis
144 5125 286 5201 episcepi
295 5124 481 5186 iohannem
495 5122 721 5200 presbyterum
736 5119 873 5181 Limiri-

89 5222 188 5280 censis
205 5221 370 5294 dioecesis,
396 5235 456 5298 per
483 5219 674 5297 potentiam
693 5221 731 5280 G.
746 5218 786 5279 de
801 5219 878 5279 Ma-

90 5315 168 5378 risco
177 5319 350 5395 J'ustitiarii
364 5317 532 5380 Hiberniae
543 5317 708 5380 violenter
721 5315 875 5380 1000010-

90 5413 164 5475 siam
179 5416 282 5493 ipsam
300 5418 373 5493 post
389 5419 462 5493 eJ'us
476 5416 678 5478 electionem
696 5415 872 5484 intrrrsuln,

92 5525 274 5576 consecrare
289 5515 323 5588 in
338 5516 413 5594 ejus
430 5513 626 5592 episcopum
647 5524 871 5590 praesumpse-

693 269 923 330 EPISTOLAE.
947 269 1025 328 LIB.
1049 270 1104 329 111.

1659 265 1719 325 2116

925 427 1152 504 interjectam,
1184 427 1219 488 in
1255 427 1502 488 excusationem
1537 439 1722 502 praeump-

924 523 1485 602 tionishujusmodipretendentes,
1500 522 1585 601 quod
1601 521 1719 585 electio

926 622 1065 684 dedicio
1085 622 1241 684 Johanne
1252 623 1451 699 praesurnpta
1467 636 1526 699 per
1544 619 1718 698 quemdam

926 718 1112 790 diaconum,
1137 735 1232 796 quem
1257 717 1458 780 venerahilis
1477 718 1580 780 trater
1608 718 1721 780 noster

926 815 1142 878 cassellensis
1156 815 1431 893 archiepiscopus
1447 813 1722 892 metropolitanus
1833 819 1839 833 '

926 912 1002 985 loci,
1019 915 1098 976 tunc
1114 912 1155 974 ad
1167 911 1390 990 apostolicam
1401 912 1523 974 Sedem
1549 913 1721 983 venturus,

927 1014 1173 1088 procuratorem
1193 1027 1288 1072 sunm
1304 1010 1497 1088 reliquerat,
1517 1009 1723 1072 100101000-

927 1109 1056 1171 firmata
1071 1129 1078 1167 :
1094 1108 1181 1169 unde
1194 1107 1381 1184 postulabat
1393 1108 1567 1175 instanter,
1584 1109 1722 1184 010000-

927 1206 1029 1268 latum
1062 1205 1225 1268 intrusum
1259 1208 1467 1268 removentes
1502 1206 1543 1268 ab
1580 1205 1721 1268 ecclesia

927 1303 1140 1381 supradicta,
1182 1304 1216 1366 et
1252 1320 1311 1381 pro
1346 1319 1416 1366 suaa
1457 1303 1722 1381 praesumptionis

927 1417 1067 1464 excessu
1087 1401 1247 1464 canonice
1270 1400 1444 1478 punientes
1466 1402 1638 1478 episcopos
1660 1417 1728 1462 ana

927 1500 1077 1571 tediatus,
1094 1498 1366 1562 confirmaremus
1387 1499 1582 1561 electionem
1595 1498 1636 1559 de
1650 1499 1722 1576 ipso

928 1597 1087 1660 canonice
1102 1595 1313 1658 celebratam.
1327 1597 1418 1658 Licet
1430 1597 1540 1658 autern
1562 1595 1648 1658 idern
1661 1612 1721 1658 ca-

928 1695 1066 1756 nonicus
1091 1694 1187 1756 nobis
1213 1695 1334 1756 multas
1354 1694 1483 1756 litteras
1511 1693 1721 1764 exhibuerit,

928 1808 988 1870 per
1015 1808 1097 1870 quas
1122 1791 1153 1853 ei
1179 1791 1415 1868 perhibebatur
1433 1791 1659 1855 testimonium
1683 1791 1724 1852 de

928 1889 1106 1967 praedictis,
1119 1889 1153 1950 et
1166 1904 1239 1964 quae
1254 1887 1363 1964 ipsum
1378 1888 1500 1950 devita
1526 1889 1559 1951 et
1582 1887 1721 1950 scientia

927 1985 1201 2050 commendabant
1227 2006 1235 2046 ε
1263 1985 1342 2063 quia
1379 1987 1489 2048 tamen
1534 2002 1594 2063 pro
1629 1990 1722 2063 parte

927 2087 1035 2148 altera
1056 2084 1167 2147 nullus
1193 2083 1378 2160 comparuit
1406 2099 1518 2145 coram
1553 2084 1660 2154 nobis,
1690 2087 1725 2146 et

927 2187 1041 2246 contra
1068 2183 1160 2244 illam
1185 2181 1354 2243 absentem
1383 2182 1416 2244 et
1435 2181 1642 2243 indefensam
1657 2197 1724 2242 nou

927 2282 1000 2346 erat
1025 2281 1138 2343 taliter
1166 2278 1421 2356 procedendum,
1446 2278 1552 2356 ipsius
1571 2278 1725 2342 canonici

927 2395 1042 2455 preces
1063 2378 1224 2439 exaudire
1246 2377 1456 2454 nequivimus
1477 2377 1513 2437 in
1532 2377 1595 2438 hae
1619 2378 1723 2454 parte.

926 2477 1085 2539 volentes
1111 2476 1222 2538 autem
1246 2474 1413 2536 eidemin
1434 2477 1511 2553 jure
1535 2490 1614 2547 suo,
1640 2475 1727 2537 sicut
1810 2487 1814 2492 ·

927 2574 1132 2646 tenebamur,
1142 2573 1259 2635 adesse
1274 2588 1410 2634 causam
1423 2572 1614 2650 hujusmodi
1628 2587 1725 2634 vene·
1845 2619 1850 2624 .

927 2671 1089 2735 rabilibus
1122 2670 1281 2733 fratribus
1318 2671 1441 2732 nostris
1474 2668 1723 2743 Gluarlertansi,

928 2770 1181 2832 Enechdunensi
1194 2769 1227 2830 et
1244 2767 1454 2830 Finwarensi
1481 2767 1645 2846 episcopis
1659 2767 1723 2829 du-

928 2869 1037 2930 ximus
1052 2866 1330 2938 committendam,
1348 2865 1430 2942 10010
1454 2881 1514 2942 per
1535 2866 1724 2942 Apostolica

928 2966 1052 3043 scripta
1066 2966 1272 3034 mandantes,
1300 2963 1337 3026 ut
1347 2963 1486 3035 vocatis,
1504 2979 1585 3041 quos
1600 2979 1726 3026 vocan-

905 3109 908 3116 ,
927 3065 987 3126 dos
999 3063 1162 3135 viderent,
1176 3063 1209 3124 et
1229 3061 1363 3132 auditis,
1390 3077 1463 3138 quae
1479 3060 1557 3123 hinc
1572 3061 1649 3123 inde
1664 3060 1726 3122 du-

928 3165 1041 3224 cerent
1055 3158 1279 3238 proponenda,
1305 3159 1334 3220 si
1347 3158 1388 3220 de
1409 3159 1591 3236 praemissis
1622 3175 1723 3220 cons-

928 3260 1014 3322 taret
1035 3258 1171 3325 eisdem,
1186 3257 1331 3318 humano
1351 3271 1465 3318 amore
1491 3272 1531 3318 ac
1558 3255 1726 3318 mundano

927 3359 1046 3421 timore
1066 3355 1268 3433 postpositis,
1296 3354 1471 3432 praelatum
1491 3355 1658 3416 intrusum
1683 3354 1725 3416 ab

927 3455 1000 3533 ipsa
1023 3455 1166 3516 ecclesia
1184 3452 1314 3529 penitus
1328 3453 1531 3526 amoventes,
1552 3453 1729 3515 examina-

927 3553 1001 3614 rent
1016 3551 1210 3614 electionem
1226 3551 1346 3612 tactam
1361 3550 1401 3611 de
1421 3551 1581 3612 canonico
1598 3567 1725 3613 memo·

927 3651 1052 3722 rato,et
1065 3650 1093 3711 si
1101 3665 1174 3711 eam
1188 3648 1377 3710 invenirent
1390 3647 1431 3708 de
1449 3664 1591 3725 persona
1606 3648 1726 3712 idonea

927 3747 1087 3811 canonice
1096 3745 1307 3817 celebratam,
1319 3745 1411 3806 illam
1427 3747 1628 3809 auctoritate
1642 3763 1727 3808 nos-

925 3848 989 3919 tra,
999 3844 1128 3907 sublato
1139 3842 1315 3920 cujuslibet
1328 3844 1519 3906 contractus
1535 3846 1568 3906 et
1582 3844 1727 3921 appella·
1826 3915 1828 3918 ,

926 3943 1027 4007 110010
1043 3941 1224 4009 obstaculo,
1239 3940 1485 4012 confirmarent,
1506 3942 1539 4004 et
1565 3941 1725 4004 iacientes

927 4043 1035 4120 ipsum
1050 4039 1344 4118 pacificaejusdem
1354 4038 1505 4100 ecclesia
1516 4039 1725 4116 possessione

927 4139 1084 4216 gaudere,
1093 4137 1419 4214 contradictoresper
1429 4152 1607 4198 censuram
1619 4137 1729 4199 eccle-

928 4237 1109 4308 siasticam,
1126 4234 1347 4313 appellatione
1359 4236 1552 4312 postposita,
1569 4251 1724 4312 compes-

928 4335 1044 4408 cendo,
1074 4333 1325 4411 archiepiscopo
1356 4332 1572 4410 injungerent
1595 4348 1725 4395 merno-

928 4433 1061 4504 11110,οῑ
1074 4431 1181 4494 eidem
1197 4447 1316 4492 munus
1327 4429 1586 4492 consecrationis
1597 4429 1727 4508 impen-

929 4532 1034 4602 deret,
1051 4529 1137 4592 sicut
1149 4530 1316 4606 pertinere
1332 4527 1530 4590 noscebatur
1548 4528 1588 4589 ad
1605 4527 1725 4605 ipsum.

930 4628 1218 4692 Praelatosautem
1231 4626 1414 4704 episcopos,
1432 4626 1461 4686 si
1477 4629 1646 4690 constaret
1659 4627 1727 4688 eis·

929 4728 1015 4798 dem,
1040 4725 1132 4802 ipsos
1157 4725 1233 4801 post
1260 4722 1517 4801 appellationem
1543 4721 1750 4801 legitimam'

928 4827 1093 4886 intrusum
1106 4836 1320 4884 consecrasse
1335 4820 1542 4898 praedictum,
1555 4838 1614 4899 pro
1624 4825 1726 4886 tantae

928 4921 1125 4985 temeritatis
1145 4935 1285 4982 excessu
1311 4935 1490 4996 suspensos
1512 4921 1554 4981 ad
1578 4923 1726 4984 nostram

929 5019 1141 5098 praesentiam
1151 5017 1367 5090 destinarent,
1380 5019 1458 5080 utet
1468 5017 1567 5080 iidem
1585 5018 1616 5080 in
1629 5035 1725 5095 poena

929 5118 1034 5194 culpae
1070 5117 1310 5191 cognoscerent
1337 5107 1576 5193 'quantitatem
1610 5117 1643 5176 et
1670 5117 1723 5190 iis,

930 5215 1048 5293 quibus
1063 5214 1277 5292 praesumptio
1293 5212 1403 5274 101110
1418 5211 1622 5284 scandalum,
1638 5218 1727 5277 esset

929 5312 1056 5390 punitio
1073 5311 1317 5388 inexemplum,
1335 5310 1571 5372 nullistitteris
1586 5309 1728 5374 obstan-

929 5411 1017 5473 tibus
1043 5409 1277 5488 praedictarum
1297 5406 1609 5472 litterarumtenore
1623 5411 1724 5472 tacito

928 5526 948 5572 a
964 5509 1049 5570 Sede
1063 5506 1253 5585 110οο101100
1273 5505 1470 5580 impetratis.
1495 5505 1629 5570 Praelati
1645 5524 1723 5570 vero

92 5611 169 5676 runt,
199 5615 273 5688 post
293 5612 553 5690 appellationem
578 5611 620 5674 ad
643 5626 704 5674 uos
727 5607 874 5687 legitima
923 5607 1065 5685 judices,
1083 5605 1170 5667 sicut
1183 5617 1332 5682 persnas
1342 5600 1574 5667 nobislitleras
1590 5604 1726 5670 intimu-
