3962 6308
80 336 128 396 olio
689 331 917 396 EPISTOLAE.
940 331 1019 392 LIB.
1043 333 1081 393 V.
1647 328 1708 392 630

78 493 192 554 dilectis
215 491 333 553 tiliis...
361 491 470 554 abbati
494 493 536 554 de
563 494 649 554 Gurc
677 489 797 571 (Zircz)
821 491 856 554 in
912 492 1038 570 posuit,
1074 491 1266 570 episcopum
1301 490 1528 569 supradictum
1562 487 1708 552 decimas

78 589 178 650 Boian
192 589 450 666 vesprimiensis
465 586 618 652 dioecesis
637 592 705 652 et...
726 589 856 666 strigo·
911 589 1113 652 memoratas
1136 590 1334 652 inconcusse
1357 588 1483 652 diutius
1507 587 1706 664 possedisse,

18 763 19 770 ἵ
77 685 171 746 niensl
185 686 253 747 et...
272 685 446 747 deuriensi
463 687 661 764 praepositis,
671 687 811 748 salutem
824 685 857 747 et
911 702 1066 750 asserens
1080 687 1311 758 nihilominus,
1326 686 1412 764 quod
1428 685 1515 748 dicta
1527 701 1617 762 pars,
1634 699 1708 763 quae

78 782 279 860 apostolicam
293 782 568 846 benedictionem.
912 783 999 845 ultra
1016 787 1160 846 Dravam
1184 783 1310 856 existit,
1335 785 1484 860 tempore
1507 782 1576 844 dati
1597 782 1708 859 priri-

56 891 58 896 ·
106 879 185 939 Olim
207 880 296 942 inter
318 879 456 942 dilectos
482 879 607 942 illios...
639 880 791 943 abbatem
825 881 857 942 et
911 880 991 957 legii
1003 881 1045 944 de
1055 881 1213 944 comitatu
1223 898 1290 944 non
1301 881 1418 944 luisset
1431 883 1558 952 eodem,
1574 880 1608 941 et
1621 879 1708 956 quod

78 979 262 1038 conventum
278 979 391 1040 Sancti
405 977 540 1040 Martini
557 978 598 1040 de
622 979 795 1040 Pannonia
814 991 856 1039 ex
911 978 1079 1056 praedictas
1096 979 1244 1057 capellae,
1257 980 1430 1056 quoecirca
1442 980 1586 1040 Dravam
1597 975 1706 1048 arant,

76 1074 154 1150 parte
182 1089 261 1142 una,
296 1075 330 1137 et
354 1075 578 1138 venerabilem
602 1076 738 1138 fratrem
773 1091 855 1136 nos·
911 1091 985 1137 cum
1000 1076 1213 1152 parochianis
1228 1077 1298 1138 suis
1313 1077 1425 1138 essent
1443 1075 1480 1136 in
1494 1072 1709 1150 Zagrabiensi

77 1175 187 1231 trum...
224 1173 416 1249 episcopum
451 1173 483 1234 et
518 1173 696 1234 canonicos
733 1174 858 1248 Zagra-
911 1171 1046 1233 dioecesi
1070 1173 1269 1246 constitutae,
1295 1189 1369 1250 quaa
1400 1172 1512 1233 omnia
1534 1170 1653 1232 obtulit
1672 1185 1709 1230 se

76 1269 247 1330 biensesex
257 1267 628 1347 altera‚superdecimis
639 1270 855 1348 quarumdam
910 1270 988 1331 tnnc
1001 1269 1160 1348 temporis
1171 1269 1500 1346 probaturum.Unde
1510 1268 1708 1344 saepedictus

76 1367 352 1442 possessionumet
367 1366 508 1429 aliarum
521 1381 633 1429 rerum
647 1368 683 1428 in
698 1367 857 1428 comitatu
910 1366 1138 1443 praedecessor
1160 1367 1285 1436 noster,
1312 1383 1388 1429 cum
1410 1383 1469 1446 per
1490 1366 1708 1428 assertionem

76 1463 252 1539 simigiensi
273 1463 486 1526 existentium
508 1463 689 1540 quaestione
707 1464 854 1536 suborta,
910 1479 1025 1525 eorum
1037 1464 1100 1525 sibi
1116 1464 1157 1526 de
1169 1479 1278 1526 causae
1293 1463 1422 1527 meritis
1434 1453 1709 1541 plemusiiquere

76 1559 415 1637 tandem,postmultas
426 1562 677 1623 commissiones
689 1561 729 1622 ab
740 1561 855 1622 eodem
910 1575 977 1621 non
1002 1563 1125 1638 posset,
1152 1561 1336 1623 venerabili
1362 1560 1458 1622 tratri
1488 1559 1601 1620 nostro
1626 1559 1710 1619 Wa-

76 1657 175 1718 abbate
197 1658 374 1735 superbis
398 1674 417 1720 a
441 1657 536 1720 honae
559 1659 727 1720 memoriae
750 1662 854 1720 inno·
910 1657 1015 1718 ciensi
1043 1659 1199 1736 episcopo
1228 1659 1261 1720 et
1293 1659 1432 1734 collegis
1466 1657 1536 1718 suis
1571 1671 1708 1718 causam

76 1755 166 1815 sendo
174 1771 262 1834 papa
273 1755 518 1832 praedecessore
528 1757 642 1817 nostro
653 1755 693 1817 ad
705 1755 854 1818 diversos
910 1753 1059 1815 eamdem
1072 1755 1236 1816 commisit
1247 1753 1313 1817 line
1326 1754 1437 1816 debito
1449 1752 1706 1817 terminandam.

72 1852 183 1928 jndices
210 1854 409 1929 impetratis,
437 1853 621 1914 venerabili
649 1853 745 1915 fratri
772 1869 854 1914 nos·
909 1853 1033 1912 Verum
1053 1867 1127 1912 cum
1145 1853 1276 1929 ludices
1301 1853 1474 1923 nominati,
1489 1852 1558 1913 tum
1574 1849 1710 1928 propter

75 1953 149 2010 ho...
172 1951 353 2011 Gauriensi
385 1951 539 2028 episcopo
563 1951 596 2012 et
626 1949 855 2028 conjudicibus
911 1947 1017 2024 ipsius
1050 1948 1175 2010 obitum
1209 1949 1425 2022 mandatoris,
1462 1950 1532 2010 tum
1573 1947 1708 2026 propter

76 2047 130 2106 suis
146 2047 185 2108 de
199 2049 376 2125 utriusque
389 2049 494 2124 partis
507 2047 757 2119 assensu,dedit
769 2046 855 2108 idem
910 2046 995 2106 alias
1012 2062 1131 2107 causas
1147 2046 1358 2123 multiplices
1370 2047 1406 2107 in
1422 2046 1556 2122 negotio
1571 2043 1708 2105 minime

18 2167 19 2174 κ
76 2143 286 2219 praedecessor
318 2146 430 2206 noster
458 2146 528 2205 suis
562 2143 682 2206 litteris
704 2145 739 2206 in
760 2160 856 2205 man·
910 2143 1127 2219 procederent
1153 2145 1345 2216 memorato,
1367 2158 1428 2205 nos
1451 2143 1491 2206 ad
1511 2139 1708 2204 instantiam

75 2240 198 2311 datiani
212 2240 304 2302 inira
316 2255 474 2313 mensem,
490 2241 547 2302 lite
560 2241 706 2316 legitime
718 2242 855 2302 contes-
910 2239 1039 2302 abbatis
1058 2241 1224 2318 praelati...
1250 2241 1428 2318 praeposito
1450 2243 1520 2302 et...
1544 2241 1603 2300 S...
1621 2241 1709 2300 Ves-

18 2351 19 2422 }
76 2338 138 2408 uu,
154 2351 292 2398 causam
316 2337 422 2414 ipsam
442 2338 647 2400 sufficienter
660 2339 855 2400 instructam
911 2337 1083 2414 primiensi
1095 2338 1163 2399 et...
1179 2338 1325 2410 Albensi,
1342 2337 1600 2416 vesprimiensis
1624 2335 1709 2396 dice-

18 2511 19 2518 *
76 2433 300 2496 addoncilium
314 2419 522 2497 remitterent
534 2435 701 2512 generale,
714 2449 854 2513 quorum
910 2435 995 2496 cesis
1011 2435 1269 2508 archidiaconis,
1283 2436 1405 2497 nostris
1420 2435 1571 2497 dedimus
1584 2434 1705 2496 litteris

76 2547 137 2605 pars
150 2532 384 2610 Zagrabiensis
399 2533 563 2594 malittose
580 2531 751 2594 declinans
768 2547 853 2593 exa·
910 2532 945 2592 in
963 2532 1138 2604 mandatis,
1158 2534 1196 2595 ut
1215 2546 1316 2610 super
1334 2533 1398 2594 hoc
1415 2533 1448 2594 et
1466 2532 1543 2593 aliis
1564 2531 1725 2608 negotiis.

18 2671 19 2676 η
78 2644 137 2689 men
148 2632 289 2692 recessit
304 2630 543 2692 contumaciter
557 2628 598 2690 ab
614 2629 751 2700 eisdem,
768 2629 856 2690 sicut
910 2631 1016 2690 suisa
1035 2631 1123 2691 dicto
1144 2626 1389 2707 predecessore
1411 2631 1524 2692 nostro
1537 2628 1707 2706 judicibus

18 2733 19 2794 ξ
77 2727 278 2789 inrelatione
297 2727 446 2804 judicum
471 2727 661 2788 corumdem
680 2726 721 2788 ad
745 2727 855 2804 ipsum
910 2727 1051 2788 diversis
1074 2727 1270 2800 commissis,
1287 2727 1384 2805 juxta
1399 2733 1548 2792 tenorem
1568 2725 1706 2786 manda·

18 2903 19 2910 ἵ
78 2821 185 2886 directa
201 2824 437 2886 continebatur
450 2838 616 2901 expresse.
633 2827 771 2885 Domum
785 2839 855 2886 me-
909 2825 1018 2885 torum
1047 2825 1154 2901 ipsius
1181 2824 1361 2902 procedere
1390 2825 1618 2901 procurarent,
1649 2823 1708 2899 qul

78 2925 185 2984 morato
198 2921 320 2984 abbate
337 2937 413 2983 ac...
433 2922 648 2998 procuratore
666 2921 770 2998 partis
790 2921 853 2982 ad·
910 2921 1233 2984 conlaudatione
1253 2920 1479 2983 intelleximus
1500 2919 1704 2992 eorumdem,

76 3033 162 3080 rersae
172 3021 208 3080 in
221 3019 336 3080 dilecti
351 3017 411 3080 iiiii
424 3019 531 3082 nostri
544 3017 726 3100 Gtregorii)
741 3019 854 3080 Sancti
910 3019 944 3079 in
959 3021 1033 3095 ipso
1045 3018 1178 3095 negotio
1188 3020 1293 3080 variis
1303 3018 1343 3078 de
1354 3018 1466 3080 causis
1478 3018 1615 3079 minime
1625 3031 1706 3094 pro-

77 3115 219 3177 iheodori
242 3117 376 3178 diaconi
401 3116 593 3190 cardinalia,
616 3119 695 3178 tuuc
720 3117 856 3178 subdia·
910 3117 1075 3188 cedentes,
1091 3117 1200 3193 ipsum
1218 3116 1327 3177 adhuc
1346 3116 1512 3192 integrum
1529 3115 1570 3176 ad
1587 3113 1704 3176 sedem

78 3213 147 3284 coni,
162 3215 193 3275 et
205 3213 373 3291 capellani
388 3213 468 3274 dicti
480 3214 736 3290 predecessoris
749 3213 855 3276 nostri
910 3214 1132 3290 apostolicam
1146 3214 1358 3276 remiserunt.
1372 3215 1593 3275 Procuratore
1603 3212 1707 3288 igitur

78 3311 235 3382 prasentia
250 3311 451 3380 constitutis,
471 3311 558 3370 idem
573 3309 675 3371 abbas
688 3324 748 3387 pro
768 3325 805 3371 se
823 3311 856 3372 et
910 3311 1038 3372 abbatis
1054 3313 1124 3388 jam
1145 3311 1236 3378 dicti,
1257 3326 1297 3372 ac
1313 3310 1434 3372 dilecto
1454 3309 1524 3372 illio
1543 3311 1705 3386 magistro

79 3410 222 3469 consentu
235 3423 298 3469 suo
316 3407 357 3468 ab
378 3407 533 3484 episcopo
549 3406 582 3468 et
600 3405 770 3468 canonicis
785 3422 856 3468 me-
911 3407 1338 3480 Ambrosi0,archidiacon0
1350 3407 1602 3485 Vesprimiensi,
1619 3423 1707 3469 nun-

18 3501 19 3504 ’
78 3507 194 3567 moratis
216 3506 365 3567 decimas
389 3505 536 3566 omnium
561 3504 693 3579 lingum
714 3505 748 3566 et
770 3503 856 3566 alia·
910 3506 956 3567 tio
980 3505 1084 3581 partis
1111 3505 1272 3578 adversae,
1296 3507 1431 3582 propter
1451 3506 1514 3567 hoc
1535 3505 1571 3566 in
1593 3506 1708 3567 nostra

77 3615 134 3661 rum
150 3617 262 3663 rerum
281 3602 380 3664 terrac
400 3599 497 3662 cultae
520 3615 559 3662 ac
582 3601 726 3672 incultae,
744 3601 857 3679 sylva·-
911 3603 1088 3680 praesentia
1110 3603 1308 3674 constitutis,
1324 3603 1480 3664 dilectum
1500 3601 1605 3663 tilium
1627 3618 1709 3664 nos-

78 3711 145 3768 ram,
156 3701 407 3770 materinorum,
420 3713 597 3775 porcorum
614 3699 647 3760 et
660 3699 855 3760 ceterorum
910 3701 998 3761 trum
1012 3702 1059 3771 h,
1074 3701 1270 3761 Sanctorum
1283 3701 1411 3761 Cosmae
1423 3701 1456 3762 et
1468 3699 1619 3761 Damiani
1632 3699 1708 3760 dia-

78 3795 264 3868 animalium,
281 3810 381 3872 apum
394 3797 427 3857 et
438 3795 637 3857 tributorum
651 3811 690 3856 ac
702 3797 854 3872 vectiga-
911 3811 1031 3858 conum
1052 3795 1268 3868 cardinalem,
1288 3797 1338 3857 eis
1364 3797 1589 3858 concessimus
1610 3795 1707 3856 audi·

78 3890 143 3952 lium
160 3893 264 3970 pariis
281 3893 457 3954 comitatus
473 3892 693 3967 simigiensis,
716 3908 789 3970 quae
806 3896 857 3956 est
911 3893 1027 3964 torem,
1044 3893 1097 3953 cui
1114 3907 1187 3954 cum
1205 3893 1245 3953 de
1265 3908 1375 3954 causae
1395 3893 1522 3954 meritis
1537 3908 1597 3971 per
1615 3893 1706 3970 ipsos

81 3986 148 4049 ultra
163 3991 301 4052 fluvium
315 3992 469 4061 Dravam,
486 3989 574 4050 sicut
592 3988 697 4066 ipsius
711 3990 856 4066 cingitur
911 4004 978 4051 non
994 3989 1138 4066 potuerit
1155 3990 1228 4050 lieri
1247 3990 1346 4067 plena
1366 3989 1460 4061 lidos,
1485 4005 1547 4051 nos
1571 4003 1706 4052 causam
1805 4012 1807 4026 ‚

79 4082 217 4148 limitibus
241 4087 432 4159 comitatus,
459 4101 588 4148 necnon
617 4085 855 4149 decimationes
910 4087 1017 4164 ipsam
1036 4086 1129 4148 vobis
1151 4086 1308 4148 duximus
1331 4087 1610 4156 committendam,
1633 4087 1707 4149 dis-

81 4183 262 4256 capellarum
274 4183 389 4244 Sancti
401 4181 572 4250 Baruahae,
587 4185 716 4245 Sanctae
728 4185 853 4257 Crucis,
911 4183 1050 4246 crationi
1064 4185 1185 4246 vestrae
1198 4199 1258 4261 per
1273 4185 1463 4262 apostolica
1478 4185 1601 4263 scripta
1617 4200 1708 4246 man·

81 4279 106 4337 et
122 4281 243 4343 Sanctae
257 4281 432 4342 Trinitatis
452 4282 607 4357 exparte
627 4279 729 4343 castri
750 4282 853 4343 Simi·
910 4281 1037 4353 dantes,
1057 4282 1222 4358 quatenus
1243 4281 1279 4342 in
1300 4281 1433 4358 negotio
1454 4282 1539 4359 ipso,
1554 4297 1620 4343 non
1641 4281 1705 4343 ob-

81 4373 184 4446 giensis
206 4378 240 4439 in
270 4379 407 4439 dioecesi
433 4379 672 4454 vesprimiensi
708 4380 856 4440 existen-
910 4374 1073 4440 stantibus
1087 4377 1253 4456 aliquibus
1267 4379 1387 4440 litteris
1402 4394 1503 4456 super
1515 4378 1707 4442 hocaSede

81 4470 146 4532 tium
159 4491 230 4536 cum
243 4474 408 4538 nuenbus
424 4476 587 4554 perceptis
601 4490 644 4536 ex
656 4475 718 4547 eis,
736 4475 854 4553 quihus
908 4475 1100 4552 Apostolica
1122 4475 1318 4553 impetratis,
1340 4491 1444 4553 usque
1465 4475 1506 4538 ad
1526 4476 1706 4539 definitivas

82 4565 200 4644 inerant,
217 4575 253 4636 ut
272 4571 455 4645 dicebatur,
476 4587 535 4648 per
553 4573 705 4633 eumdem
725 4575 856 4650 episcc·
909 4573 1082 4635 sententiaa
1112 4573 1287 4644 calculum,
1317 4572 1447 4636 sublato
1471 4574 1706 4651 appellationis

82 4679 142 4737 pum
155 4670 296 4745 spoliati,
310 4685 385 4731 cum
396 4670 552 4746 expensis
562 4685 645 4746 qaras
657 4669 691 4730 in
706 4670 854 4747 eJusdem
909 4670 1093 4741 obstaculo,
1105 4670 1331 4746 procedentes,
1345 4686 1479 4732 causam
1492 4673 1610 4751 ipsam,
1625 4672 1654 4733 si
1665 4671 1707 4734 ds

83 4767 291 4833 prosecutione
308 4767 433 4842 negotii
455 4781 558 4843 usque
576 4767 616 4828 ad
631 4766 690 4828 illa
705 4768 852 4845 tempora
909 4767 1052 4845 partium
1073 4767 1244 4829 voluntate
1266 4769 1477 4844 processerit,
1505 4769 1572 4830 line
1588 4757 1705 4831 'debito

83 4857 217 4936 lacerant,
233 4864 531 4927 aclacturiessent
546 4864 773 4940 inposterum,
790 4863 853 4926 sibi
908 4863 1104 4934 terminetis,
1120 4862 1280 4925 iacientes
1295 4865 1382 4942 quod
1398 4865 1611 4928 decreveritis
1624 4882 1706 4929 auc·

83 4957 191 5020 restitui
205 4961 395 5037 postulavit,
412 4963 583 5036 omne‘jus
599 4977 696 5022 suum
711 4962 746 5022 in
757 4961 853 5039 judi·
908 4960 1041 5023 toritate
1058 4961 1171 5022 nostra
1191 4961 1331 5024 tirmiter
1351 4963 1533 5025 observari.
1549 4963 1705 5040 Alioquin

84 5049 153 5113 cium
171 5056 375 5132 deducendo;
399 5056 611 5134 privilegium
633 5059 741 5121 sancti
764 5059 853 5136 regis
908 5057 1196 5120 eamsuliicienter
1207 5059 1403 5122 instructam
1413 5060 1454 5122 ad
1466 5060 1612 5121 nostram
1623 5075 1706 5137 prar-

85 5146 230 5227 Stephani,
244 5157 276 5218 et
287 5154 558 5220 confirmationes
573 5153 682 5216 felicis
697 5157 854 5219 recorda·
909 5157 1049 5218 sentiam
1082 5156 1271 5230 remittatis,
1310 5157 1518 5234 praefigentes
1555 5156 1705 5233 partibus

84 5243 366 5324 tionishlexandri,
389 5251 514 5314 Urbani
538 5253 571 5313 et
592 5250 771 5314 Clementis
792 5257 854 5318 Ro·
908 5254 1085 5314 terminum
1096 5254 1346 5330 competentem,
1359 5269 1424 5330 quo
1437 5254 1549 5314 nostro
1563 5267 1706 5316 secons·

86 5354 233 5409 manorum
251 5349 443 5426 pontificum
469 5348 750 5425 praedecessorum
775 5366 855 5414 nos·
909 5352 1019 5429 poctui
1029 5353 1277 5429 repraesentent,
1289 5353 1425 5428 justam,
1441 5350 1538 5413 dante
1551 5351 1702 5424 Domino,

86 5437 189 5506 trorum
219 5445 260 5506 ad
289 5447 508 5510 intentionem
532 5461 627 5508 suam
650 5445 854 5512 fundandam
908 5449 1107 5511 sententiam
1142 5448 1336 5524 recepturae.
1366 5448 1479 5509 Testes
1512 5451 1624 5510 autem
1648 5449 1706 5528 qul

87 5548 165 5612 super
176 5541 345 5622 principali
359 5543 778 5620 producensidemoratus
792 5562 855 5607 au·
909 5547 1033 5608 luerint
1054 5545 1227 5617 nominati,
1245 5544 1272 5605 si
1296 5559 1331 5610 se
1348 5545 1470 5621 gralia,
1487 5545 1563 5608 odio
1587 5547 1639 5607 vel
1661 5547 1706 5608 ti-

86 5631 137 5694 tum
150 5641 334 5714 procurator
348 5657 392 5702 ex
405 5641 545 5704 adverso
562 5641 766 5720 respondens
781 5659 855 5720 pro·
908 5659 1001 5706 more
1014 5643 1251 5714 subtraxerint,
1268 5657 1514 5720 percensuram
1529 5642 1707 5707 ecclesias-
