3978 6292
253 341 312 402 aba
863 341 1038 402 HONORII
1061 341 1105 400 111
1127 343 1275 403 OPERA.
1843 341 1907 400 400

255 515 349 572 mus,
380 501 593 563 universitati
614 502 733 564 vestrae
752 499 936 563 districtius
960 497 1050 562 inhi·
1104 497 1207 561 irater
1232 503 1355 573 noster,
1376 501 1646 580 archiepiscopus
1660 501 1905 577 Lugdunen...,

256 597 375 670 bande,
397 613 439 660 ne
460 615 519 659 vos
534 599 568 658 in
584 600 677 676 sylva
701 598 773 676 ipsa
793 597 930 660 cedendi
945 597 1047 672 ligna,
1103 597 1225 658 tulerat
1249 597 1285 658 in
1313 597 1464 659 eumdem
1485 599 1522 660 ut
1542 603 1614 676 ejus
1635 599 1752 660 litterae
1769 599 1909 674 protes-

256 695 310 756 vel
338 696 494 772 pascendi
524 697 695 768 animalia,
718 713 777 757 seu
793 694 1049 774 quomodolibet,
1103 695 1217 756 tantur
1244 709 1304 772 per
1331 694 1533 756 cardinalem
1560 697 1733 772 praelatum
1767 693 1908 770 injungi

253 795 310 869 Jus
323 793 415 854 vobis
430 795 638 870 praesumatis
660 794 700 855 ds
723 795 842 856 caetero
866 791 1047 853 vindicare.
1104 790 1244 852 iacimus
1265 805 1365 868 super
1379 791 1487 854 debito
1503 794 1642 869 praestiti
1653 793 1853 869 juramenti,
1864 805 1908 850 ne

258 890 401 967 Ideoque
424 892 637 967 praesentium
663 891 757 954 vobis
776 881 972 952 auctoritate
992 889 1050 950 ilr-
1105 903 1208 965 super
1222 890 1283 952 boc
1294 889 1402 966 ipsum
1415 889 1456 952 de
1470 893 1589 952 caetero
1605 891 1816 968 aliquatenus
1834 887 1909 949 dif-

258 989 356 1049 miter
369 990 402 1049 et
412 988 593 1051 districtius
605 988 827 1066 preacipiendo
842 988 1048 1058 mandamus,
1106 987 1231 1047 samara
1274 989 1462 1062 praesumat.
1509 989 1669 1059 Quocirca
1703 987 1907 1048 discretioni

194 1093 197 1100 '
258 1102 300 1146 ne
315 1085 490 1162 praedlctos
505 1087 648 1163 priorem
662 1089 694 1148 st
709 1087 828 1149 iratres
840 1100 899 1146 seu
915 1101 1052 1147 monas-
1106 1084 1227 1145 rustrae
1252 1099 1311 1160 per
1334 1085 1524 1160 apostoliea
1544 1085 1666 1162 scripta
1690 1081 1907 1152 mandamus,

257 1183 379 1244 terium
407 1183 516 1260 ipsum
539 1199 638 1260 super
650 1185 764 1246 cadem
780 1183 874 1260 sylva
895 1183 1051 1258 deinceps
1106 1184 1269 1258 quatenus
1281 1183 1309 1241 si
1321 1181 1428 1244 dictus
1440 1183 1494 1242 W.
1506 1183 1540 1243 in
1555 1181 1619 1242 hac
1634 1184 1727 1258 parts
1742 1179 1907 1241 mandato

259 1277 504 1354 quomodolibet
529 1279 722 1351 molestetis,
752 1277 826 1350 sed,
856 1293 1053 1353 compensa·
1107 1286 1220 1339 nostro
1244 1279 1503 1356 praesumpserit,
1518 1278 1653 1340 obviare
1682 1277 1907 1340 temeritatem

259 1378 349 1440 tione
369 1379 526 1456 praediola
551 1380 708 1450 contenti,
731 1393 771 1440 ea
786 1377 929 1439 utamini
949 1375 1052 1436 libere
1107 1379 1190 1452 ejus,
1208 1375 1429 1452 appellatione
1442 1378 1579 1446 remota,
1594 1373 1812 1452 poenadebita
1830 1389 1910 1434 cas·

260 1477 293 1536 et
308 1475 408 1546 licite,
427 1475 570 1536 scientes
585 1489 646 1536 nos
667 1473 788 1536 dilecto
809 1474 877 1536 illio
891 1473 1005 1534 nostro
1020 1473 1054 1532 et
1105 1473 1231 1548 tigeiis,
1247 1473 1507 1536 contradictores
1524 1489 1582 1550 per
1604 1487 1779 1534 censuram
1795 1471 1910 1532 eccle-

262 1574 376 1634 Sancti
388 1574 507 1650 angeli
519 1574 670 1646 diacono,
687 1572 849 1636 cardinali
865 1569 1052 1646 Campaniae
1108 1571 1288 1638 siasticam,
1304 1571 1526 1648 appellatione
1542 1570 1733 1646 postposita,
1751 1583 1910 1644 compes-

260 1671 635 1747 Maritimaequerectori
657 1671 796 1734 tirmiter
809 1668 1005 1747 injunxisse,
1018 1670 1054 1728 ut
1108 1667 1222 1729 cando.
1249 1669 1340 1740 Quod
1368 1669 1398 1728 si
1426 1685 1492 1728 non
1512 1681 1636 1737 omnes,
1658 1669 1733 1737 etc,
1746 1667 1814 1727 duo
1832 1681 1910 1725 ves·

260 1783 326 1828 non
355 1783 456 1844 super
481 1769 669 1844 hujusmodi
695 1767 862 1844 permittat
884 1781 904 1826 a
925 1765 1054 1824 vicanis
1109 1767 1207 1838 uum,
1224 1768 1286 1827 etc.
1301 1767 1418 1827 Datum
1433 1764 1573 1827 viterbii
1588 1768 1681 1828 sexto
1697 1777 1802 1824 nonas
1822 1778 1911 1822 mar·

261 1867 386 1926 temere
396 1866 577 1937 molestari,
592 1881 678 1926 cosa
692 1864 921 1926 molestatione
931 1862 1052 1932 vestra,
1109 1863 1148 1924 til
1165 1863 1375 1940 pontificatus
1395 1863 1500 1924 nostri
1515 1878 1603 1924 anno
1616 1865 1746 1940 quarto.

262 1962 292 2022 si
308 1979 444 2026 necesse
458 1963 570 2035 luerit,
590 1977 649 2040 per
663 1977 837 2023 censuram
852 1958 1056 2022 ecclesiasti-

261 2077 345 2132 cam,
360 2061 583 2137 appellatione
598 2060 791 2138 postposita,
806 2057 1053 2134 compescendo.
1434 2032 1577 2120 XCVII

303 2160 421 2219 Datum
449 2157 604 2228 Vitarbii,
635 2157 779 2218 secundo
808 2155 904 2217 nonis
932 2154 1055 2225 martii,
1111 2167 1163 2226 Aa
1179 2165 1460 2227 apparamsaqwn
1478 2164 1653 2228 Benedicta
1665 2166 1908 2232 plommensis,

264 2255 694 2333 l¹⁰11tifl0³i¹1⁸1¹0³ir1811110
709 2253 837 2331 quasill-
1150 2262 1185 2324 ct
1211 2265 1378 2324 Alorcum
1408 2265 1610 2324 moeniorum
1631 2261 1750 2322 Sonuit
1773 2263 1905 2322 Antoni

1152 2361 1411 2422 Aurelianensis
1421 2361 1584 2421 dioecesis.

600 2450 722 2538 XCVI
1404 2469 1613 2528 tumulato.

265 2595 318 2654 Ad
336 2593 588 2667 proeceltiorem
614 2594 761 2665 majoris
785 2593 949 2661 peccem,
971 2605 1057 2661 m.
1139 2576 1316 2642 [Raaest.,lib.
1330 2573 1374 2636 lv,
1385 2575 1457 2640 epist.
1467 2575 1521 2626 tou.
1533 2577 1590 2627 llas.
1604 2576 1640 2626 La
1654 2575 1729 2624 Parte
1738 2573 1773 2623 du
1785 2573 1884 2635 Thali]

305 2693 416 2752 torem
431 2691 549 2752 Sancti
572 2693 684 2762 Pauli,
710 2689 743 2750 et
759 2691 938 2752 Terrtcum
952 2701 1060 2750 cano.
1114 2673 1229 2734 Mandat
1252 2676 1295 2732 cis
1313 2681 1343 2732 ut
1368 2675 1392 2732 si
1414 2674 1627 2732 Aurelianensis
1652 2674 1804 2746 episcopus
1825 2687 1907 2728 man·

305 2793 421 2852 napum
435 2791 709 2866 Lugdunensem,
1149 2761 1245 2820 datum
1281 2761 1468 2834 apostolicum
1499 2759 1535 2818 de
1563 2757 1737 2834 assignanda
1767 2759 1904 2822 ilenrico,

1149 2852 1277 2910 Basilica
1292 2850 1427 2924 principis
1446 2849 1646 2922 Apostolorum
1666 2848 1818 2914 canonico,
1846 2853 1910 2904 nalo

556 2911 573 2966 ⁶
588 2915 670 2967 mm·
686 2908 764 2966 ¹²²⁰·
1149 2937 1288 2998 lobannis
1296 2937 1331 2994 de
1342 2939 1445 2995 Sancto
1461 2937 1667 3006 Eustachium
1682 2937 1771 3008 ipsius
1786 2935 1909 2991 ecclesia

295 3023 679 3090 [Regur.‚lib.1v,apln.tlt.
693 3021 925 3073 ΜΜΡΜΜΕ
942 3020 1035 3085 rheti]
1151 3026 1302 3102 praebenda
1330 3026 1497 3099 neglexerit,
1518 3027 1571 3098 ipsi
1599 3025 1767 3082 auctoritate
1786 3025 1907 3096 aposto-

268 3132 383 3195 blaudat
397 3133 440 3189 eis
454 3139 485 3190 ut
498 3131 545 3190 W.
558 3131 593 3188 da
604 3131 689 3188 Varel
698 3131 832 3187 cleriorum
842 3129 942 3186 litteris
952 3135 1063 3200 aposto·
1152 3117 1204 3174 1108
1221 3118 1249 3172 in
1263 3115 1433 3173 canonicum
1446 3115 1532 3187 recipi
1553 3119 1716 3187 procurent.

304 3223 366 3278 ¹¹0ss
380 3220 482 3292 dulim
505 3220 559 3292 ipsi
579 3218 728 3276 inhibitum
752 3215 844 3274 iuerat
862 3219 893 3274 P·
910 3215 946 3274 (¹⁶
960 3218 1061 3273 Βῡῑῑθῐ]
1148 3217 1909 3295 Honorius,etc.,dilectisilliis...abbatiSancti

304 3312 475 3410 0⁸n⁰¹¹i⁰l¹f¹l
496 3308 690 3366 V¹⁰⁰¹¹⁰¹¹⁸0¹¹¹
711 3305 747 3363 ‘¹⁹
773 3303 944 3363 ¹¹¹⁰fli⁰¹¹fl¹²¹
967 3305 1060 3376 ‘Diffi'
1119 3321 1287 3386 Benedicti
1302 3320 1489 3380 alcmaeon.
1510 3318 1723 3380 Aurelianen.
1737 3315 1904 3384 dioeoesis,

305 3413 380 3467 rare,
394 3397 509 3456 obedire
521 3403 638 3468 cogant.
1118 3421 1269 3489 saputem,
1284 3418 1346 3479 etc,

310 3523 487 3594 Honorius,
503 3523 577 3593 etc,
594 3521 724 3583 dilectis
737 3519 852 3580 liliis...
867 3518 1063 3595 praecentori
1158 3514 1348 3577 venerabili
1364 3514 1458 3574 tratri
1475 3515 1624 3575 nostro...
1640 3511 1797 3589 episcopo
1812 3513 1910 3572 Aure·

271 3622 408 3699 majoris
430 3619 618 3684 ecclesia...
644 3617 772 3679 cantori
795 3617 908 3678 Sancti
923 3616 1017 3677 Pauli
1033 3619 1065 3676 et
1119 3615 1243 3676 lianen.
1269 3611 1348 3672 olim
1361 3611 1491 3672 dedisse
1505 3610 1683 3674 recolimus
1707 3609 1742 3669 in
1767 3621 1909 3684 praecep·

140 3711 144 3718 ’
271 3721 406 3782 'ferrico
421 3715 581 3780 canonico
597 3714 803 3791 Lugdunum,
820 3713 984 3785 salutem,
1001 3715 1063 3774 etc.
1119 3714 1173 3779 tis,
1188 3713 1224 3772 ut
1238 3710 1357 3771 dilecto
1370 3709 1439 3769 illio
1454 3711 1556 3769 Henr.
1577 3707 1731 3769 Basilicas
1750 3704 1908 3783 principis

311 3816 460 3878 Obtentis
475 3815 553 3876 olim
568 3814 610 3874 ad
625 3812 784 3890 quosdam
793 3809 923 3888 judices
939 3811 1064 3872 Blaun-
1120 3809 1344 3886 apostolorum
1359 3805 1530 3876 canonico,
1547 3807 1624 3866 nato
1638 3802 1759 3864 nobilis
1775 3801 1843 3862 viri
1853 3803 1910 3863 lc-.

272 3915 332 3979 tin.
363 3911 588 3990 inquisitionis
614 3911 733 3972 litteris
755 3924 813 3986 per
838 3909 890 3968 W.
911 3908 952 3968 de
967 3906 1066 3968 Varei
1121 3905 1242 3968 hannis
1257 3905 1298 3965 de
1311 3903 1430 3967 Sancto
1442 3901 1629 3972 Eustacbio,
1652 3902 1707 3978 qui
1723 3899 1836 3961 sibiet
1855 3914 1908 3958 ec·

275 4011 433 4075 clericum
461 4024 562 4086 super
589 4007 800 4078 monachatu,
832 4021 928 4082 quem
964 4007 1000 4064 P.
1027 4002 1067 4065 de
1122 4005 1232 4067 clesias
1256 4017 1325 4063 suae
1351 4001 1459 4078 potest
1486 4001 1631 4062 existere
1664 3997 1855 4058 tructuosus
1878 3995 1909 4054 in

275 4110 394 4172 Botion
407 4108 569 4169 Viennen.
582 4103 743 4166 canonico
753 4101 951 4180 imponebat,
970 4101 1069 4177 parti·
1123 4099 1248 4170 multis,
1261 4095 1483 4174 praebendam,
1508 4095 1537 4155 si
1558 4107 1622 4171 qua
1641 4093 1676 4153 in
1698 4091 1906 4154 aurelianen.

274 4208 335 4269 bus
360 4205 493 4269 tandem
520 4203 562 4265 ad
586 4201 704 4263 sedem
723 4199 946 4277 apostolicam
967 4213 1067 4259 acce·
1123 4197 1265 4260 ecclesia
1275 4197 1353 4256 tunc
1362 4195 1508 4263 vacaret,
1523 4190 1564 4252 ob
1577 4189 1797 4252 reverentiam
1811 4191 1910 4264 Apos-

276 4297 876 4376 dentihu8,dilectumliliumnostrum
888 4297 926 4358 R.
938 4297 1068 4356 Sanctae
1123 4295 1232 4356 tolicae
1247 4291 1341 4353 sodis
1357 4291 1390 4352 et
1402 4291 1548 4350 nostram
1565 4287 1740 4357 conferret,
1764 4291 1798 4347 el
1811 4285 1909 4346 colla·

276 4403 393 4466 Mariae
415 4401 451 4461 in
466 4397 652 4470 cosmedin,
676 4395 851 4457 diaconum
866 4392 1069 4455 cardinalem
1123 4395 1191 4454 tam
1217 4387 1402 4450 liberaliter
1424 4385 1623 4461 assignaret,
1646 4383 1797 4460 alioquin
1810 4383 1909 4442 dona-

277 4501 501 4564 concessimus
517 4495 712 4558 auditorem.
729 4493 798 4553 Nos
822 4493 932 4554 autern
947 4489 1069 4551 auditis
1124 4489 1248 4551 tionem
1274 4483 1459 4564 praebendas
1472 4485 1551 4545 tunc
1566 4481 1717 4558 proximo
1742 4481 1776 4540 ln
1803 4479 1907 4540 eaden

277 4601 311 4662 et
325 4596 503 4660 intellectis
522 4609 581 4671 per
600 4593 730 4654 fidelem
745 4589 940 4652 relationem
955 4587 1070 4648 cardi·
1125 4584 1442 4647 ecclesiavacaturae
1454 4577 1740 4656 personaeldoueae
1749 4575 1909 4638 conteren-

278 4697 365 4759 nalis
380 4693 526 4772 ejusdem
540 4707 612 4769 quae
627 4691 762 4752 brerrrnt
776 4687 943 4766 proposita
958 4699 1071 4746 coram
1126 4683 1212 4754 dam,
1226 4681 1348 4742 nostrae
1358 4677 1528 4739 donationi
1549 4675 1732 4745 servantes,
1748 4671 1909 4734 denuntia·

277 4811 328 4868 ec,
350 4791 524 4872 praedictas
550 4789 677 4850 litteras
693 4785 899 4848 decrevimus
921 4799 987 4843 non
1006 4795 1070 4843 va·
1126 4781 1234 4840 vimus
1249 4777 1380 4838 irritum
1394 4774 1549 4844 etimne,
1567 4772 1595 4832 si
1609 4771 1687 4849 quid
1700 4771 1817 4832 contra
1836 4769 1908 4829 lorcl

278 4896 348 4955 lere
361 4907 399 4952 ac
414 4889 454 4951 ad
472 4887 719 4965 inquisitionem
740 4883 840 4945 aliam
860 4879 1071 4942 obtinendam
1127 4872 1371 4953 quomodolibet
1381 4871 1588 4936 attentatum.
1601 4869 1681 4928 Cum
1692 4867 1796 4942 igitur
1812 4863 1907 4926 medio

278 4991 429 5054 eumdem
443 4989 494 5047 W.
504 5001 570 5046 non
585 4985 740 5044 duximus
750 4978 1074 5042 admittendumve-
1127 4977 1275 5050 tempore
1285 4967 1473 5047 praebenda,
1486 4967 1514 5026 si
1526 4981 1590 5043 qua
1600 4979 1739 5026 vacasse
1748 4964 1783 5024 in
1797 4975 1909 5023 memo-

279 5107 351 5153 rum
367 5086 541 5151 cumidem
561 5085 627 5152 W„
642 5081 728 5142 sicut
742 5077 941 5154 accepimus,
955 5077 1023 5137 tam
1037 5074 1072 5133 in
1128 5071 1200 5133 rata
1213 5067 1354 5130 ecclesia
1365 5063 1589 5140 dignoscatur.
1600 5063 1688 5123 sicut
1701 5061 1825 5122 nostris
1835 5055 1908 5119 auri·

276 5188 416 5268 jndicio,
438 5199 537 5263 quam
552 5182 646 5243 extra
658 5177 832 5256 judicium,
848 5177 918 5235 tum
938 5187 999 5250 per
1017 5187 1071 5243 sc,
1128 5168 1189 5228 bus
1210 5166 1260 5228 est
1280 5163 1433 5234 relatum,
1449 5161 1605 5237 praedicto
1626 5159 1783 5235 episcopo
1809 5157 1907 5216 nostro

278 5289 348 5350 turn
364 5300 423 5362 per
437 5275 716 5353 alios,memorati
728 5277 764 5335 P.
775 5272 964 5350 opinionem
975 5283 1075 5346 super
1129 5265 1279 5326 dedimus
1295 5261 1414 5322 litteris
1435 5258 1471 5319 in
1484 5257 1669 5335 praeceptis,
1687 5257 1733 5326 ut,
1755 5255 1784 5314 si
1801 5252 1905 5316 ostiu,

281 5382 480 5444 monachatu
494 5390 636 5456 gravare
652 5369 880 5448 multipliciter
900 5367 1072 5437 niteretur,
1130 5363 1283 5423 nuntium
1304 5357 1452 5434 ejusdem
1474 5353 1626 5416 canonici
1644 5351 1684 5414 de
1706 5351 1781 5428 ipsa
1811 5350 1908 5410 inves-

281 5496 341 5543 nos
364 5479 429 5556 ipsi
449 5477 515 5546 W„
543 5487 638 5552 quem
659 5485 720 5548 per
732 5470 882 5530 nostrum
905 5465 1075 5542 poeniten·
1130 5461 1216 5522 tiens
1239 5457 1314 5518 vioe
1332 5471 1403 5525 sua,
1427 5453 1559 5514 stallum
1580 5451 1616 5510 in
1636 5449 1739 5511 choro
1757 5449 1789 5511 et
1813 5447 1906 5506 locum

281 5579 417 5641 tlarinm
439 5571 567 5636 absolvi
582 5570 721 5630 lecimus
743 5565 785 5628 ab
806 5563 1077 5627 excommunica·
1132 5561 1165 5619 ln
1191 5554 1336 5632 capitulo
1360 5552 1467 5612 eidem
1489 5549 1619 5610 studeat
1634 5547 1816 5623 assignare.
1840 5543 1905 5602 Cum

282 5679 382 5746 tione,
408 5689 506 5752 quam
536 5684 594 5748 pro
619 5681 718 5728 causa
747 5663 848 5726 simili
875 5659 1076 5724 venerabilis
1133 5657 1233 5734 igilur
1244 5652 1329 5732 quod
1343 5651 1383 5714 de
1399 5647 1589 5726 provisione
1603 5639 1709 5723 ipsius
1727 5637 1904 5716 ii.incoepl-
