3978 6292
74 309 134 370 341

76 469 249 544 praedictae
273 469 451 532 comitissas
476 461 717 548 pertinentibus
739 485 881 546 respon-

75 567 281 644 dere,quum
293 583 333 630 ea
346 585 419 646 quae
432 585 532 645 supra
547 570 680 632 nomine
691 583 751 628 suo
767 569 800 630 et
814 581 878 626 non

75 666 216 726 nomine
238 666 300 728 lilii
317 667 368 726 sui
384 666 515 743 petebat
525 669 581 743 jus
601 666 805 742 respicerent
822 679 880 724 co-

76 761 229 832 mitatus,
244 779 343 840 quem
355 764 427 840 ipsa
444 776 510 824 non
528 780 588 824 suo
602 763 734 824 nomine
749 763 806 824 sed
819 761 878 822 illii

75 861 131 918 sui
160 861 263 932 tenet,
279 859 390 938 utpote
410 861 466 938 qui
486 861 527 922 de
549 861 706 922 comitatu
728 861 800 936 ipso
820 875 879 936 per

74 973 193 1033 regern
208 957 317 1019 iuerat
329 959 503 1021 investitus
516 959 614 1036 prout
628 960 701 1020 erat
713 960 878 1018 notorium

75 1059 113 1116 ut
138 1055 228 1116 idem
250 1055 424 1133 episcopus
452 1057 586 1133 paratus
611 1057 683 1117 erat
704 1071 747 1117 ex
767 1054 877 1116 abun-

74 1151 194 1214 dantia
219 1152 373 1230 probare.
405 1153 503 1214 Prior
530 1154 640 1214 autern
662 1155 695 1214 et
721 1151 879 1228 magister

74 1249 879 1327 praedictiinterlocutiinerantquod,exceptione

76 1348 271 1424 hujusmodi
283 1365 349 1408 non
359 1345 520 1420 obstante,
530 1345 878 1424 tenebaturpraedictis

75 1444 262 1510 comitisse
293 1445 507 1522 petitionibus
531 1444 742 1522 respondere.
771 1446 879 1514 Quare

76 1542 283 1604 memoratus
308 1542 496 1620 episcopus,
513 1542 660 1604 sentiens
689 1557 725 1602 se
745 1541 879 1616 gravari

76 1639 240 1714 praesenti
250 1639 378 1712 cura,si
395 1640 465 1716 ipse
475 1642 591 1702 contra
606 1638 755 1718 eamdem
771 1637 878 1699 comi-

76 1736 199 1796 tissam
216 1737 250 1796 in
262 1753 362 1798 causa
377 1737 749 1814 hujusmodiobtineret,
760 1735 806 1796 nil
816 1734 878 1796 sibi

78 1834 241 1910 proderet
254 1835 334 1912 quin
350 1837 461 1897 analo
475 1837 550 1911 ejus
566 1835 676 1911 posset
690 1846 790 1910 super
808 1831 878 1894 eis-

77 1932 156 1993 dem
171 1932 386 2008 petitionibus
394 1933 577 2004 conveniri,
588 1935 735 1995 nostram
747 1930 881 1992 audien-

75 2031 160 2090 tiam
176 2029 359 2107 appellavit
374 2051 381 2090 ε
396 2029 446 2090 illi
458 2046 539 2092 vero
549 2031 692 2107 perooto
706 2043 838 2090 menses
848 2029 881 2089 et

76 2127 237 2204 amplius,
249 2129 323 2204 posi
337 2127 594 2208 appellationem
612 2128 767 2188 emissam
783 2136 881 2188 coca·

77 2225 175 2286 sione
191 2225 285 2302 pacis
309 2241 382 2302 quae
397 2225 484 2286 inter
498 2225 588 2302 ipsos
611 2240 671 2302 per
689 2238 880 2286 communes

78 2323 311 2384 tractaverunt
327 2323 463 2394 amicos
475 2323 607 2398 negotio
621 2322 734 2384 habito
750 2322 787 2382 iu
799 2337 880 2382 sus-

701 306 930 374 brisiensi.
955 307 1031 367 lan.
1056 307 1112 366 lit*

1670 307 1732 369 342

914 479 918 558 j
974 461 1182 528 Venerabilis
1194 461 1305 528 'lrahr
1320 469 1433 528 noster
1448 465 1624 532 brenensis
1639 465 1732 544 epis·-

935 579 1036 641 copus
1051 566 1205 642 exposuit
1221 565 1391 626 humiliter
1405 579 1516 626 coram
1537 563 1631 626 nobis
1644 565 1731 642 quod

935 660 1734 740 ipsum,occasioneindulgentiaevobi'sabApos-

933 761 1032 822 tolica
1046 761 1133 822 Sede
1157 773 1335 832 concessae,
1353 761 1580 837 multipliciter
1603 775 1729 835 aggra-

933 859 1031 932 vatis,
1046 859 1092 920 ita
1108 858 1194 935 quod
1207 859 1242 919 in
1256 859 1404 935 partibus
1417 859 1536 921 vestris
1548 859 1729 919 ecclesias-

933 957 998 1018 tica
1031 971 1174 1018 censura
1207 957 1429 1018 contemnitur
1459 959 1491 1018 et
1531 955 1732 1032 episcopalis

934 1051 1105 1130 dignitatis
1139 1053 1320 1114 auctoritas
1356 1055 1535 1114 evertatur.
1570 1053 1731 1124 Quocirca

933 1150 1139 1214 nobilitatem
1167 1154 1312 1212 vestram
1350 1151 1547 1212 monendam
1575 1151 1731 1211 duximus

935 1249 966 1308 ei
979 1247 1188 1318 hortandam,
1208 1264 1266 1324 per
1279 1247 1467 1324 apostoliea
1489 1249 1612 1324 scripta
1636 1263 1733 1307 man-

933 1345 1049 1406 dantes
1073 1346 1236 1422 quatenus
1265 1345 1296 1408 et
1321 1345 1513 1424 praedictum
1528 1333 1750 1422 episcopuvm'

934 1457 1031 1518 quem
1040 1444 1175 1519 propter
1185 1442 1358 1518 probitatis
1370 1443 1496 1505 meritis
1507 1441 1730 1518 exigentibus,

934 1556 994 1600 uos
1009 1541 1042 1600 et
1054 1539 1174 1600 hatres
1187 1539 1293 1602 nostri
1309 1539 1468 1600 habemus
1483 1540 1659 1600 admodum
1674 1554 1733 1598 ac-

934 1637 1064 1712 ceptum
1088 1652 1149 1698 nec
1173 1653 1239 1698 non
1261 1636 1346 1697 alios
1372 1635 1526 1697 evicinis
1546 1637 1732 1714 episcopos,
1789 1629 1794 1638 ‘

935 1733 1105 1805 habentes,
1118 1734 1204 1796 sicut
1217 1734 1381 1805 convenit,
1390 1735 1425 1794 in
1436 1735 1623 1795 reverentia
1634 1735 1666 1794 et
1676 1733 1734 1793 ho·

935 1825 1026 1902 nore,
1043 1832 1151 1908 ipsum
1165 1831 1357 1893 nullatenus
1369 1831 1570 1907 aggravetis,
1588 1832 1633 1891 ita
1646 1829 1731 1906 quod

935 1927 1020 2006 apud
1048 1931 1151 2013 Deum
1180 1929 1274 1990 vobis
1298 1930 1452 1990 meritum
1475 1927 1671 2006 comparetis
1699 1929 1733 1988 et

935 2027 1022 2102 apud
1037 2025 1189 2088 homines
1202 2041 1323 2088 nomen
1342 2025 1476 2098 bonum,
1489 2041 1614 2103 nosque
1629 2023 1733 2086 devo-

936 2125 1058 2185 tionem
1079 2125 1223 2186 vestram
1240 2125 1406 2201 possimus
1428 2124 1546 2184 merito
1561 2138 1734 2183 commen-

936 2221 1025 2282 «lare.
1041 2223 1158 2283 Datum
1169 2221 1320 2294 viterbii,
1334 2223 1364 2282 li
1378 2221 1422 2282 id.
1438 2219 1636 2292 novembris,
1655 2235 1734 2296 pou-

936 2320 1079 2380 tilicatus
1094 2319 1199 2381 nostri
1213 2335 1301 2406 anno
1313 2319 1442 2404 quarto.

79 2436 198 2496 penso,
212 2420 402 2497 episcopum
417 2420 615 2482 citaverunt.
630 2419 723 2481 Unde
736 2419 809 2496 ipse
823 2419 878 2482 vi·
964 2461 966 2466 .

78 2517 163 2579 dens
188 2518 266 2578 illos
286 2519 401 2579 contm
422 2533 458 2578 se
480 2518 554 2593 plus
576 2517 686 2578 debito
698 2517 879 2586 animosos,

81 2615 121 2675 ad
140 2615 262 2676 sedem
274 2615 497 2692 apostilicam
515 2631 582 2676 non
596 2615 669 2676 sine
681 2614 812 2690 magnis
829 2613 883 2674 la·

79 2713 220 2776 boribus
244 2716 276 2774 et
291 2712 447 2790 expensis
462 2713 683 2800 personaliter
703 2712 879 2774 laboravit.

80 2811 246 2884 Quocirca
261 2809 453 2872 discretioni
476 2813 598 2872 vestrae
613 2826 673 2887 per
690 2809 881 2886 Apostolio'a

81 2909 210 2986 scripta
222 2907 419 2968 mandamus
435 2910 597 2985 quatenus
621 2908 650 2968 si
668 2910 719 2970 est
730 2908 768 2968 in
781 2911 882 2972 'revo-

81 3009 155 3068 cato
171 3009 210 3066 in
225 3007 346 3068 statum
360 3005 517 3078 debitum,
533 3007 562 3066 si
581 3004 659 3082 quid
673 3008 747 3081 post
764 3005 882 3082 nujus-

81 3105 170 3166 modi
192 3103 450 3180 appellationem
465 3103 664 3164 inveneritis
685 3105 810 3164 temere
829 3103 883 3164 at-

81 3206 259 3274 tentatum,
280 3200 430 3278 pastibus
456 3199 659 3272 convocatis,
681 3215 816 3262 causam
848 3201 882 3262 ei

81 3300 309 3377 appellatione
324 3300 451 3360 remota
471 3299 536 3360 fine
554 3298 663 3360 debito
683 3297 878 3368 terminetis,

81 3399 244 3460 iacientes
266 3397 353 3474 quod
377 3396 594 3458 decreveritis
618 3411 678 3471 per
705 3411 880 3457 censuram

80 3495 344 3557 ecclesiasticam
360 3495 502 3556 firmiter
516 3492 706 3566 observare,
731 3494 881 3571 alioquin

82 3597 196 3668 partes
212 3593 253 3653 ad
269 3593 418 3669 priorum
435 3592 586 3668 judicum
608 3599 748 3653 examen
766 3591 883 3668 appel-

82 3691 193 3753 lantes
214 3691 249 3752 in
271 3692 427 3768 expensis
445 3689 594 3766 legitime
609 3689 879 3751 condemnantes.

81 3789 198 3851 Testes
210 3789 322 3850 antem
333 3787 532 3865 quiiuerunt
542 3787 716 3858 nominati,
727 3787 801 3847 sise
809 3801 883 3862 gra-

83 3887 139 3956 tia,
157 3886 248 3958 odio,
262 3886 315 3946 vel
340 3886 460 3948 timore
483 3885 713 3948 subtraxerint
739 3899 882 3946 censura

81 3984 198 4056 simili,
214 3983 437 4060 appellatione
456 3985 621 4055 cessante,
638 3982 765 4058 cogatis
788 3981 882 4044 veri-

81 4081 140 4142 tati
172 4081 400 4142 testimonium
428 4080 618 4157 peritior-03
648 4078 788 4156 quodsi
814 4095 882 4140 nou

82 4193 200 4240 ornnes
213 4179 267 4239 his
282 4178 502 4256 exsequendis
515 4178 691 4254 potueritis
707 4177 880 4245 interesse,

82 4277 146 4338 duo
171 4279 386 4338 vestrumea
412 4275 630 4338 nihilominus
645 4277 880 4354 exsequantur.

83 4377 203 4437 batum
219 4373 370 4446 Viterbii,
384 4377 413 4436 ll
435 4374 509 4436 idus
532 4371 733 4446 novembris
747 4373 883 4451 pontill-

83 4477 179 4534 catus
193 4471 301 4534 nostri
317 4488 406 4534 atino
420 4474 549 4549 quarto.
595 4498 597 4507 ·

410 4631 555 4719 XLVII

121 4759 175 4818 Ad
197 4759 384 4820 Blariacum
407 4757 620 4818 cmiiiiissum
643 4757 864 4828 corripientia,

343 4858 483 4928 musque
501 4855 623 4926 filiurn.

345 4967 379 5024 lx
391 4967 525 5025 novemb.
543 4967 622 5025 lala.

84 5073 218 5138 [biblioth.
230 5073 373 5132 Nadcnale,
386 5073 547 5130 ilanuserits,
562 5072 639 5124 {onds
653 5073 727 5124 latin.
737 5085 762 5123 n.
773 5072 836 5123 asae
849 5073 881 5131 Α,

307 5153 364 5206 Lib.
380 5153 540 5218 pontificum,
553 5153 599 5202 iol.
612 5153 665 5218 ib]

83 5251 201 5310 llandat
212 5259 245 5310 ut
257 5253 402 5310 comitissa
413 5253 584 5310 irecensem
595 5253 762 5324 episcopum
773 5259 801 5310 et
811 5251 883 5310 alios

207 5342 394 5414 coepiscopos
410 5341 515 5398 habeat
526 5341 758 5400 coruncanius.

123 5448 303 5520 Honorius,
327 5451 413 5519 eta:
426 5449 556 5511 dilectis
580 5449 658 5510 liliis
679 5449 783 5510 nobili
803 5464 881 5510 rnu-

86 5545 159 5606 lieri
183 5545 361 5608 comitissae
385 5545 573 5622 Campaniae
595 5547 628 5608 et
648 5548 683 5607 T.
711 5547 788 5609 nato
809 5549 882 5624 ejus

87 5645 226 5704 salutern
242 5645 275 5706 et
290 5643 505 5720 apostolicam
521 5643 795 5706 benedictionem.

1251 2477 1417 2566 XLVIII

935 2596 986 2664 aa
1004 2607 1287 2678 archiepiscopos,
1316 2607 1500 2678 episcopos,
1529 2587 1729 2671 cocosates,

973 2703 1112 2776 priores
1139 2703 1172 2762 ct
1194 2705 1279 2762 ulios
1310 2698 1532 2762 ecelesiarum
1566 2699 1732 2776 praelatos

942 2801 948 2888 j
972 2799 1255 2873 perilispauiam
1272 2798 1485 2860 constitutos.

1235 2911 1443 2993 reticulato.
1486 2988 1489 2996 ,
1524 2955 1527 2978 ,
1564 2980 1588 2998 Η

1102 3017 1217 3082 [bipedi.
1230 3017 1295 3068 noll.
1307 3016 1412 3067 Prudie.
1424 3017 1444 3076 l,
1455 3016 1479 3076 8,
1493 3031 1519 3066 n.
1535 3017 1573 3082 9.]

936 3119 1017 3188 ipsos
1041 3124 1125 3192 rogat
1143 3123 1173 3174 ui
1185 3117 1292 3174 latores
1307 3116 1489 3188 praesentium
1504 3097 1605 3173 iratres
1625 3113 1736 3172 ordinis

971 3205 1191 3264 Pvmdicatorum
1205 3203 1333 3278 benigne
1347 3203 1485 3278 recipiant
1500 3217 1533 3262 ac
1548 3219 1598 3262 eos
1611 3201 1735 3260 habeant

971 3293 1198 3352 commendatos.
1494 3359 1496 3362 ¹

977 3399 1155 3466 Honorius,
1186 3399 1261 3472 eto,
1298 3398 1542 3460 venerabilibus
1577 3393 1736 3461 iratribus

937 3497 1209 3576 archiepiscopis,
1222 3498 1387 3582 episcopis
1396 3513 1436 3560 ac
1449 3496 1578 3578 dilectis
1595 3495 1673 3557 liliis
1682 3493 1737 3556 ab·

937 3594 1078 3668 batibus,
1095 3595 1262 3674 prioribus
1277 3597 1310 3657 et
1329 3594 1405 3656 aliis
1421 3595 1637 3658 ecclesiarum
1653 3610 1735 3670 praa-

937 3693 1013 3754 latis
1029 3709 1088 3772 per
1102 3693 1299 3772 Hispaniam
1321 3693 1520 3766 constitutis,
1542 3691 1682 3756 salutem
1702 3691 1736 3754 et

938 3790 1154 3868 apostolicam
1169 3789 1444 3854 benedictionem.

980 3888 1014 3948 Si
1026 3904 1188 3965 personas
1210 3888 1385 3964 religiosas
1401 3887 1542 3963 diligere
1567 3902 1606 3948 ac
1622 3887 1733 3948 hono-

938 4000 1014 4046 rare
1032 3986 1166 4057 curetis,
1183 3987 1262 4057 Deo,
1282 3985 1484 4066 cuiservire
1505 4000 1647 4061 regnare
1671 3985 1733 4057 est,

938 4083 1019 4143 satis
1034 4084 1165 4158 gratum
1179 4071 1372 4159 obsequium
1387 4079 1563 4154 exhibetis,
1580 4080 1636 4159 qui
1647 4081 1734 4158 quod

940 4180 996 4240 uni
1011 4196 1054 4241 ex
1067 4179 1213 4241 minimis
1229 4180 1298 4240 suis
1323 4181 1369 4252 ili,
1387 4179 1450 4240 sibi
1466 4179 1539 4241 iieri
1552 4180 1733 4240 asseverat.

940 4281 1106 4354 Rogamus
1134 4277 1272 4354 proinde
1297 4277 1675 4362 devotionemnvestram
1704 4277 1737 4338 et

940 4375 1156 4438 exhortamur
1183 4375 1317 4446 attente,
1344 4389 1404 4450 per
1426 4371 1618 4451 Apostolica
1641 4373 1736 4434 vohis

940 4473 1063 4550 scripta
1079 4471 1285 4544 mandantes,
1304 4473 1466 4549 quatenus
1488 4470 1628 4532 dilectos
1649 4471 1736 4532 tilios

941 4572 1063 4632 latores
1081 4570 1294 4647 praesentium
1318 4569 1445 4630 ordinis
1460 4568 1734 4642 Praedicatoruvn,

940 4684 1079 4745 quorum
1110 4667 1190 4728 [vtile
1228 4666 1450 4729 ministerium
1482 4668 1515 4730 et
1541 4667 1737 4743 religionem

939 4764 1105 4826 credimus
1121 4765 1189 4824 lieo
1212 4765 1354 4839 maian,
1378 4764 1414 4824 in
1434 4779 1549 4824 eorum
1575 4762 1737 4832 laudabili

939 4861 1108 4938 proposito
1125 4860 1339 4922 confoventes
1353 4860 1395 4922 ad
1410 4860 1557 4922 osticium
1572 4861 1738 4938 praedica-

938 4959 1049 5030 tionis,
1067 4958 1108 5018 ad
1122 4957 1208 5035 qtrod
1225 4957 1373 5034 deputati
1398 4958 1627 5029 sunt-curetis
1651 4957 1735 5019 bene

938 5057 1100 5133 recipere,
1130 5072 1170 5116 ac
1196 5055 1354 5118 babentes
1386 5073 1443 5117 eos
1470 5073 1529 5132 pro
1558 5056 1672 5118 nostra
1702 5057 1735 5116 et

938 5153 1136 5230 apostoliea
1157 5153 1251 5215 Sedis
1272 5154 1460 5215 reverentia
1475 5151 1733 5224 commendatos,

937 5253 973 5313 in
1003 5253 1074 5314 suis
1103 5251 1152 5314 eis
1184 5251 1438 5316 necessitatibus
1465 5248 1646 5322 assistatis,
1678 5250 1736 5327 qui

937 5349 1080 5412 Verbum
1092 5350 1152 5412 Dei
1167 5350 1272 5424 gratis
1292 5351 1325 5411 et
1341 5348 1484 5410 fideliter
1499 5348 1731 5423 proponentes

937 5447 1137 5510 intendendo
1172 5445 1372 5524 profectibus
1398 5445 1598 5516 animarum,
1627 5445 1735 5521 ipsum

937 5547 1113 5608 Dominum
1125 5543 1364 5614 solumsecuti,
1382 5543 1587 5618 paupertatis
1604 5542 1734 5604 titulum

939 5644 1157 5722 praetulerunt
1173 5655 1310 5718 :preces
1332 5641 1364 5703 et
1380 5638 1570 5702 marnlatnm
1587 5640 1736 5704 nostrum
