4198 6322
307 345 346 408 ce
498 301 507 308 ’
926 349 1101 411 nosoan
1124 351 1169 410 111
1190 351 1341 412 oanni.
1898 358 1958 417 roo

309 499 416 583 ips'um
431 506 467 567 in
481 506 549 568 illis
561 507 723 579 ecclesiis,
740 523 814 585 quae
830 507 930 570 talem
944 507 1106 576 hactenus
1161 509 1371 585 generatque
1386 523 1500 571 omnes
1512 512 1648 574 omnino
1662 511 1787 586 clerici,
1801 516 1868 576 tam
1883 513 1964 576 snb-

309 603 581 666 ccnsnetudinem
607 604 815 677 habuerunt,
853 621 894 667 ac
924 607 1108 668 commoni·
1162 607 1221 668 diti
1241 623 1338 686 quam
1350 607 1491 684 praelati,
1507 607 1699 672 vicesimam
1714 611 1963 674 ecclesiastico-

308 702 432 763 tionem
454 703 487 762 et
510 703 694 779 jussionem
721 704 871 781 episcopi
895 705 1107 779 corrigantur
1161 719 1235 765 rum
1260 705 1479 782 proventuum
1497 721 1517 766 a
1532 707 1679 785 tempore
1703 709 1853 785 praedicti
1872 713 1963 771 Gon-

308 798 396 861 infra
424 800 602 862 terminum
630 801 870 879 competentem
893 801 1105 880 abepiscopo
1161 802 1231 863 ciiii
1251 819 1355 880 usque
1377 803 1418 863 ad
1436 803 1617 865 triennium
1640 806 1771 882 integre
1789 807 1965 869 conterant

309 897 555 973 praeligendum.
581 898 737 976 Alioquin
761 915 805 961 aa
827 901 908 962 tunc
931 901 1105 978 episcopus
1160 900 1195 960 in
1208 899 1392 961 subsidium
1407 903 1519 962 Terrae
1536 903 1676 974 Sanctae,
1691 920 1750 980 per
1762 920 1880 966 manus
1902 921 1964 967 eo-

307 998 410 1055 Deum
426 995 551 1057 liabens
571 1011 641 1073 prae
662 997 779 1070 oculis,
796 999 899 1075 ipsos,
916 998 1013 1076 prout
1028 997 1106 1059 ani·
1144 993 1235 1059 'rum
1250 999 1306 1076 qui
1322 999 1363 1060 ad
1377 999 1440 1061 hoc
1452 999 1576 1062 inerint
1586 1002 1776 1078 apostolica
1789 1004 1966 1080 providen-

306 1107 434 1154 marum
449 1095 693 1172 curarequirit
708 1111 955 1173 percensuram
973 1095 1106 1158 canoni·
1159 1095 1207 1156 tia
1222 1096 1376 1170 ordinati,
1393 1111 1471 1160 ecce
1482 1098 1639 1160 dilectum
1650 1099 1754 1160 illium
1765 1101 1962 1163 arcontium

307 1207 379 1250 cam
400 1193 567 1268 corrigere
592 1209 658 1254 non
682 1197 869 1271 postponat,
891 1193 1104 1271 praesentium
1161 1191 1399 1255 subdiaconum
1424 1197 1457 1256 et
1485 1195 1693 1274 capellanum
1716 1197 1881 1271 nostrum,
1904 1200 1961 1260 vi-

305 1289 399 1350 vobis
414 1288 611 1352 anctoritate
625 1292 847 1364 concedimus,
860 1293 896 1354 ut
908 1293 997 1356 circa
1009 1307 1106 1353 cano·
1160 1305 1233 1352 rum
1248 1292 1360 1369 utique
1376 1293 1549 1369 providum
1562 1295 1595 1356 et
1605 1293 1794 1368 discretum,
1811 1295 1853 1358 de
1864 1298 1962 1374 cujus

307 1386 415 1458 nicos,
446 1388 479 1448 et
507 1388 648 1450 clericos
675 1389 826 1451 ecclesiae
854 1391 975 1452 vestrae
999 1390 1104 1452 forma
1160 1388 1224 1449 ilde
1247 1404 1287 1449 ac
1314 1389 1490 1452 devotione
1514 1390 1646 1467 plenam
1666 1393 1702 1453 in
1723 1392 1862 1454 Domino
1876 1393 1965 1454 ildu-

306 1484 523 1546 correctionis
533 1484 723 1564 hujusmodi
736 1487 940 1560 observetur,
958 1501 1104 1564 praeser—
1160 1486 1246 1547 ciam
1260 1485 1458 1560 obtinemus,
1470 1491 1606 1565 propter
1616 1489 1679 1551 boc
1686 1489 1728 1550 ad
1741 1490 1854 1567 partes
1867 1493 1967 1553 ilun-

307 1581 367 1642 tim
404 1598 480 1643 cum
505 1599 565 1661 per
586 1583 767 1661 capitulum
794 1585 956 1648 hactenus
982 1585 1105 1662 corrigi
1160 1583 1263 1659 gamas
1295 1585 1573 1658 transmittentes,
1601 1586 1844 1649 maternitatem
1869 1589 1963 1650 tuam

307 1681 544 1742 consueverint
577 1683 814 1744 canonicorum
847 1684 880 1745 et
909 1683 1106 1746 clericorum
1160 1696 1331 1743 monemus
1344 1683 1379 1744 et
1393 1682 1567 1744 hortamur
1581 1685 1704 1746 attente
1723 1699 1763 1746 ac
1781 1699 1841 1762 per
1854 1687 1964 1763 Apos-

304 1781 491 1840 vestrcrum
511 1793 680 1842 excessus.
706 1781 799 1842 Nulli
818 1795 909 1856 ergo,
926 1781 1002 1853 etc,
1019 1781 1106 1842 banc
1159 1779 1320 1856 postolica
1345 1781 1468 1856 scripta
1489 1780 1550 1842 tibi
1573 1782 1609 1842 in
1624 1782 1747 1844 virtute
1762 1781 1962 1846 obedientiae

308 1875 463 1952 paginam
472 1878 594 1938 nostrae
604 1878 831 1940 concessionis
839 1879 1032 1954 intringere,
1041 1879 1104 1940 etc.
1161 1877 1309 1940 districte
1332 1877 1556 1956 precipiendo
1574 1880 1781 1954 mandamus,
1796 1887 1961 1959 qtrateum

308 1973 343 2034 Si
358 1975 432 2050 quis
445 1977 566 2048 autem,
582 1975 644 2036 etc.
655 1977 772 2038 Datum
779 1976 936 2040 Laterani
946 1978 1036 2040 xvii
1048 1976 1107 2038 lra-
1160 1975 1352 2036 vicesimam
1376 1975 1507 2038 tuorum
1529 1979 1758 2054 proventuum,
1780 1995 1880 2056 quam
1895 1982 1962 2041 tuae

305 2071 421 2132 tendas
431 2070 591 2133 februarii
607 2089 695 2134 anno
707 2075 818 2136 tertio.
934 2070 936 2074 ’
1160 2072 1326 2144 dioecesis,
1343 2089 1417 2150 quae
1428 2075 1572 2136 nondum
1586 2075 1725 2138 collecta
1741 2079 1801 2148 est,
1821 2075 1965 2154 colligas

529 2192 534 2203 ·
1161 2170 1358 2246 diligenter,
1384 2171 1656 2245 contradictores,
1685 2172 1795 2251 siqui
1823 2173 1959 2247 luerint,

689 2224 716 2310 G
1159 2267 1213 2330 vel
1236 2266 1390 2340 rebelles,
1407 2283 1467 2345 per
1486 2285 1661 2331 censuram
1685 2271 1958 2344 ecclesiasticam,

324 2347 376 2406 Ad
393 2349 562 2408 doartncm
582 2347 858 2424 SWUOWWW
880 2351 1082 2424 atsslltssilssc·
1160 2365 1382 2442 appellatione
1417 2366 1615 2443 postposita,
1644 2367 1901 2444 compescendo,
1929 2369 1965 2430 ct

596 2462 629 2518 17
645 2461 707 2535 jau.
732 2463 810 2520 lala.
1160 2463 1228 2524 tam
1252 2463 1425 2526 collectam
1447 2479 1546 2541 quam
1563 2465 1802 2540 colligendam,
1829 2481 1962 2527 necnon

305 2565 394 2630 [tejas
408 2566 492 2618 uoces
504 2567 621 2631 diplom,
633 2567 675 2624 111,
689 2583 708 2627 ι,
724 2568 778 2618 ars.
806 2569 921 2628 ricinos,
941 2571 1107 2622 marmeno
1160 2562 1335 2638 pecuniam
1355 2562 1390 2622 in
1412 2561 1539 2623 truncis
1554 2562 1727 2624 collectam
1740 2564 1774 2624 et
1788 2563 1890 2624 aliam
1906 2579 1962 2625 re-

535 2643 679 2710 uulgaria,
694 2646 713 2708 ¹2
726 2645 763 2706 ¹⁸·
779 2661 806 2697 ¹¹·
821 2647 872 2710 Ἀ]
1160 2661 1288 2736 ceptam
1311 2675 1372 2736 pro
1398 2660 1624 2737 redemptione
1640 2662 1793 2724 votorum
1818 2661 1964 2723 ildeliter

510 2745 548 2803 t't
576 2745 692 2818 ⁰⁰l¹ie³¹
714 2746 891 2803 vicesimam.
1160 2757 1233 2818 sine
1247 2757 1466 2820 diminutione
1486 2757 1643 2836 qualibet,
1663 2758 1821 2835 praedicto
1840 2760 1961 2822 nuntio

346 2855 523 2926 Honorius,
545 2856 619 2925 etc,
646 2853 830 2916 venerabili
844 2854 977 2916 tratri...
992 2849 1106 2918 archi·
1160 2853 1292 2916 studeas
1307 2855 1496 2930 assignare:
1512 2855 1961 2934 aliaseidemsupernegotic

305 2952 460 3029 episcopo
469 2951 701 3027 strigoniensi,
723 2954 785 3014 etc.
1160 2951 1348 3030 hujusmodi
1368 2951 1410 3014 ob
1425 2953 1647 3014 reverentiam
1661 2953 1809 3015 divinam
1824 2955 1857 3016 et
1876 2969 1960 3016 nos-

345 3049 463 3110 Dilecti
479 3049 722 3112 liliiexercitus
739 3049 942 3112 christianus
958 3067 1027 3112 rem
1044 3067 1107 3127 pu·
1159 3049 1245 3110 tram
1278 3049 1488 3127 impensurus
1525 3051 1704 3112 consilium
1735 3053 1769 3114 et
1793 3052 1959 3113 auxilium

305 3147 425 3210 blicam
438 3147 669 3208 universorum
682 3148 958 3210 christifidelium
969 3149 1106 3226 agentes
1161 3147 1390 3224 opportunum,
1407 3147 1453 3210 ita
1474 3147 1560 3225 quod
1578 3149 1611 3210 et
1629 3149 1743 3216 Deum,
1758 3151 1854 3226 cujus
1871 3149 1962 3226 prin·

306 3244 451 3306 viriliter
463 3245 496 3306 et
511 3244 663 3321 potenter
676 3246 712 3305 iu
735 3245 883 3320 partibus
907 3246 1106 3308 trans-ari·
1161 3243 1315 3321 cipaliter
1339 3261 1440 3307 caraea
1467 3245 1610 3321 geritur,
1635 3246 1815 3323 propitium
1839 3249 1873 3308 et
1898 3261 1962 3308 nos

305 3341 369 3413 nis,
395 3341 472 3402 dum
496 3341 536 3402 ad
558 3341 793 3402 vindicandam
813 3342 972 3418 injuriam
995 3341 1106 3404 crucia
1160 3340 1221 3402 tibi
1249 3341 1349 3402 etiam
1374 3339 1496 3402 reddas
1518 3341 1718 3403 favorabiles
1736 3344 1769 3403 et
1786 3341 1961 3418 benignos.

306 3439 440 3512 Christi,
457 3440 490 3502 et
510 3439 646 3510 terram,
664 3439 777 3516 inqua
795 3438 895 3516 pedes
917 3443 989 3517 eJus
1004 3440 1107 3502 stete-
1161 3439 1279 3500 batum
1303 3438 1459 3499 Laterani
1480 3441 1555 3499 XVI
1576 3437 1643 3499 kal.
1660 3437 1833 3510 februarii,
1850 3439 1965 3518 ponti-

305 3539 395 3608 runt‚
421 3536 461 3598 de
486 3536 688 3613 perfidorum
703 3535 857 3597 manibus
872 3537 1106 3600 vindicandam
1162 3536 1281 3598 beatus
1295 3537 1401 3598 nostri
1416 3552 1504 3598 anno
1519 3537 1628 3599 tertio.

306 3633 521 3696 laudabiliter
530 3634 675 3696 animam
688 3650 782 3695 suam
795 3635 934 3712 ponunt,
946 3651 1021 3698 cum
1035 3637 1105 3698 tam

307 3735 474 3810 nequeant
495 3732 634 3794 ulterius
660 3731 730 3792 suis
755 3732 904 3794 totaliter
931 3732 1107 3810 stipendiis
1534 3725 1583 3810 CI

308 3830 463 3902 militare,
475 3829 620 3892 clamant
630 3829 670 3890 ad
683 3845 754 3901 nos,
767 3845 882 3906 preces
897 3830 1061 3907 supplices
1074 3832 1107 3894 et
1221 3861 1274 3920 Aa
1289 3858 1444 3920 abbatem
1460 3857 1578 3919 Sami
1592 3859 1691 3932 crept,
1710 3857 1890 3918 cantorem

307 3929 398 3990 omni
411 3927 525 3990 favore
538 3927 751 4003 dignissimas
766 3927 977 4002 effundende,
994 3930 1030 3990 ut
1042 3927 1107 3990 sibi
1280 3957 1315 4018 et
1329 3958 1497 4017 decanum
1513 3955 1631 4016 Sancti
1644 3955 1820 4030 Stephani·

307 4029 375 4088 tam
397 4026 432 4086 in
445 4025 645 4086 victualibus
663 4041 761 4103 quam
777 4027 917 4103 pecunia
929 4042 1057 4088 necnon
1072 4027 1107 4088 in
1456 4069 1490 4136 Π
1507 4075 1552 4134 ‚an
1577 4075 1646 4135 lm

290 4122 385 4184 'aliis
397 4122 516 4194 modis,
530 4122 649 4199 quibus
664 4137 850 4199 possumus,
866 4123 1019 4185 celeriter
1031 4140 1108 4186 suc·
1333 4193 1338 4203 ,
1456 4093 1512 4202 „¹
1556 4119 1563 4134 '
1649 4120 1656 4134 '
1886 4137 1895 4203 g

308 4235 493 4292 curramus,
518 4219 604 4281 sicut
623 4219 784 4296 cupimus,
807 4236 850 4281 ne
866 4221 1032 4293 deficiant,
1049 4221 1106 4283 sed
1191 4192 1367 4258 [¹³⁰⁸”k’hb'
1378 4191 1420 4250 111,
1435 4195 1508 4256 ΨΜ·
1519 4191 1573 4242 ²³³·
1584 4192 1642 4242 Μ’*
1653 4192 1820 4243 ¹⁴⁸P⁰¹¹⁶d¹¹
1833 4191 1929 4258 M]

308 4317 484 4397 perticiant
499 4317 651 4394 praelium
663 4317 794 4378 Domini
804 4318 987 4395 praeliando
1000 4341 1006 4379 :
1020 4319 1107 4382 unde
1185 4310 1228 4368 ΝΘ
1244 4315 1343 4366 contra
1360 4307 1555 4408 indagacem
1568 4315 1598 4364 et
1609 4307 1760 4380 ltilflessifl
1776 4307 1940 4369 m010⁸t⁸fi⁰

305 4402 377 4488 nos,
405 4415 462 4493 qui
490 4414 789 4476 adliberationem
812 4416 912 4477 terrae
939 4415 1107 4492 predicta
1487 4395 1633 4454 mmm·
1716 4407 1719 4414 ’

308 4517 400 4576 tanto
414 4512 594 4584 ardentius,
612 4511 796 4589 inspirante
810 4513 960 4585 Domine,
977 4511 1109 4590 aspira·
1197 4504 1840 4578 Honorius,etc.,dilectisilliis...abbati
1848 4506 1962 4568 Sancti

309 4625 395 4682 mus,
420 4611 543 4686 quanto
566 4607 688 4671 Christi
712 4625 847 4672 causam
872 4612 984 4686 utpote
1002 4609 1107 4687 ipsius
1162 4603 1820 4684 Lupi...cantorimajorisecclesiaeet...
1834 4603 1963 4666 decano

309 4707 439 4779 vicarii,
468 4707 547 4768 licet
565 4707 723 4768 immeriti
747 4708 929 4779 constituti,
956 4709 1109 4770 tenemur
1163 4704 1275 4767 Sancti
1291 4701 1599 4778 StephaniTrecen.

308 4819 425 4884 gerere
437 4803 627 4881 specialius,
643 4803 903 4881 quinquemillia
918 4821 1107 4867 marcarum
1202 4800 1306 4864 Nobis
1321 4799 1549 4876 principaliter
1558 4796 1714 4876 injuriosi
1724 4797 1890 4870 videntur,
1901 4800 1962 4877 qui

308 4903 342 4964 et
355 4901 447 4963 mille
465 4899 734 4962 ducentaalibras
749 4903 1109 4979 proventuum,praeter
1162 4901 1277 4962 contra
1290 4896 1513 4972 indulgentias
1523 4895 1739 4973 etprivilegia
1752 4895 1847 4956 Sedis
1856 4899 1963 4973 Apos-

309 4997 1109 5076 naulumsteliasmultascxpensasquasaoma·
1161 4997 1270 5060 tolicae
1294 5010 1478 5074 quosquam
1506 4993 1659 5056 uittintur
1675 4994 1803 5055 temere
1826 4995 1963 5071 pentum

309 5099 362 5160 nis
373 5094 615 5172 crucesignatis
629 5092 791 5168 dedimus,
804 5097 844 5158 ad
854 5097 1108 5160 subventionem
1162 5095 1253 5167 bare,
1263 5093 1437 5156 molientes
1452 5092 1568 5154 contra
1581 5090 1704 5152 nostrae
1719 5090 1962 5167 plenitudinem

308 5195 459 5276 praedicti
471 5193 640 5256 exercitus
667 5193 707 5254 de
729 5209 860 5256 camera
876 5197 989 5258 nosue
1002 5209 1109 5272 nuper
1162 5191 1353 5271 potestatis,
1366 5191 1444 5252 dum
1460 5204 1500 5251 ea
1511 5187 1738 5250 irreverenter
1750 5188 1961 5265 impugnant.

310 5294 515 5374 providimus
539 5290 745 5354 destinanda.
767 5291 832 5354 Sed
852 5294 930 5372 quta
945 5291 1017 5356 baec
1029 5295 1108 5356 eunt
1163 5293 1270 5364 Quum
1282 5289 1384 5366 igitur
1402 5287 1489 5350 siem
1500 5286 1615 5349 dilecti
1631 5285 1694 5347 dlii
1707 5285 1812 5347 abbas
1829 5287 1864 5350 et
1878 5302 1965 5349 con-

310 5391 439 5454 modica
453 5389 543 5451 inter
560 5389 670 5454 tantos
685 5391 829 5470 expedit,
846 5391 1004 5455 utadbuc
1022 5389 1108 5453 alias
1161 5391 1280 5452 ventus
1307 5385 1420 5448 saneti
1438 5383 1582 5460 Remigii
1601 5385 1738 5446 Remea.
1755 5383 1882 5446 nostris
1894 5399 1964 5446 au-

311 5487 536 5564 eis-copiosius
545 5503 743 5551 succurrere
752 5489 958 5561 festinemus,
967 5485 1108 5566 nequod
1162 5485 1254 5550 ribus
1268 5483 1474 5554 intiraarunt,
1486 5480 1641 5544 nonnulli
1654 5481 1771 5543 contra
1788 5479 1965 5557 indulgen·

311 5587 408 5659 absit,
425 5599 518 5646 mora
540 5584 722 5662 periculum
738 5587 779 5647 ad
801 5601 837 5649 ss
854 5587 977 5648 trabat
999 5589 1115 5658 Quum·
1161 5585 1226 5647 tias
1252 5585 1286 5644 et
1321 5579 1497 5660 privilegia
1531 5591 1647 5644 eorum
1680 5577 1887 5640 monasterio
1921 5577 1965 5640 ab

312 5686 424 5762 igitur,
439 5683 525 5745 sicut
538 5685 614 5756 scis,
627 5683 784 5747 statutum
797 5684 897 5746 iuverit
908 5685 945 5746 lu
959 5685 1106 5748 Concilio
1162 5681 1350 5758 apostolica
1374 5677 1457 5740 Sede
1483 5691 1652 5749 concesse,
1681 5676 1779 5752 ipsos
1800 5675 1966 5752 multipli-
