3988 6306
891 303 1067 368 HONORII
1090 307 1135 368 111
1156 307 1305 370 OPERA.

557 487 778 578 CLXXXVI

338 631 390 690 Act
409 630 564 692 abbatem
577 631 695 692 Sancti
708 635 796 706 Lupi
815 635 1003 694 Trecerrstr.
1048 663 1051 668 ·

548 753 583 810 it)
597 751 694 825 aprilis
706 753 787 811 iiio.

306 857 425 921 marest,
437 857 481 907 lib.
493 858 882 922 111,0pisr.as³.iixs.1.si³ona
894 859 927 910 du
940 859 1034 926 rheti]

324 963 464 1021 Abbatem
478 963 514 1022 de
525 971 592 1022 voto
606 965 865 1038 hierosolymitano
880 965 1009 1024 absolvit.

311 1081 489 1154 Honorius,
499 1081 704 1154 etc.,dilecto
716 1081 941 1144 tilio...abbati
951 1080 1065 1144 Sancti

273 1177 355 1254 Lupi
367 1179 504 1240 Trecen.

311 1275 429 1338 Dilecti
442 1274 504 1335 tilii
519 1275 700 1338 conventus
715 1275 907 1338 monasterii
930 1276 979 1338 tui
1002 1291 1065 1337 no-

270 1370 321 1432 bis
333 1372 504 1433 humiliter
520 1373 749 1450 supplicarunt
763 1373 991 1449 multiplicatis
1005 1373 1063 1433 in-

269 1469 510 1530 tercessoribus
548 1471 784 1546 plurimorum,
814 1471 851 1532 ut
887 1485 961 1531 cum
992 1471 1064 1531 sine

270 1559 1064 1645 gravidispendioeJusdemmonasteriinequeas

198 1692 202 1700 ·
270 1664 409 1741 exsequi
432 1665 545 1726 votum
569 1665 689 1737 crucis,
711 1667 743 1728 te
766 1663 809 1727 ab
836 1678 875 1725 eo
889 1662 1064 1726 absolvere

268 1759 492 1837 dignaremur,
532 1763 805 1841 praesertimcum
829 1761 929 1824 etiam
952 1763 1064 1822 Terra

271 1859 399 1928 Sanctae
415 1860 520 1935 magis
545 1858 710 1937 expediat,
736 1859 772 1922 ut
797 1857 991 1921 monasterii
1011 1856 1065 1920 vi-

269 1955 392 2016 cesima
404 1955 438 2016 in
451 1956 598 2034 ejusdem
617 1957 716 2018 terrae
731 1956 915 2018 subsidium
936 1955 1064 2033 diriga-

267 2055 332 2126 tur,
346 2069 443 2130 quam
456 2054 492 2114 tu
507 2053 615 2114 eundo
630 2053 710 2115 iiiuc
721 2054 883 2116 inutiliter
895 2053 1063 2130 expendas

268 2149 428 2212 eamdem.
454 2151 522 2212 Nos
550 2151 653 2226 igitur
679 2151 815 2227 provide
843 2150 1061 2223 attendentes,

268 2248 353 2326 quod
370 2264 444 2308 cum
455 2248 826 2325 adpugnandumarmis
833 2248 1062 2311 materialibus

268 2347 397 2408 ratione
419 2344 521 2406 oliicii
547 2345 593 2406 sis
618 2345 759 2423 ineptus,
783 2347 817 2407 et
828 2345 947 2407 absens
962 2345 1062 2408 etiam

269 2443 371 2503 armis
391 2442 622 2519 spiritualibus
637 2442 744 2504 eidem
767 2444 878 2517 terrae,
893 2443 922 2504 si
949 2442 1062 2504 datum

268 2541 319 2601 est
333 2539 403 2610 tibi,
417 2539 586 2600 ailomino
598 2540 706 2618 possis
719 2540 889 2610 assistere,
900 2539 1063 2603 orationi·

269 2637 330 2698 bus
351 2635 516 2709 uidelicet,
529 2637 562 2700 et
578 2636 655 2699 aliIs
670 2637 734 2714 piis
745 2637 900 2715 operibus
915 2636 1061 2699 sistendo

268 2737 336 2798 tea
355 2736 432 2796 voto
456 2736 565 2795 crucIs
585 2735 741 2796 duximus
764 2733 1013 2807 absolvendum,
1030 2734 1062 2797 et

269 2834 347 2912 quia
361 2848 420 2910 pro
434 2831 594 2893 vicesima
607 2832 804 2894 monasterii
815 2833 863 2894 tui
876 2834 1008 2893 centum
1019 2830 1063 2892 li-

268 2928 1062 2993 brasdemandatonostrolnTerraeSanctaesub

269 3028 390 3090 sidium
411 3025 596 3098 destinasti,
616 3027 854 3089 monasterium
874 3029 981 3104 ipsum
1000 3041 1061 3088 nos

268 3140 289 3187 a
310 3119 523 3203 praestatione
546 3125 714 3186 vicesimae
738 3123 921 3188 absolvisse
945 3127 1061 3186 tenore

267 3221 482 3299 praesentium
511 3219 730 3293 declaramus,
757 3237 817 3299 pro
845 3237 889 3282 eo
916 3221 1061 3281 maxime

269 3318 355 3398 quod
371 3334 457 3392 cum,
472 3318 558 3380 sicut
573 3318 745 3389 asseritur,
762 3317 955 3379 monasterii
970 3320 1062 3395 ejus-

268 3418 342 3479 dem
354 3417 535 3494 proventus
556 3415 593 3476 in
619 3415 830 3477 nutrimentis
850 3413 1058 3486 animalium,

268 3515 300 3576 et
310 3513 410 3576 terrIs
423 3511 605 3574 arabilibus
618 3528 677 3589 pro
693 3512 812 3590 majori
825 3514 918 3591 parte
932 3511 1062 3572 consis-

267 3612 349 3684 tant,
366 3609 536 3673 commoda
556 3609 667 3671 taxari
687 3624 753 3669 non
774 3607 879 3686 possit
901 3607 1061 3670 vicesima

267 3706 470 3780 eorumdem,
498 3705 737 3768 nonobstante
763 3705 979 3767 concessione
1004 3704 1060 3765 di-

267 3806 378 3870 midiae
397 3806 564 3868 vicesimae
581 3803 668 3867 lacta
690 3804 863 3866 carissimo
878 3804 913 3864 in
930 3803 1060 3864 Christo

268 3906 337 3967 tilio
363 3907 476 3968 nostro
506 3903 579 3976 Ph,
608 3903 679 3978 regi
700 3904 904 3964 Francorum
923 3900 1058 3972 illustri,

268 4019 367 4082 quam
392 4003 421 4064 si
446 3999 679 4079 exsequereris
702 3998 923 4076 personaliter
948 4000 1061 4060 votum

267 4101 371 4168 tuum,
398 4115 418 4160 a
446 4114 511 4176 quo
540 4097 648 4158 soluta
671 4096 830 4158 viresima
854 4099 886 4159 te
909 4094 1060 4157 absolvi-

268 4213 340 4257 mus
360 4209 568 4273 nequaquam
593 4209 666 4254 eam
687 4193 862 4254 ‘exsolvere
884 4191 1058 4254 tenereris.

267 4296 386 4356 Datum
398 4291 555 4356 Laterani
570 4291 689 4368 quarto
698 4286 775 4351 'idus
792 4290 909 4368 aprilis
926 4287 1062 4368 pontili-

268 4393 362 4454 catus
382 4391 488 4452 nostri
503 4404 593 4451 anno
608 4387 720 4451 tertio.

542 4563 787 4654 CLXXXVII

266 4700 484 4762 coabbatem
495 4699 614 4763 Sancti
629 4701 727 4774 Lupi,
753 4700 921 4760 damnum
942 4697 1061 4759 Sancti

306 4799 471 4873 Stephani
481 4797 516 4858 et
527 4799 567 4857 it.
578 4799 782 4859 maantam
795 4797 941 4872 majoris
950 4796 1061 4856 boota-

305 4900 368 4960 stoe
383 4896 570 4956 beccensis,

542 5006 574 5062 II
593 5005 690 5078 aprilis
707 5003 784 5063 iiie.

296 5116 415 5195 [Regest.,
424 5113 468 5164 lib.
479 5112 523 5170 Ili,
534 5111 607 5176 epist.
621 5111 676 5162 38t.
690 5114 748 5162 iias.
758 5112 793 5162 La
804 5111 879 5161 Porta
887 5109 922 5160 du
935 5109 1029 5174 rhein]

265 5223 382 5284 blandai
402 5228 433 5279 ui
452 5219 622 5292 magistrum
642 5218 790 5276 NIcoiaum
801 5215 908 5274 taciani
921 5217 951 5273 in
971 5231 1059 5274 cano·

301 5314 397 5370 nicom
416 5311 546 5382 acctpere
564 5307 594 5366 in
609 5306 730 5364 ecclesie
750 5305 960 5372 Gainounensi,
975 5302 1058 5363 dum·

301 5399 387 5459 niodo
413 5399 540 5473 resignat
569 5393 762 5474 praebendam,
786 5407 872 5466 quam
895 5391 1004 5451 obtinet
1031 5393 1060 5450 in

300 5487 421 5548 ecclesia
438 5487 534 5544 Sancti
544 5484 665 5544 NIcoiei.

306 5614 484 5688 HonorIus‚
521 5613 597 5684 etc,
624 5610 753 5672 dilectis
793 5609 908 5672 illlis...
950 5608 1060 5672 abbati

1857 309 1919 374 aa
1981 333 1982 336 ,

1120 467 1234 529 Sancti
1260 469 1381 544 Lupi...
1407 467 1534 530 decano
1554 468 1667 534 sancti
1696 469 1856 550 Stephani
1882 477 1918 536 et

1118 564 1158 626 R.
1169 563 1329 628 canonico
1344 566 1480 643 majoris
1488 564 1640 628 ecclesia
1652 569 1790 630 Trecen.
1983 637 1984 652 χ

1158 657 1367 723 Venerabilis
1406 663 1511 724 irater
1558 666 1710 726 noster...
1739 665 1917 742 episcopus

1118 760 1187 820 et...
1203 759 1348 822 decanus
1363 775 1438 820 cum
1449 757 1601 836 pluribus
1610 761 1650 824 de
1663 761 1808 838 capitulo
1822 765 1918 825 Cata·

1118 854 1252 916 launen.
1262 872 1322 933 per
1332 873 1409 918 suas
1421 853 1517 918 nobis
1530 857 1659 919 litteras
1673 853 1917 937 supplicarunt,
1984 853 1985 862 ’

1119 952 1155 1013 ut
1170 952 1325 1015 dilectum
1343 954 1448 1015 tilium
1463 952 1658 1030 magistrum
1674 956 1860 1029 Nicolaum,
1875 954 1919 1018 de

1118 1051 1169 1127 cuj
1175 1065 1213 1110 us
1226 1050 1296 1112 vita
1311 1054 1343 1112 et
1353 1051 1492 1113 scientia
1507 1049 1679 1114 laudabile
1691 1047 1918 1114 testimonium

1119 1145 1345 1222 perhibebant,
1360 1148 1395 1208 in
1416 1149 1632 1209 catalaunen.
1646 1148 1791 1212 ecclesIa
1811 1147 1919 1227 recipi

1119 1243 1302 1305 laceramus
1318 1245 1366 1305 iri
1374 1245 1571 1307 canonicum
1585 1247 1618 1308 et
1629 1246 1665 1306 in
1680 1245 1827 1308 tratrem.
1846 1247 1919 1310 Nos

1118 1340 1221 1417 igitur
1235 1356 1349 1402 eorum
1365 1341 1528 1419 precibus,
1546 1342 1670 1419 quaeda
1687 1357 1778 1404 mera
1792 1343 1918 1405 riden-

1117 1437 1173 1498 tur
1200 1438 1379 1515 procedere
1412 1439 1562 1508 caritate,
1594 1437 1822 1501 favorabiliter
1851 1455 1920 1501 an-

1119 1537 1269 1607 nuentes,
1292 1536 1487 1598 discretioni
1504 1535 1624 1598 vestrae
1646 1551 1705 1613 per
1722 1537 1917 1613 apostolica

1119 1631 1241 1710 scripta
1268 1631 1489 1709 precipiendo
1513 1631 1719 1706 mandamus,
1750 1635 1919 1711 quatenus

1118 1729 1147 1790 si
1163 1727 1319 1806 praetatus
1339 1729 1513 1807 episcopus
1531 1731 1565 1792 et
1590 1731 1735 1793 decanus
1754 1746 1829 1793 cum
1845 1747 1918 1792 ma·

1114 1826 1189 1898 jore
1209 1827 1243 1887 et
1263 1825 1391 1886 saniori
1410 1827 1504 1903 parte
1520 1826 1916 1903 capituiiconsenserint,

1118 1921 1151 1984 et
1175 1920 1266 1983 allud
1289 1923 1486 1984 canonicum
1508 1939 1576 1985 non
1599 1923 1740 1987 obsistat
1763 1923 1916 2000 impedi·

1117 2022 1275 2089 mentum,
1300 2035 1376 2082 eum
1401 2019 1436 2080 in
1460 2019 1618 2099 praedicta
1641 2019 1782 2082 ecclesIa
1805 2020 1916 2097 recipi

1119 2119 1248 2182 iaciatis
1258 2118 1293 2180 in
1304 2116 1500 2180 canonIcum
1513 2119 1546 2179 et
1556 2117 1590 2178 in
1601 2116 1747 2190 tratrem,
1760 2121 1917 2195 paratum

1117 2216 1327 2294 praebendam
1350 2216 1462 2279 Sancti
1484 2214 1626 2286 Nicolai,
1653 2231 1751 2292 quam
1772 2213 1916 2287 obtinet,

1116 2315 1301 2392 resignare.
1335 2313 1603 2376 contradictores
1630 2312 1742 2390 siqui
1772 2309 1913 2382 luerint,

1116 2411 1170 2473 vel
1193 2410 1345 2484 rebelles,
1371 2427 1431 2488 per
1453 2425 1630 2473 censuram
1651 2408 1917 2472 ecclesiasticam

1116 2507 1338 2588 appellatione
1351 2507 1533 2586 postposita
1548 2508 1804 2584 compescentes.
1819 2506 1916 2578 Quod

1117 2606 1145 2668 si
1168 2621 1235 2668 non
1257 2621 1383 2676 omnes,
1411 2607 1473 2667 etc.
1495 2605 1613 2666 Datum
1635 2601 1790 2664 Laterani
1813 2602 1917 2664 tertio

1115 2701 1191 2764 idus
1210 2704 1328 2782 aprilis
1346 2701 1559 2781 pontificatus
1573 2699 1680 2763 noshi
1697 2714 1786 2764 anno
1799 2699 1916 2762 tertio.

1380 2901 1645 2989 CLXXXVIII

1203 3045 1255 3105 Ad
1268 3043 1424 3105 abbatem
1439 3043 1827 3106 Praemonstroteasem.

1410 3157 1442 3215 II
1456 3157 1538 3231 april.
1551 3155 1629 3214 iila.

1154 3269 1250 3335 [Hand.
1261 3269 1367 3336 hehop.
1380 3269 1528 3402 ὃιϋεὴὴΙΠ,
1543 3269 1597 3322 mh.
1613 3269 1777 3320 bionumenta
1787 3268 1873 3322 Belca.

1487 3387 1494 3408 ,
1507 3350 1575 3415 tito]
1746 3347 1750 3356 ‘

1275 3447 1443 3507 immunitas
1458 3449 1749 3508 praemonstratensis.

1154 3565 1333 3638 Honorius,
1357 3569 1431 3638 etc,
1457 3565 1578 3630 diiecto
1598 3565 1667 3629 lilio
1689 3564 1800 3628 abbati
1814 3567 1915 3626 Prae-

1115 3663 1351 3726 monstratonsi
1372 3663 1512 3726 salutem
1527 3665 1561 3725 et
1575 3662 1793 3740 apostolIcam
1806 3662 1916 3724 bene-

1115 3758 1304 3823 dictionem.
1318 3757 1517 3822 Garissimus
1529 3761 1564 3821 in
1577 3760 1708 3822 Christo
1722 3759 1811 3820 illius
1825 3773 1913 3820 nos-

1115 3858 1165 3920 tar
1184 3859 1220 3918 F.
1244 3857 1369 3919 Siciliae
1389 3872 1450 3918 rex
1469 3856 1610 3919 illustris
1625 3858 1661 3918 in
1684 3859 1915 3918 Romanorum

1114 3955 1347 4032 imperatorem
1362 3954 1488 4016 electus
1506 3953 1602 4016 nobis
1618 3953 1792 4015 insiduare
1810 3967 1916 4014 cura-

1115 4051 1174 4121 rit,
1190 4050 1276 4129 quod
1299 4067 1374 4112 curn
1394 4051 1494 4112 clarae
1514 4050 1683 4113 memoria
1705 4049 1775 4112 dux
1800 4049 1915 4110 Welio

1116 4149 1339 4226 praedecessor
1352 4148 1457 4225 ipsius
1476 4147 1652 4209 ecclesiam
1667 4145 1756 4208 beati
1771 4147 1915 4210 ioannis

1115 4245 1270 4322 Baptistae
1294 4244 1334 4305 de
1352 4243 1564 4320 staingaden,
1581 4243 1915 4305 praemonstratensis

1115 4341 1253 4410 ordinis,
1269 4341 1323 4419 pia
1336 4341 1510 4414 devotione
1525 4341 1751 4404 construxerit
1764 4340 1798 4401 et
1810 4339 1914 4400 dota-

1115 4439 1169 4511 rit,
1193 4439 1286 4500 illam
1305 4438 1500 4516 quibusdam
1521 4436 1729 4501 libertatibus
1744 4437 1777 4498 et
1790 4436 1915 4497 immu-

1115 4536 1273 4600 nitatibus
1288 4534 1487 4610 munIand03
1503 4536 1551 4607 tu,
1563 4533 1641 4596 licet
1650 4533 1914 4611 predecessores

1114 4635 1163 4697 tui
1178 4649 1252 4697 eam
1266 4634 1302 4694 in
1315 4648 1375 4694 sua
1391 4631 1544 4693 libertate
1559 4631 1720 4693 hactenus
1733 4642 1916 4692 conserva-

1114 4731 1245 4803 verunt,
1267 4731 1426 4792 statutum
1446 4728 1596 4805 ejusdem
1616 4725 1739 4791 nobilis
1757 4741 1858 4802 super
1873 4723 1915 4786 li-

1114 4828 1297 4891 bertatibus
1316 4829 1349 4889 et
1369 4823 1636 4888 immunitatibus
1655 4823 1761 4900 ipsius
1781 4821 1914 4898 coepisti

1115 4941 1174 5003 pro
1193 4927 1260 4987 tuae
1275 4924 1457 4987 voluntatis
1471 4921 1612 4984 arbitrio
1626 4921 1764 4982 violare.
1783 4919 1913 4980 Volen-

1115 5027 1165 5085 tes
1179 5021 1289 5099 igitur,
1305 5022 1341 5082 ut
1357 5020 1443 5099 quod
1459 5034 1560 5097 super
1574 5019 1638 5080 hoc
1651 5017 1705 5095 pie
1719 5032 1760 5079 ac
1774 5015 1914 5094 provide

1115 5119 1239 5184 iactum
1261 5119 1322 5191 est,
1346 5135 1365 5180 a
1385 5116 1468 5179 duce
1483 5115 1643 5195 praedicio
1661 5114 1805 5178 debitam
1824 5112 1915 5175 obti-

1115 5219 1193 5282 neat
1220 5217 1427 5288 firmitatem,
1458 5214 1693 5276 discretionem
1720 5213 1812 5274 tuam
1840 5227 1916 5272 mo-

1115 5315 1257 5380 nendam
1269 5315 1424 5376 duximus
1436 5313 1470 5375 et
1483 5311 1693 5378 hortandam,
1708 5309 1915 5387 paraposto-

1114 5413 1180 5476 lica
1193 5413 1316 5490 scripta
1332 5411 1542 5480 mandantes,
1559 5407 1723 5486 quatenus
1735 5405 1914 5468 ecclesiam

1114 5513 1221 5589 ipsam
1233 5511 1267 5572 in
1278 5525 1318 5572 ea
1332 5508 1484 5571 libertate
1497 5521 1688 5579 conserves,
1699 5505 1735 5565 in
1747 5517 1812 5582 qua
1825 5518 1915 5579 prae-

1117 5609 1308 5670 decessores
1325 5607 1372 5669 tui
1388 5603 1537 5667 eamdem
1553 5601 1735 5664 noscuntur
1752 5615 1854 5679 usque
1870 5601 1913 5664 ad
