3978 6292
562 177 567 206 l

214 233 273 296 275
831 233 1005 297 ueuouu
1028 236 1073 296 ιιι
1095 237 1243 298 orsas.
1803 239 1863 299 era
1967 217 1968 254 ³

213 391 348 452 affectant
366 398 426 450 tum
448 391 604 465 pontilicis,
625 399 684 450 tum
705 391 870 450 christianae
883 392 968 468 legis,
981 400 1009 452 at
1062 393 1229 452 litterariam
1252 393 1355 454 studio.
1378 393 1526 456 occisores
1548 393 1675 466 episcopi
1696 395 1865 460 aniciensis

213 495 327 539 morum
341 481 600 540 mansuetudinem.
1063 497 1147 554 poena
1176 483 1314 550 multavit,
1335 489 1365 540 et
1396 483 1554 556 presertim
1582 483 1771 542 Bertraudum
1804 475 1863 551 cui,

249 569 355 630 lisdem
381 570 565 644 temporibus,
589 570 747 644 eodemque
771 585 856 641 auno,
877 586 934 628 nen
948 579 1007 630 tam
1062 571 1182 644 injunxit
1204 571 1276 630 ultra
1299 587 1378 630 mare
1402 572 1532 642 transire,
1553 571 1592 629 ibi
1612 587 1661 644 per
1675 574 1864 644 septennium

214 661 302 716 armis
328 674 414 732 quam
442 659 536 718 verbis
562 659 762 730 dimicaturus,
785 661 813 718 S.
841 661 1008 718 franciscus
1063 669 1222 717 moraturus
1240 661 1268 716 iu
1285 661 1400 719 servitio
1415 662 1508 720 Terre
1521 662 1642 730 Sanctae,
1658 669 1777 737 propter
1790 659 1861 718 faci·

214 747 368 806 Soldanum
389 748 494 818 adibat,
518 749 581 824 ejus
602 749 831 817 conversionem,
849 755 878 806 et
891 764 1007 806 suorum
1063 749 1139 804 noris
1154 749 1341 806 atrocitatem.

214 835 339 895 inhians.
356 838 545 910 Sisque,dum
559 838 636 894 orbis
650 837 823 895 christianus
838 837 1008 896 inmsxlmis
1098 838 1198 910 Legati
1220 838 1372 910 Apostollci
1396 852 1500 894 munus
1522 838 1660 912 Gregorio
1681 837 1863 905 Crescentis,

214 925 281 984 belli
301 925 443 984 laboribus
464 934 539 985 totus
558 935 628 996 erat,
645 936 702 984 tam
721 925 847 1000 pontifex
862 941 947 998 quarn
962 927 1009 984 ille
1063 925 1104 982 tit.
1128 927 1155 982 S.
1175 925 1316 983 Theodori
1333 924 1454 982 diacono
1471 925 1548 983 card.
1566 927 1594 983 in
1616 927 1715 995 baula,
1744 927 1863 994 suecia,

215 1016 258 1071 vir
272 1020 389 1072 sanctus
402 1029 459 1072 non
473 1015 609 1073 oblivioni
626 1014 731 1074 dabant
747 1016 792 1072 vel
809 1015 942 1072 numana
955 1029 1006 1071 na·
1063 1013 1178 1070 Polonia
1203 1027 1237 1070 ac
1256 1013 1392 1071 Bobemia
1412 1014 1555 1071 commisit
1572 1013 1711 1084 Pontifex,
1726 1013 1765 1071 ad
1784 1015 1862 1070 sedi-

215 1103 550 1177 turaimprescriptibilia
563 1104 691 1177 jnra,vel
705 1104 1010 1162 inimicorumanimas
1063 1101 1155 1159 tiones
1182 1102 1406 1174 componendas,
1435 1117 1499 1160 eum
1521 1117 1633 1160 summa
1657 1109 1804 1175 potestate
1828 1102 1864 1159 ad

214 1191 443 1262 lucrifaciendas,
454 1199 484 1249 ct
493 1192 528 1250 ad
537 1199 702 1265 perpetuam
719 1193 748 1248 in
758 1192 830 1250 curlo
845 1191 1008 1250 beatitatem
1063 1191 1233 1262 pervicaces
1256 1190 1292 1248 ad
1320 1190 1446 1250 cilicium
1477 1191 1664 1248 revoemdos.
1692 1193 1727 1248 Et
1756 1190 1868 1248 eodem

215 1294 280 1336 cum
291 1280 389 1337 electis
404 1282 455 1338 Dei
471 1280 900 1339 adducendasfanlumdillcrt
914 1281 1008 1354 alege
1064 1292 1150 1347 anuo,
1166 1277 1202 1336 ad
1218 1277 1321 1336 sedern
1334 1279 1526 1351 apostolicam
1542 1279 1704 1352 Stephanus
1714 1279 1869 1337 seruasse

215 1367 406 1426 blabumetica
422 1370 468 1426 lex
479 1369 652 1428 Christianal
1063 1366 1188 1435 Dioclie,
1214 1368 1391 1439 aliarumque
1411 1367 1622 1439 provinciarum
1641 1381 1702 1435 reu,
1718 1369 1800 1426 viros
1814 1369 1864 1439 qui
1967 1359 1968 1370 ’

252 1457 410 1514 Ecclesiam
432 1458 483 1516 Dei
504 1465 571 1516 tunc
593 1459 729 1532 temporis
743 1458 900 1516 illustrabat
922 1460 1009 1517 ctiam
1063 1454 1292 1528 coniunctionem
1303 1471 1368 1514 cum
1380 1457 1507 1514 Romana
1517 1457 1655 1526 Ecclesia,
1666 1470 1719 1513 suo
1729 1457 1860 1524 nomine,
1967 1471 1968 1516 ;

216 1545 245 1603 S.
270 1545 445 1603 Dominieus.
473 1547 521 1605 Cui
549 1545 678 1604 Pontifex
705 1545 855 1610 concessit,
881 1547 909 1604 iu
934 1547 1009 1606 Urbe
1064 1543 1302 1618 redintegrarent.
1323 1546 1392 1604 Cum
1412 1545 1473 1616 pari
1498 1543 1604 1617 gaudio
1621 1544 1692 1602 vidit
1714 1546 1862 1604 Honorius

217 1633 356 1702 lfomana,
368 1637 397 1693 S.
413 1635 493 1708 xysti
508 1637 670 1703 ecclesiam,
684 1633 783 1691 dicens
793 1652 800 1691 :
811 1635 901 1710 Ligna
918 1637 1008 1709 pomi·
1064 1641 1159 1690 noster
1174 1632 1310 1691 barbaras
1323 1641 1424 1706 gentes
1436 1633 1766 1702 Livoniae,Estboniaeet
1776 1637 1869 1692 Prusa

215 1719 275 1777 fera
306 1722 335 1777 in
363 1722 499 1779 Ecclesiae
527 1721 659 1795 paradiso
691 1722 829 1793 plantare,
857 1735 890 1778 ac
914 1721 1009 1778 fovere
1063 1721 1494 1794 slae,f1desusccpta,lnsinum
1504 1721 1858 1795 Ecclesiaeeonfugieutes.
1967 1735 1968 1786 t

217 1809 352 1882 plantata,
369 1826 404 1867 ex
415 1809 500 1867 offleii
510 1809 606 1867 debito
616 1825 647 1868 se
658 1810 757 1866 teucri.
768 1809 1006 1883 llrcbiepiscopis,
1063 1809 1107 1869 Ad
1121 1826 1192 1884 quas
1207 1811 1356 1884 Evangelii
1378 1808 1577 1884 praedicatores
1594 1809 1758 1880 destinavit,
1773 1827 1860 1883 quum
1966 1849 1968 1886 ,

216 1897 359 1970 episcopis
383 1905 411 1956 et
434 1899 602 1972 presulibus
630 1899 717 1955 etiam
744 1913 849 1956 novum
879 1899 1008 1956 ordinem
1061 1901 1120 1970 jam
1132 1899 1203 1957 albe
1215 1906 1311 1956 essent
1325 1901 1461 1972 regiones
1476 1897 1512 1956 ad
1525 1899 1720 1968 messem,ssd
1735 1901 1860 1972 operarii

216 1986 436 2045 commendavit.
449 1989 520 2046 Nam
531 1988 624 2061 signis
636 1995 664 2044 et
677 1986 827 2044 virtutibus
840 1996 1011 2060 potsuaarat
1065 1990 1147 2061 pauci
1161 1994 1190 2044 ct
1205 1989 1335 2045 rariores.

215 2075 391 2134 Dominicus.
1100 2077 1190 2145 Unde,
1200 2076 1354 2135 dantalleo
1366 2075 1590 2133 misericordiam
1600 2084 1629 2132 et
1639 2075 1858 2148 benignitatem,
1967 2073 1968 2143 ζ

251 2163 293 2219 De
307 2178 358 2220 aua
373 2171 402 2220 et
415 2165 534 2236 propriae
544 2155 864 2223 uxorisincoronatic'ue
878 2165 908 2222 iu
918 2166 1008 2238 inape·
1065 2165 1111 2223 bic
1124 2179 1216 2223 annus
1229 2180 1294 2222 eum
1311 2179 1382 2238 pace
1402 2173 1431 2222 et
1450 2166 1545 2237 quiete
1565 2164 1626 2232 fult,
1642 2179 1707 2221 cum
1723 2179 1860 2222 successu

216 2258 339 2308 retorem
355 2260 383 2308 et
395 2253 630 2324 imperatricema
644 2253 773 2310 Romano
786 2253 921 2310 Pontifiee
935 2269 1008 2311 nun·
1065 2253 1198 2328 presenti
1212 2268 1368 2324 armerum,
1381 2267 1446 2311 cum
1462 2268 1513 2326 spe
1526 2253 1611 2311 futuri
1625 2253 1692 2310 boui
1708 2267 1759 2325 per
1774 2253 1862 2326 impe
1967 2253 1968 2266 ¹

215 2340 271 2396 tioa
300 2340 377 2398 misit
407 2339 592 2410 fredericus,
622 2342 669 2414 qui
698 2356 759 2398 rem
786 2356 851 2400 cum
885 2345 1010 2402 lionoris
1065 2351 1188 2402 retorem
1197 2341 1860 2414 fredericumcrucesignatumampliandi,cum
1967 2343 1968 2354 ¹

216 2434 380 2486 tractarent.
396 2429 480 2501 Cuius
493 2429 945 2503 precesillebenigneexaudivit,
959 2432 1011 2490 sed
1065 2431 1156 2490 bustu
1170 2431 1309 2506 spirituali
1332 2432 1361 2488 in
1375 2431 1527 2503 Evangelii
1546 2429 1720 2500 dilatatione,
1742 2437 1773 2488 et
1792 2431 1860 2490 satis
1967 2435 1968 2504 f

216 2517 327 2574 monuit
341 2515 376 2573 de
392 2524 457 2574 voto
468 2533 524 2574 nou
539 2517 697 2576 differendo
709 2519 738 2575 ln
752 2519 909 2578 subsidium
918 2521 1011 2578 Terre
1065 2519 1185 2591 faueas,
1212 2527 1326 2594 propter
1340 2518 1496 2578 humanam
1510 2518 1712 2587 conditionem,
1734 2533 1801 2592 que
1818 2527 1861 2576 eat

217 2605 338 2662 Sancte.
364 2606 420 2662 fles
445 2607 522 2663 enim
550 2607 680 2680 urgebat.
705 2609 736 2664 lu
765 2607 810 2664 bis
838 2610 1008 2680 negotiatio·
1065 2610 1164 2668 militia
1176 2609 1361 2683 potiusquam
1374 2606 1497 2680 perfecta
1509 2608 1600 2680 quies,
1610 2606 1796 2680 reputandus.
1807 2606 1859 2664 Sed
1967 2627 1968 2665 l

217 2691 302 2750 nibus
316 2701 392 2751 totus
407 2702 695 2768 annusconsumptua
710 2703 762 2753 est.
1062 2699 1122 2773 jam
1149 2696 1300 2756 timebatur
1324 2711 1360 2752 ne
1379 2695 1539 2753 Damiatam
1561 2694 1712 2754 Christiani
1731 2694 1788 2752 sub
1810 2710 1858 2752 sua

252 2783 294 2839 De
320 2781 405 2841 rebus
428 2784 517 2841 italie
549 2799 639 2858 pauca
672 2793 754 2842 erunt
784 2785 914 2845 dicenda.
942 2789 1009 2846 lura
1064 2787 1171 2845 ditione
1185 2786 1293 2859 possint
1307 2785 1438 2854 retinere,
1450 2791 1479 2841 et
1493 2783 1643 2850 frederici,
1655 2785 1736 2856 quasi
1749 2783 1858 2842 subdoli

217 2867 353 2926 Ecclesiae
364 2870 500 2927 Romane
514 2871 543 2927 ln
559 2869 687 2928 Sardinia
703 2873 841 2929 acerrime
856 2871 1009 2931 vindicasti
1065 2876 1211 2949 principis,
1225 2873 1272 2947 qul
1282 2880 1380 2930 vntum
1393 2887 1450 2930 uon
1460 2880 1576 2930 strenue
1588 2879 1819 2945 persequeretur,
1833 2881 1859 2929 et

218 2957 370 3016 Honorius.
387 2959 480 3032 Leges
495 2958 1010 3032 quasdamalionuniensibusinaea·
1061 2965 1253 3039 jurameutum
1268 2961 1492 3030 oblivisceretur,
1508 2961 1754 3034 opiniomagisac
1767 2961 1868 3038 magia
1967 2993 1968 3032 t

216 3043 344 3104 demicus
359 3045 433 3106 latas
447 3047 613 3120 antiquavit,
629 3063 680 3121 pro
699 3050 820 3124 egregio
834 3065 886 3108 suo
900 3051 930 3110 in
948 3067 1009 3110 rem
1064 3051 1265 3112 invalescebat.
1282 3053 1323 3109 be
1338 3049 1441 3124 quibus
1454 3049 1484 3106 in
1497 3063 1573 3107 anno
1585 3049 1734 3128 mouenti..

606 3821 626 3908 Ι
1066 3807 1239 3870 solutionis
1253 3808 1357 3870 nutrit
1380 3807 1547 3880 uberibus,
1574 3806 1607 3869 et
1632 3807 1761 3872 exaltat
1783 3806 1861 3869 illos-

218 3953 269 4012 rld
298 3953 538 4016 Berlreeeem
570 3955 782 4016 cardinalem
811 3954 1011 4026 apostatare

475 4053 573 4112 ΜΒ
591 4050 751 4128 ‘effatum'
1045 4117 1155 4177 ,gere
1173 4103 1242 4162 Hac
1265 4100 1377 4176 itaque
1401 4099 1670 4161 consideratione
1692 4099 1854 4165 inductus,

1065 3907 1231 3984 praecipue
1246 3905 1451 3982 diligentiori
1466 3905 1575 3968 studio
1591 3905 1758 3973 refovens,
1775 3917 1864 3982 quos.
1967 3988 1968 4001 ἵ

1066 4003 1172 4079 magis
1186 4019 1255 4064 suae
1268 4003 1486 4064 recreationis
1502 4003 1607 4064 cernit
1625 4002 1746 4063 solatio
1770 3999 1856 4063 indi·
1966 4003 1968 4030 ¹

517 4171 710 4246 millim-
1066 4199 1283 4260 charissimus
1310 4197 1344 4258 in
1371 4195 1502 4259 Christo
1518 4197 1606 4257 filius
1624 4197 1747 4267 noster,
1762 4199 1858 4258 lacc-
1967 4209 1968 4272 ι

340 4283 883 4353 [cundpertus.cisterc.,t.1v.p.lct·t.]
1066 4296 1139 4369 bus,
1155 4301 1344 4372 aragonum
1357 4310 1418 4356 rex
1433 4294 1584 4362 illustris,
1606 4293 1701 4355 nobis
1717 4291 1853 4354 bumili-

217 4392 332 4453 llandat
346 4394 537 4464 utlaeobum,
550 4396 717 4470 aragonum
738 4410 849 4468 regem,
866 4402 1012 4470 tamquam
1067 4395 1118 4456 ter
1133 4393 1341 4471 supplicavit,
1360 4393 1395 4454 ut
1415 4393 1525 4470 ipsum
1546 4391 1606 4452 sub
1628 4392 1762 4452 alarum
1781 4405 1856 4450 nos-

251 4484 405 4556 specialem
440 4485 575 4542 Ecclesia
604 4487 742 4544 Romanae
768 4485 855 4544 fllium
896 4485 1011 4552 babeat,
1068 4495 1194 4554 ararum
1223 4490 1340 4554 umbra
1369 4490 1583 4566 dignaremur
1608 4491 1797 4568 protegere,
1820 4501 1855 4546 ac
1967 4515 1968 4562 p

252 4587 345 4644 Helue
359 4572 481 4644 patiatur
492 4579 523 4630 ¹11
537 4589 659 4646 regnum
674 4573 738 4646 elus
752 4573 788 4630 ab
806 4575 900 4646 aliquo
919 4574 1010 4647 impu·
1069 4589 1283 4666 protectionis
1295 4589 1493 4666 Apostolicae
1508 4588 1624 4664 clypeo
1642 4587 1853 4650 communire.

254 4670 369 4736 Simus·
1067 4689 1136 4750 Nos
1165 4687 1267 4763 igitur
1293 4685 1465 4763 praeclarae
1494 4685 1695 4756 devotionis,
1724 4687 1759 4748 et
1784 4679 1854 4744 fidei
1967 4685 1968 4764 ζ

258 4777 426 4842 Honorius
465 4779 652 4858 episcopus,
680 4797 797 4844 servus
839 4797 1013 4843 serverum
1068 4786 1259 4863 puritatem,
1274 4799 1372 4860 quam
1387 4783 1432 4844 ad
1443 4785 1557 4854 Deum
1574 4783 1607 4844 et
1625 4783 1732 4858 ipsam
1749 4781 1856 4843 Ecole·
1967 4779 1968 4852 ᾖ

217 4877 288 4948 Dei,
304 4877 425 4938 dilecte
439 4875 509 4938 fllio
524 4879 560 4940 Β.
574 4878 663 4940 tituli
680 4880 877 4940 Sanctorum
892 4880 1014 4941 Joban·
1068 4885 1151 4944 siam
1168 4883 1401 4958 progenitores·
1411 4895 1488 4940 suos
1504 4879 1661 4940 habuisse
1672 4879 1851 4945 didicimus,

217 4975 270 5034 nis
291 4977 325 5035 et
339 4974 436 5035 Pauli
452 4974 645 5052 presbytero
666 4975 841 5047 cardinali,
866 4979 1012 5053 Aposto-
1068 4981 1263 5048 recolentes,
1281 4977 1487 5040 attendentes
1501 4991 1631 5054 quoque
1655 4976 1754 5053 quud-
1769 4989 1855 5036 eum·
1967 4979 1968 5074 l

216 5072 291 5134 licre
317 5073 412 5134 Sedis
434 5072 555 5149 legale,
571 5072 722 5145 salutem,
737 5076 771 5134 et
796 5073 1013 5151 apostolicam
1068 5079 1141 5139 dem
1156 5091 1268 5153 regem
1283 5077 1417 5154 inclytae
1429 5073 1670 5136 recordationis
1685 5076 1729 5134 bf.
1744 5071 1853 5150 regina

218 5171 494 5232 benedictionem.
1067 5180 1258 5252 aragonum
1275 5173 1381 5236 mater
1409 5189 1480 5246 sua,
1505 5189 1579 5234 cum
1603 5174 1703 5244 terra,
1728 5173 1761 5234 et
1786 5167 1855 5232 aliis

259 5269 479 5330 sacrosancta
496 5269 646 5329 Romana
669 5267 886 5346 Ecclesiapia
907 5273 1014 5334 mater
1069 5274 1163 5335 bonis
1187 5274 1257 5334 suis
1282 5271 1388 5333 eidem
1413 5269 1565 5332 ecclesiae
1589 5269 1852 5332 commendavit:

218 5365 365 5437 devolsa,
389 5367 422 5428 et
442 5365 585 5427 humiles
609 5365 696 5426 lilios
716 5382 794 5428 suos
816 5368 858 5428 ad
880 5367 1013 5445 piatatis
1068 5387 1170 5448 agens
1185 5371 1307 5432 dudum
1328 5367 1416 5446 apud
1439 5368 1556 5432 Sedem
1580 5365 1857 5446 apostolicarum
1967 5367 1968 5424 l

115 5465 118 5473 '
218 5479 288 5526 suae
298 5462 460 5540 gremium
474 5463 695 5538 recurrentes,
706 5479 772 5525 non
783 5465 890 5526 solnm
903 5466 1012 5529 bono·
1068 5468 1226 5532 extremis
1239 5470 1362 5531 nestrae
1382 5467 1446 5528 sibi
1469 5467 1656 5529 dilectionis
1679 5463 1855 5544 precordia

219 5559 502 5640 ratamplexibus
519 5561 745 5624 verumetiam
761 5563 919 5626 maternae
933 5581 1014 5626 con
1069 5566 1202 5642 dignum
1218 5563 1372 5626 duximus
1395 5563 1552 5641 aperire
1568 5564 1731 5640 quatenus
1756 5559 1852 5642 quiin
