4198 6322
153 349 193 406 rs
774 329 1001 408 nrrsronm'i
1027 349 1101 408 nm.
1126 306 1181 407 nr.
1760 348 1797 404 ri

196 505 409 569 Praesentatae
438 507 533 569 nobis
573 507 765 569 dilectorum
804 507 947 569 illiorum

152 603 292 682 capituli
308 605 699 666 Brechinensisecclesiae
714 605 833 666 litterae
842 603 950 666 conti-

153 701 288 773 nebant,
305 703 391 778 quod
402 719 517 764 eorum
532 703 671 764 ecclesia
688 703 830 778 pastoris
854 701 947 762 sola-

152 799 202 860 tio
226 799 395 870 destituta,
420 799 484 876 ipsi
507 801 604 877 prout
625 800 727 859 moris
750 800 801 859 est
827 813 949 859 conve-

154 896 286 956 nientes
313 897 485 966 inunum,
514 896 627 958 Sancti
664 897 806 974 Spiritus
841 897 949 972 gratia

153 993 322 1064 invocata,
337 993 497 1055 dilectum
509 993 613 1054 illium
631 993 837 1069 Gregorinm,
855 996 949 1070 eJus-

153 1089 231 1150 dem
245 1090 394 1151 ecclesiae
408 1091 690 1163 archidiaconum,
707 1091 815 1153 virum
840 1093 952 1152 scien-

154 1187 203 1248 tia
231 1189 264 1248 et
289 1188 436 1248 moribus
465 1188 667 1250 adornatum·
686 1187 749 1249 sibi
781 1189 952 1264 elegerunt

156 1285 319 1346 canonice
334 1301 374 1346 ac
389 1285 598 1348 concorditer
611 1286 644 1346 in
661 1285 826 1362 pastorem
842 1301 848 1346 :
866 1285 960 1346 unde

155 1381 254 1441 nobis
293 1381 464 1443 humiliter
498 1382 739 1460 supplicarunt,
777 1383 815 1446 ut
846 1382 951 1444 eidem

155 1478 269 1540 electo
279 1478 463 1540 laceremus
478 1496 597 1540 munus
613 1481 875 1541 consecrationis
889 1481 953 1540 im-

155 1575 267 1651 pendi.
284 1577 352 1636 Nos
368 1576 471 1652 igitur
485 1577 525 1636 de
540 1575 740 1638 discretione
751 1578 810 1638 tna
826 1591 951 1664 geren-

155 1675 208 1732 tes
243 1671 396 1733 fiduciam
409 1673 611 1750 pleniorem,
651 1673 852 1736 fraternitati
887 1676 952 1736 tuae

156 1783 219 1845 per
241 1770 429 1846 Apostolica
454 1771 576 1848 scripta
601 1771 805 1844 mandamus,
832 1771 951 1849 quate-

156 1881 222 1926 nns
238 1867 278 1927 de
298 1867 405 1943 ipsius
431 1866 605 1929 electionis
629 1868 736 1941 modo,
760 1869 952 1945 eligentium

156 1963 289 2032 studiis,
325 1966 359 2025 et
387 1965 483 2025 electi
497 1965 624 2027 meritis
652 1967 792 2028 veritate
822 1966 954 2042 plenius

156 2060 329 2136 inquisita,
346 2061 375 2122 si
390 2062 586 2123 electionem
600 2063 705 2140 ipsam
731 2063 899 2125 inveneris
914 2062 954 2124 de

158 2170 302 2232 persona
323 2155 453 2229 idonea,
471 2173 543 2234 quae
564 2158 658 2232 tauto
673 2158 835 2234 congruat
861 2157 954 2218 oneri

154 2255 191 2313 et
202 2253 333 2324 honori,
351 2253 511 2315 canonice
524 2254 734 2326 celebratam,
753 2255 857 2332 ipsam
873 2271 955 2316 anc-

157 2350 293 2412 toritate
313 2352 425 2412 nostra
451 2351 638 2422 condrmes,
656 2354 689 2413 et
707 2351 873 2430 adjunctis
895 2352 954 2414 tibi

155 2446 287 2510 dnobus
297 2448 349 2508 vel
357 2447 464 2510 tribus
473 2449 656 2510 convicinis
671 2449 836 2526 episcopis
848 2449 954 2512 eidem

158 2545 267 2607 electo
281 2561 400 2606 munus
416 2547 676 2608 consecrationis
690 2547 872 2624 impendas.

199 2644 317 2704 Datum
343 2643 509 2714 Laterani,
526 2645 631 2704 XVlll
656 2643 816 2705 kalendas
832 2648 956 2722 janua-

160 2739 217 2811 rii,
231 2739 441 2816 pontificatus
456 2741 561 2802 nostri
572 2755 659 2802 anno
674 2742 783 2804 tertio.

498 2909 619 2996 LXXI

307 3043 358 3102 Ad
372 3043 526 3102 abbatem
537 3041 808 3103 Cisterctonsem.

425 3155 458 3211 ts
473 3153 601 3213 decemb.
617 3155 694 3212 liis.

157 3259 959 3325 [deumque.Annalssisterc.lV,l85;llonnmcntspourservir

205 3339 350 3390 il'bistoire
359 3340 391 3389 de
402 3341 426 3390 la
433 3340 553 3405 province
562 3340 592 3389 de
599 3341 703 3402 Neuter,
711 3341 767 3399 ll,1,
775 3341 815 3400 22,
827 3355 852 3391 n.
860 3341 911 3405 ln]

159 3447 272 3504 inhibet
292 3461 328 3504 oe
345 3447 409 3519 quis
431 3447 466 3503 ab
485 3449 526 3504 e's
546 3446 581 3504 de
603 3446 750 3504 novalibus
767 3448 812 3504 vel
832 3447 868 3505 de
881 3463 958 3505 ,novo

194 3535 342 3607 acquisitis
356 3536 401 3592 vel
414 3535 474 3610 jem
487 3537 627 3607 possessis
640 3535 767 3593 decimes
784 3537 900 3610 exigere
913 3538 957 3593 vel

194 3632 365 3697 extorquere
384 3632 545 3696 praesumat.

199 3733 367 3794 Honorius
378 3733 564 3809 episcopus,
579 3749 695 3794 servus
706 3748 877 3795 servorum
886 3735 957 3804 Dei,

156 3829 272 3891 abbati
283 3829 549 3901 Cisterciensi‚et
564 3830 729 3891 universis
746 3829 958 3894 coabbatibus

157 3930 244 4004 eJus,
261 3929 294 3989 et
308 3927 466 3990 iratribus
479 3927 539 3988 sub
556 3926 670 3989 eodem
684 3927 800 3988 ordine
813 3930 880 3989 Deo
893 3944 959 3990 ser-

157 4023 339 4086 viantibus.

199 4120 369 4196 Gontingit
389 4121 565 4192 interdum,
590 4121 675 4199 quod
701 4122 851 4183 nonnulli
875 4138 956 4199 pro-

158 4217 244 4296 priis
265 4217 493 4279 incumbentes
508 4217 691 4293 affectibus,
713 4220 790 4280 dnm
813 4220 959 4281 sanctio-

158 4332 240 4376 num
267 4331 401 4376 censum
426 4315 609 4391 legitimum
637 4317 677 4378 ad
707 4333 768 4377 sua
796 4320 872 4380 vota
892 4332 956 4378 non

158 4412 285 4474 babent
333 4413 640 4481 accommodatum,
690 4414 960 4492 superadducunt

158 4510 349 4571 adulterum
369 4509 583 4583 intellectum,
606 4511 640 4570 in
666 4510 841 4590 temporali
863 4529 957 4574 com-

158 4607 306 4685 pendio,
346 4609 520 4674 externum
549 4609 779 4684 compendium
812 4626 878 4671 non
913 4611 958 4672 ti-

158 4707 290 4766 mentes
313 4703 370 4783 (1).
411 4708 513 4776 Sane,
544 4707 622 4782 quia
649 4706 734 4768 sient
757 4707 956 4780 audivimus,

158 4801 296 4879 quidam
318 4817 379 4862 suo
405 4802 504 4861 nimis
530 4801 731 4864 inlraerentes
746 4804 881 4878 ingenio
897 4803 956 4886 (2),

160 4899 372 4974 nimiumque
385 4896 565 4960 voluntarii
575 4899 713 4962 Consilii
730 4901 896 4976 generalis
911 4901 959 4962 in·

1002 507 1135 568 illorum
1167 505 1350 567 intellectui
1377 504 1622 567 constitutionis
1652 503 1802 581 praedicti

1003 602 1252 679 conciliisnper
1265 601 1680 664 Cisterciensiumdecimis
1691 601 1799 673 editas,

1004 699 1175 760 afferimus
1188 700 1409 776 peregrinam3
1422 700 1456 759 in
1467 699 1539 775 ipsa
1547 697 1596 777 (α)
1605 698 1736 775 quidem
1746 715 1801 759 ex-

1005 799 1273 872 pressecavetur‚
1294 799 1330 857 ut
1343 796 1383 856 de
1397 797 1515 857 alienis
1533 797 1641 866 terris,
1657 797 1690 857 et
1711 812 1805 856 amo-

1005 895 1045 954 do
1056 893 1102 973 (b)
1113 893 1336 970 acquirendis,
1353 897 1461 971 etjam
1473 894 1501 953 si
1516 910 1574 956 eas
1586 894 1729 970 propriis
1738 909 1804 954 ma·

1005 991 1113 1062 nibus,
1138 993 1194 1052 aut
1223 991 1406 1067 sumptibus
1435 991 1623 1063 colueritis,
1659 991 1803 1052 decimas

1006 1089 1204 1166 persolvatis
1216 1089 1377 1158 ecclesiis,
1390 1089 1509 1166 qnibns
1523 1089 1651 1150 ratione
1665 1088 1804 1165 praedio-
1836 1145 1839 1150 .

1006 1187 1113 1247 torum
1135 1184 1185 1264 (ο)
1210 1187 1307 1247 antea
1327 1186 1550 1246 solvebantur.
1583 1185 1675 1246 Unde
1705 1186 1733 1246 si
1757 1186 1797 1245 ad

1007 1284 1210 1360 propositum
1223 1283 1327 1344 aciem
1350 1283 1559 1343 discretionis
1575 1283 1800 1354 extenderent,

1007 1381 1217 1442 admittentes
1225 1379 1271 1458 (4)
1281 1380 1509 1452 nihilominus,
1529 1380 1804 1456 dequibusnova·

1008 1477 1094 1538 libus
1118 1477 1306 1554 Apostolioa
1325 1477 1426 1538 Sedes
1440 1478 1604 1554 intelligat
1626 1477 1804 1553 indulgen-

1007 1576 1087 1636 tiam
1096 1575 1143 1656 (5)
1152 1576 1546 1637 concessamretractare:
1560 1577 1634 1636 Non
1648 1575 1695 1636 sic
1704 1591 1804 1652 snper

1009 1672 1285 1734 novalibusnovae
1296 1671 1732 1750 interpretationislndibrio
1748 1673 1803 1732 in·
1820 1688 1822 1697 ¹

1008 1771 1105 1844 genia
1116 1769 1295 1845 fatigarent
1307 1769 1366 1849 (6);
1378 1787 1484 1848 neque
1496 1771 1584 1830 enim
1601 1770 1734 1832 novalia
1748 1769 1804 1829 di-

1008 1869 1129 1929 cnntur
1139 1884 1202 1944 quo
1212 1868 1333 1944 quisde
1345 1869 1592 1944 novoacquirit‚
1606 1867 1663 1928 sed
1678 1883 1752 1944 quae
1765 1868 1805 1928 de

1009 1979 1095 2026 novo
1115 1964 1203 2036 colit,
1230 1981 1303 2025 cum
1326 1965 1486 2028 hactenus
1507 1965 1644 2037 inculta,
1671 1965 1704 2025 et
1718 1965 1802 2025 nulli

1008 2062 1209 2123 redditualia
1222 2063 1471 2122 remansissent.
1493 2063 1683 2122 inhibemus
1699 2062 1802 2138 igitur

1009 2158 1208 2220 auctoritate
1223 2159 1446 2234 praesentium,
1460 2160 1496 2220 ut
1506 2158 1617 2220 nullus
1629 2173 1648 2242 a
1659 2158 1754 2220 vobis
1765 2160 1804 2218 de

1010 2255 1183 2316 novalibus
1210 2271 1227 2316 a
1251 2257 1399 2333 tempore
1424 2256 1563 2316 Concilii
1584 2255 1737 2324 excultis,
1752 2256 1805 2316 vel

1009 2353 1045 2414 in
1060 2355 1227 2429 posterum
1243 2353 1387 2430 propriis
1406 2353 1558 2414 manibus
1587 2357 1645 2414 aut
1664 2355 1806 2430 sumpti-

1009 2451 1071 2510 bus
1084 2451 1274 2512 excolendis
1290 2449 1349 2529 (7),
1367 2452 1437 2513 sive
1450 2451 1491 2512 de
1508 2467 1624 2514 novoe
1639 2450 1733 2514 vobis
1749 2467 1807 2512 ac-

1010 2547 1153 2626 quisitis,
1165 2548 1235 2609 sive
1245 2547 1286 2608 ab
1300 2547 1380 2609 olim
1389 2549 1563 2626 possessis,
1575 2548 1721 2610 decimas
1734 2549 1808 2610 exi·

1011 2659 1099 2720 gere,
1122 2645 1174 2705 vel
1198 2646 1395 2722 extorquere
1413 2646 1603 2723 praesumat.
1621 2645 1713 2706 Nulli
1728 2661 1807 2722 ergo

1012 2741 1146 2802 omnino
1175 2742 1345 2803 hominurn
1379 2741 1466 2804 hanc
1498 2743 1654 2820 paginam
1685 2744 1808 2805 nostrae

1012 2839 1273 2900 confirmationis
1288 2839 1544 2917 infringere,vel
1558 2840 1589 2902 ei
1605 2857 1688 2902 ausu
1699 2842 1807 2902 terne-

1012 2937 1103 2998 rario
1122 2938 1300 2999 contraire.
1326 2937 1457 3014 Siquis
1480 2939 1590 3000 autem
1613 2938 1676 3000 hoc
1699 2938 1810 2999 atten-

1011 3035 1083 3095 tare
1099 3034 1356 3110 praesumpserit,
1373 3034 1634 3110 indignationem
1660 3035 1806 3112 omnipo-

1013 3130 1113 3193 tentis
1128 3131 1198 3202 Dei,
1212 3133 1244 3192 et
1257 3131 1429 3192 beatorum
1446 3131 1535 3192 Petri
1550 3133 1583 3194 et
1598 3132 1692 3193 Pauli
1710 3148 1810 3210 apos-

1012 3227 1155 3288 tolorum
1171 3230 1253 3305 ejus,
1268 3245 1304 3288 se
1320 3229 1449 3290 noverit
1462 3229 1687 3290 incursurum.

1053 3325 1170 3386 ilatum
1208 3325 1388 3398 Laterani,
1430 3326 1557 3387 decimo
1592 3328 1706 3404 quinto
1741 3326 1807 3387 lia-

1012 3421 1127 3482 lendas
1145 3422 1317 3500 januarii,
1349 3423 1559 3500 pontificatus
1586 3425 1692 3486 nostri
1720 3439 1808 3486 anno

1012 3518 1121 3580 tertio.

1339 3629 1483 3715 LXXII

1086 3753 1138 3812 Ad
1153 3751 1298 3812 Petrum
1314 3753 1468 3815 abbatem
1483 3755 1516 3813 et
1530 3756 1735 3816 coniventiam

1210 3851 1244 3908 S.
1263 3851 1409 3923 narnien·
1426 3853 1614 3911 Rcinoimls

1278 3961 1310 4018 19
1322 3959 1450 4018 decemb.
1466 3963 1543 4020 tals.

1039 4067 1137 4128 [l'arin
1149 4066 1271 4118 broliives
1282 4066 1498 4118 administratires
1508 4069 1538 4118 de
1547 4069 1641 4126 licitus,
1649 4071 1666 4126 l,
1685 4084 1712 4126 n,
1723 4069 1779 4126 blo,

1366 4161 1393 4197 n.
1407 4147 1459 4213 rt]

1013 4234 1146 4307 Indulget
1161 4245 1191 4292 ut
1204 4237 1297 4293 nullus
1317 4237 1344 4292 in
1361 4251 1412 4293 eos
1425 4239 1469 4294 vel
1480 4253 1579 4294 eorum
1602 4239 1808 4297 monasterinm

1048 4325 1110 4381 sine
1132 4324 1283 4382 rneriilesta
1304 4333 1331 4382 et
1353 4327 1511 4382 rationabili
1535 4342 1621 4383 causa
1642 4341 1807 4384 excommn-

1050 4415 1210 4484 nicationis,
1224 4414 1421 4487 suspensionis
1435 4415 1478 4470 vel
1490 4413 1630 4472 interdicti
1652 4417 1810 4474 sententies

1051 4505 1233 4576 promulgare
1250 4510 1411 4575 praesumot.

1054 4611 1231 4683 Honorius
1247 4615 1322 4682 etc,
1333 4611 1461 4672 dilectis
1475 4611 1553 4672 illlis
1566 4613 1676 4676 abbati
1688 4617 1720 4676 et
1735 4631 1809 4676 con·

1013 4709 1125 4769 ventui
1162 4711 1194 4768 S.
1227 4708 1369 4784 Remigii
1399 4709 1582 4784 Remensis,
1609 4713 1749 4774 salutem
1778 4717 1810 4790 et

1014 4805 1515 4881 apostolicambenedictionem.

1058 4904 1098 4964 ut
1120 4903 1344 4980 improborum
1364 4906 1534 4966 temeritas
1559 4923 1632 4983 quae
1652 4909 1721 4984 juri
1748 4916 1833 4985 pu·¹

159 4995 335 5072 terpretes‚
350 4994 391 5054 de
405 4995 580 5056 novalibus
589 4999 662 5073 post
676 4997 763 5058 idem
776 4997 956 5060 Concilium
1013 5000 1099 5061 blico
1114 5001 1307 5074 reluctatur,
1326 5002 1494 5064 eilicacins
1508 5001 1703 5077 refrenetur,
1720 5023 1807 5066 ncn-

160 5092 348 5168 aoquisitis,
374 5108 394 5153 a
420 5091 515 5153 vobis
544 5095 713 5170 contingat
740 5094 887 5157 indebita
910 5095 957 5174 (3)
1014 5115 1192 5174 numquam
1231 5099 1316 5175 quod
1344 5103 1395 5162 est
1428 5103 1511 5161 meri
1544 5073 1631 5178 Ju¹ris
1667 5106 1809 5178 petenti-

159 5189 394 5251 molestatione
413 5190 540 5261 vexari,
567 5207 627 5250 nos
651 5190 958 5268 interpretationem
1013 5195 1075 5255 bus
1115 5196 1305 5273 specialiter
1346 5197 1578 5274 indulgemus,
1623 5215 1706 5270 curn
1735 5202 1808 5276 plns

197 5317 240 5390 (l)
257 5319 419 5400 Etiamnum
433 5317 613 5402 dispendium
629 5319 851 5403 (lion.bistor.).
1050 5325 1091 5398 (ὅ)
1107 5325 1226 5384 Additur
1255 5335 1317 5400 post
1344 5327 1550 5402 indulgentiam
1570 5346 1576 5385 :
1593 5331 1682 5403 Super
1705 5334 1810 5392 totitas

197 5391 240 5465 (2)
257 5389 401 5448 lnboerent
414 5403 540 5462 ingenio.
556 5389 645 5461 (Mon.
656 5391 768 5462 histor.)
1011 5397 1069 5467 piis
1083 5399 1159 5454 iocis.
1170 5401 1258 5467 (lion.
1281 5399 1392 5470 bistor.)

197 5465 236 5537 (3)
251 5459 957 5535 uaesnntbaecverbsznumbeomtnamtudeotea.
1050 5469 1091 5540 (6)
1114 5471 1182 5525 Post
1214 5469 1370 5540 geminent
1407 5467 1509 5526 desunt
1539 5469 1627 5528 lineae
1658 5483 1810 5545 soquentes

161 5531 388 5614 (llon.bislor.).
522 5600 528 5612 Ι
761 5604 767 5616 .
1014 5539 1279 5612 usqueinliibemns.
1299 5540 1387 5610 (non.
1407 5539 1527 5610 histos).

197 5607 241 5676 (α)
261 5603 289 5660 ln
301 5616 401 5673 ipsam.
433 5599 471 5672 (b)
485 5601 597 5684 Etiam.¹
630 5601 861 5674 (cll’raediornm.
1050 5611 1089 5681 (7)
1105 5611 1211 5666 Desunt
1224 5617 1309 5666 etiam
1322 5611 1378 5666 bec
1394 5613 1475 5667 certo
1492 5613 1574 5670 :Sine
1588 5613 1620 5668 de
1636 5628 1703 5670 nono
1720 5630 1808 5686 nsqiio

197 5677 240 5746 (ii
253 5671 450 5729 Advertentes.
469 5671 555 5746 ilion.
569 5669 682 5748 histor.)
1014 5679 1144 5738 decanos.
1161 5680 1248 5752 (lion.
1267 5679 1380 5752 tristor.)
