3946 6304
658 414 886 474 arlsvoum.
910 415 988 474 tna.
1012 416 1066 474 1v.

64 421 113 478 iil
1628 417 1687 476 458

64 573 208 638 mandatis
223 572 373 634 omnibus
388 589 462 649 qua.
477 589 549 645 nos,
571 571 625 634 vel
646 571 720 648 ipse
741 571 835 648 lega·
889 573 990 646 vavit,
1001 563 1196 651 jimdudun
1214 575 1401 652 Justissima
1425 575 1532 652 potuit
1556 577 1589 638 te
1617 575 1688 654 pri-

63 678 117 740 tus,
147 670 234 732 vohis
269 669 463 732 duxerimus
499 669 652 730 iacienda
682 685 690 730 ε
720 669 834 730 scien·
889 685 980 731 vare.
990 670 1107 732 Adhuc
1116 673 1227 734 autem
1240 673 1386 749 experiri
1397 672 1557 744 volontas,
1575 675 1686 734 utrum

63 775 113 842 tes,
128 771 209 830 etc...
222 767 546 846 Alioquinprocerto
561 766 734 838 noveritis,
747 765 835 844 quod
890 765 1010 828 blanda
1036 769 1173 832 monitio
1199 771 1349 831 emollire
1378 770 1482 847 possit
1500 770 1609 832 cordis
1637 771 1687 833 tui

63 867 210 944 pradictae
223 864 395 941 dignitatis
409 865 536 926 honore
558 863 726 926 civitatem
754 879 834 924 ves·
890 865 1058 938 duritiam,
1074 867 1173 944 teque
1190 867 1231 928 ad
1249 867 1337 929 viam
1362 868 1572 930 rectitudinis
1590 884 1689 930 revo-

63 967 134 1026 tram
146 961 356 1040 privabimus,
373 964 444 1038 ejus
460 961 629 1028 dioeoesim
651 977 726 1022 eum
751 959 837 1021 vici·
891 964 1327 1038 care,notumtibilaoimus,
1340 981 1511 1026 monemus
1525 965 1688 1028 etexhor·

63 1064 106 1120 nis
119 1058 309 1120 dioecesibus
324 1057 540 1136 applicantes,
557 1073 598 1120 ac
617 1058 754 1134 insuper
778 1071 836 1132 per
868 1139 869 1146 ἵ
891 1060 1044 1122 tamurin
1055 1059 1206 1134 Domino,
1223 1077 1282 1138 per
1296 1063 1479 1141 apostolica
1494 1063 1554 1124 tibi
1563 1064 1687 1140 scripta

62 1157 241 1220 sententiam
267 1171 425 1232 expresse
452 1156 547 1216 vobis
571 1153 837 1232 abjudicabimus
892 1157 1097 1226 mandantes,
1114 1158 1287 1236 quatenus,
1305 1161 1391 1238 apud
1411 1163 1444 1222 te
1459 1162 1567 1238 ipsum
1592 1177 1689 1223 reco-

63 1253 253 1317 omniabona
263 1255 385 1324 vestra,
396 1269 496 1332 quum
507 1256 539 1315 et
549 1255 659 1315 vestra
671 1251 838 1328 perversi·
891 1255 1001 1329 gitans
1028 1255 1143 1332 quanti
1158 1257 1298 1333 periculi
1314 1259 1357 1320 sit
1373 1259 1458 1336 quod
1476 1260 1636 1336 praeoisus
1651 1275 1687 1320 es

64 1357 116 1424 tas,
137 1353 167 1414 et
193 1353 350 1414 statutum
375 1351 541 1426 generalis
563 1349 701 1412 concilii
723 1351 837 1410 contra
893 1351 934 1412 ab
949 1354 1175 1416 ecclesiastica
1189 1357 1327 1428 unitate,
1342 1356 1383 1416 ad
1399 1357 1508 1417 sinum
1519 1357 1686 1428 Ecclesiae,

64 1447 699 1512 haereseseteoruntanctoreseditumid
714 1461 838 1523 expos·
893 1465 967 1526 qua
982 1453 1098 1527 parata
1118 1455 1169 1514 est
1194 1452 1344 1530 recipere
1370 1454 1558 1526 redeuntes,
1575 1453 1688 1514 hurni-

64 1549 162 1608 cant...
178 1549 312 1608 Coetero
325 1546 463 1608 desunt.
894 1547 971 1608 liter
985 1549 1176 1620 revertaris,
1188 1549 1221 1609 in
1237 1549 1392 1611 manibus
1404 1550 1604 1613 venerabilis
1620 1551 1689 1612 hra-

96 1673 298 1731 Ineumdem
312 1671 453 1730 meduna
468 1667 626 1746 scriptum
641 1667 690 1730 ast
711 1683 837 1728 consu·
892 1645 954 1707 “¹⁸
979 1647 1085 1707 ¹1⁰⁸tl'i
1115 1649 1149 1707 C·
1176 1649 1370 1709 Portuansis
1396 1648 1559 1725 elli-⁰³⁰⁰llil
1587 1650 1625 1710 Α·
1652 1651 1685 1710 S·

63 1767 137 1828 libus
155 1771 187 1829 et
203 1767 324 1844 populo
339 1767 571 1836 Nemausensi,
590 1764 782 1829 consulibus
807 1767 840 1826 ct
894 1743 1007 1819 legati,
1025 1745 1166 1821 lraeb'ise
1185 1747 1331 1823 jurandO
1346 1748 1379 1808 θῒ
1395 1747 1582 1823 PraestassdO
1604 1747 1688 1808 alias

63 1865 170 1944 populo
181 1863 417 1930 ,apompeus-p,
894 1841 1031 1903 idoneas
1055 1843 1237 1916 cautiones,
1255 1845 1342 1921 quod
1364 1845 1497 1922 parebis
1522 1845 1687 1907 mandatis

383 2038 410 2128 G
894 1939 1047 2001 omnibus
1067 1957 1140 2018 quaa
1162 1957 1222 2002 nos
1246 1943 1279 2004 et
1306 1942 1377 2019 ipse
1402 1942 1464 2005 tibi
1492 1942 1686 2003 duxerimus

895 2035 1044 2098 iacienda
1063 2040 1205 2110 socians,
1220 2039 1318 2117 quod,
1336 2039 1376 2112 si,
1394 2055 1475 2101 sano
1487 2057 1568 2101 usus
1579 2039 1687 2102 consi·

107 2179 153 2238 Ap
176 2177 418 2252 eonmznzcnm
442 2175 553 2247 mium
573 2173 778 2247 Ravmmm·
895 2134 951 2206 lio,
972 2134 1059 2197 intra
1075 2151 1220 2197 mensem
1242 2136 1361 2197 seceris
1387 2136 1473 2214 quod
1503 2137 1685 2209 hortamur,

338 2284 457 2358 ddjunii
474 2284 552 2342 lato.

872 2234 1101 2306 ¹nostuorum
1125 2223 1361 2295 obliviscemur
1375 2249 1561 2306 excessum,
1588 2235 1621 2296 et
1644 2235 1686 2296 ad

62 2393 175 2458 [bouquet
192 2392 366 2456 ibid.,p.tol·
381 2390 493 2442 Vsissdta
515 2385 841 2452 liist.dubanguadoc,lll,
897 2329 1221 2442 provssioflemtuam
1236 2331 1355 2441 deflua
1371 2331 1687 2444 Sqdqssspostplicp’
1772 2417 1776 2426 ·

177 2431 183 2452 ⁹
361 2429 534 2535 praevasa]
897 2429 933 2490 ut
955 2429 1148 2505 praedictum
1169 2432 1230 2502 ast,
1257 2445 1311 2506 pre
1337 2429 1378 2490 ab
1406 2433 1504 2490 rnrtro
1519 2432 1687 2507 cogitaui,

63 2571 145 2628 donat
159 2568 358 2644 Raymundum
375 2568 463 2626 lilium
476 2567 602 2641 pontifex
622 2573 652 2623 ut
664 2564 730 2624 Sedi
747 2565 839 2636 Apos-
896 2525 1008 2588 taliter
1029 2526 1250 2638 intfflqemQ
1265 2527 1351 2605 ΨΜ
1377 2529 1526 2637 ΒΟΠΨΜ
1543 2527 1690 2637 E⁰⁰J⁰Si³

91 2659 173 2716 ,0110ae
186 2658 304 2716 tandem
323 2657 500 2728 obtemperet
518 2663 547 2714 ot
562 2653 597 2712 „d
621 2655 718 2717 sinum
743 2654 840 2712 Eccle-
897 2639 977 2699 erga
991 2625 1024 2686 ta
1043 2625 1158 2686 matris
1174 2639 1305 2686 viscera
1332 2625 1489 2688 fatebaris
1513 2623 1688 2700 habuisse3

90 2749 137 2806 sia
148 2755 327 2805 revertatur:
345 2746 470 2818 alioquin
485 2760 521 2802 ex
535 2758 569 2801 aa
584 2752 659 2800 terra
674 2743 746 2800 ultra
765 2740 842 2799 Rho·

898 2721 1045 2798 alioquin
1060 2721 1184 2784 habeas
1200 2739 1258 2798 pro
1274 2723 1451 2795 constanti,
1478 2723 1563 2800 quod
1591 2723 1691 2784 etiam

90 2837 188 2893 danum
202 2833 392 2910 dejiciendus,
423 2847 520 2906 quarn,
549 2833 660 2890 ceteris
678 2829 842 2902 deperditis,
900 2821 1147 2895 spe-reservatae
1163 2821 1364 2896 provisionis
1384 2820 1417 2881 te
1431 2819 1565 2880 omnino
1578 2819 1692 2896 priva-

92 2924 268 2998 ltavmnndus
283 2931 374 2997 pater,
388 2923 556 2994 indulgente
570 2921 698 2978 Ecclesia
716 2921 844 2977 llomana

92 3013 256 3071 obtinuerat.

899 2916 1017 2989 bimus,
1030 2919 1063 2977 et
1078 2933 1137 2993 por
1151 2917 1347 2978 sententiam
1363 2933 1521 2993 expresse
1531 2917 1590 2978 tibi
1602 2917 1693 2994 abju-

899 3013 1083 3076 dicabimus
1099 3015 1198 3075 etiam
1215 3013 1335 3076 dictam
1352 3017 1476 3076 terram
1491 3015 1575 3076 citra
1600 3015 1693 3076 Rho-

96 3124 256 3184 Honorius
272 3121 458 3198 episcopus,
482 3122 558 3192 etc,
573 3117 677 3180 nobili
700 3117 774 3178 viro
802 3117 843 3177 R:
900 3110 1020 3172 danum
1056 3112 1264 3173 existentem.
1299 3113 1368 3173 Nec
1399 3109 1546 3173 confidas
1574 3111 1610 3172 in
1639 3127 1689 3183 eo,

65 3219 173 3282 tilioli.
188 3220 356 3297 quondam
383 3217 514 3279 comitis
539 3215 708 3284 Tolosani,
739 3214 844 3291 spiri·
900 3209 986 3286 cuod
1007 3223 1095 3269 nunc
1121 3209 1182 3269 tibi
1212 3210 1413 3270 successisse
1429 3208 1572 3282 videtur,
1598 3209 1693 3287 quasi

62 3317 122 3377 tum
136 3318 267 3379 consilii
284 3315 443 3377 sanioris.
901 3309 1016 3368 contra
1029 3309 1131 3366 Datim
1142 3306 1256 3368 valeas
1270 3309 1470 3384 praevalere3
1489 3308 1577 3385 quia,
1595 3307 1623 3368 si
1635 3307 1694 3369 tibi

97 3417 169 3475 Cum
181 3415 303 3476 Tolosa
318 3411 430 3475 atalia
447 3414 534 3473 terra
550 3426 648 3488 quam
664 3409 845 3487 paterinus
900 3403 1085 3480 abjudicari
1110 3405 1287 3480 contigerit
1309 3405 1432 3466 terram
1456 3404 1572 3481 ipsam,
1598 3421 1696 3464 nurn-

64 3512 139 3574 ultra
152 3513 349 3575 Rhodanum
363 3507 517 3581 obtinuit,
535 3502 643 3570 sibiet
657 3507 845 3572 haeredibus
901 3517 999 3578 quam
1029 3501 1122 3561 illam
1152 3503 1460 3563 excommunicatus
1488 3501 1546 3562 diu
1571 3503 1695 3580 poteris

63 3610 123 3670 suis
136 3625 194 3687 par
210 3607 436 3688 apostolicam
452 3606 569 3668 Sedem
590 3605 695 3668 luerit·
712 3603 845 3681 abjudi-
901 3599 1058 3671 retinere,
1076 3615 1150 3660 curn
1167 3599 1208 3660 ab
1223 3616 1262 3661 ea
1291 3601 1505 3678 possessione
1530 3599 1574 3661 sit
1598 3597 1696 3661 facile

63 3709 127 3768 cata
151 3710 322 3785 perpetuo,
343 3702 553 3781 exigentibus
579 3703 686 3778 culpis
716 3699 797 3773 suis,
815 3699 848 3762 at
902 3695 1011 3772 deiici,
1025 3711 1099 3773 quaa
1119 3697 1192 3758 siue
1209 3698 1301 3773 Justo
1316 3697 1412 3760 titulo
1436 3696 1586 3760 noscitur
1611 3697 1697 3760 deti·

63 3805 165 3866 cadem
195 3803 389 3883 apostolica
428 3801 541 3872 Sedes,
582 3815 720 3877 sperans
761 3795 847 3875 qarod
903 3793 1013 3854 neri...
1031 3794 1314 3858 emtarodcstott.

64 3900 156 3976 ipsius
176 3899 355 3981 patristui
371 3913 469 3976 poena
484 3899 516 3960 te
533 3897 583 3961 'ab
610 3900 682 3972 ejus
697 3894 847 3970 vestigiis

63 3996 263 4073 absterreret,
280 3999 314 4059 in
335 3996 489 4058 manibus
519 3995 588 4056 suis
616 3994 754 4056 retinuit
780 3994 848 4054 ter-

63 4111 125 4157 ram
157 4098 252 4159 illam
287 4111 386 4174 quam
416 4095 506 4156 citra
529 4091 725 4154 Rhodanum
759 4090 848 4151 idem

63 4195 239 4268 paterinus
259 4192 415 4264 obtiniut,
432 4193 468 4254 ut
493 4189 649 4252 videlicet
672 4191 763 4251 terra
788 4186 848 4248 tibi

64 4291 243 4363 provideret
267 4289 394 4360 eadem,
410 4289 439 4349 si
458 4290 491 4349 te
513 4287 650 4362 dignum
670 4285 711 4348 da
728 4284 848 4361 hujus·

63 4388 141 4449 modi
154 4389 264 4466 gratia
276 4386 480 4451 exhiberesz
505 4386 542 4446 tu
565 4399 658 4452 vero,
685 4382 848 4472 ejusmodi

1231 3981 1368 4069 CLXII

1036 4125 1087 4186 Ad
1100 4128 1282 4188 maticenses
1296 4126 1425 4188 carnit
1438 4123 1565 4197 sidetes.

1186 4245 1221 4304 as
1238 4245 1309 4320 jann
1337 4245 1415 4304 raso.

1024 4359 1168 4424 [Sabrddan
1182 4361 1278 4424 Papist.
1290 4360 1471 4425 Msklenburg„
1482 4360 1502 4410 1.
1514 4359 1582 4424 san]

63 4485 155 4559 pap-js
177 4487 228 4548 tui
258 4485 410 4561 vestigiis
438 4481 633 4544 deserendis
665 4480 847 4548 inmens,
905 4467 1052 4527 Universis
1077 4467 1180 4526 Christi
1204 4465 1334 4526 ildelibus
1357 4481 1424 4525 vere
1448 4465 1651 4540 paenitentibus
1672 4473 1701 4524 et

63 4579 162 4645 lonsti
178 4585 211 4646 et
224 4583 321 4645 loves
333 4580 521 4652 haereticos,
536 4578 650 4640 fideles
666 4579 776 4638 autem
792 4578 851 4638 im·
938 4555 1079 4658 ⁰9¹¹s05⁸¹⁸
1094 4557 1143 4628 (1¹¹1
1161 4557 1313 4656 θέθῑθθῑθω
1332 4556 1546 4658 ᾎΨθῖῑῦθῦῧθῑῦ
1565 4555 1699 4614 mum·

63 4681 207 4755 pugnasti
227 4683 260 4743 et
289 4679 498 4742 incessanter
523 4677 710 4753 impugnas,
740 4675 787 4737 ita
815 4677 852 4737 ut
940 4653 1007 4716 ΠΜ»
1026 4643 1221 4720 ¹⁰d¹¹¹g⁶¹¹¹¹³⁸
1234 4643 1375 4704 meda·

63 4790 122 4837 non
136 4780 240 4840 solum
258 4776 491 4838 haereticorum
501 4769 686 4845 lautor,sad
699 4773 731 4834 at
742 4772 852 4833 haere-
946 4772 1124 4845 Honorius,
1142 4772 1216 4844 etc,
1231 4772 1397 4834 universis
1411 4772 1532 4835 Christi
1548 4771 1701 4832 ddelibns

63 4873 140 4938 ticus
153 4875 313 4946 videaris,
331 4875 363 4936 at
377 4874 583 4935 tamterrarn
605 4869 669 4948 ipsi
690 4870 850 4947 patrituo
907 4871 1087 4950 praesentes
1113 4870 1243 4932 litteras
1265 4870 1483 4948 inspecturis,
1511 4867 1704 4952 salutemet

64 4973 92 5032 et
104 4971 289 5034 haeredibus
304 4973 388 5048 eiua,
405 4972 441 5033 ut
455 4969 650 5046 praedictum
668 4969 728 5038 esi,
754 4966 852 5044 abju-
906 4968 1121 5046 apostolicam
1137 4967 1412 5030 benedictionem.

65 5065 196 5131 dicatam
207 5069 356 5137 omnino,
368 5083 466 5144 quarn
479 5081 553 5126 eam
564 5081 637 5144 quae
649 5064 711 5124 suit
725 5079 784 5142 pro
794 5068 851 5126 tua
947 5063 1111 5144 Splendor
1131 5067 1278 5142 paternas
1303 5065 1504 5143 gloriandi
1524 5081 1585 5127 sua
1606 5079 1704 5124 mun-

64 5167 244 5240 provisione
268 5166 412 5238 servata,
428 5163 593 5228 violenter
617 5162 791 5234 invadens,
820 5161 853 5222 et
907 5164 985 5224 dum
1003 5161 1168 5225 illuminat
1190 5162 1354 5226 ineffabili
1379 5163 1540 5234 claritate,
1558 5161 1612 5239 pia
1627 5161 1704 5223 vota
1787 5205 1788 5208 ,

63 5261 94 5322 in
107 5281 144 5324 ea
158 5265 275 5326 lavans
291 5263 505 5325 haereticisat
515 5262 702 5337 receptans,
717 5275 854 5321 excom·
909 5260 1055 5321 fidolium
1077 5261 1118 5321 da
1138 5260 1397 5324 clementissima
1411 5261 1516 5336 ipsius
1531 5259 1705 5337 majestate

64 5359 291 5424 nutricationis
307 5361 505 5422 sententiam
521 5359 732 5437 propterhoc
758 5356 791 5420 in
820 5359 853 5418 ie
909 5356 1113 5436 sperantium
1138 5361 1217 5422 tunc
1248 5357 1415 5435 praecipue
1443 5373 1564 5434 magno
1591 5357 1705 5420 favore

64 5456 155 5520 latim
170 5459 315 5522 amultis
324 5462 394 5536 jam
409 5459 508 5521 annis
533 5456 748 5534 pertinaciter
772 5473 855 5518 con·
910 5455 1132 5533 prosequitur,
1147 5473 1221 5518 cuni
1242 5456 1359 5517 devota
1372 5456 1519 5532 ipsorum
1534 5455 1705 5517 humilitas

65 5557 243 5629 temnendo,
271 5558 316 5618 lta
341 5556 524 5618 exhibuisti
541 5555 739 5632 spostolicae
760 5554 854 5615 Sedis
910 5555 1098 5615 sanctorum
1124 5553 1277 5630 precibus
1306 5555 1339 5615 et
1362 5553 1489 5614 meritis
1516 5553 1703 5630 adjuvatur.

66 5656 162 5726 gratia
175 5657 205 5716 te
223 5653 406 5732 indignum,
418 5655 521 5730 utspe
537 5651 741 5732 provisionis
755 5667 853 5730 qtinm
910 5651 1085 5728 Cupientes
1100 5647 1213 5726 'igitur
1243 5655 1279 5713 ut
1311 5649 1453 5714 ecclesia
1481 5651 1705 5714 Zverinensis

67 5751 118 5811 tibi
135 5754 167 5813 in
183 5752 322 5830 praelata
334 5755 423 5814 terra
437 5752 521 5815 citra
537 5751 734 5814 Rhodanum
750 5765 854 5812 reser-
893 5765 983 5827 2quae
998 5765 1085 5812 nova
1099 5749 1261 5826 plantatio
1282 5748 1538 5826 extititsponsa
1554 5751 1586 5813 et
1601 5748 1706 5811 mater·
