3946 6304
115 339 176 398 all
738 337 967 398 EPISTOLAE.
992 337 1069 397 LIB.
1093 337 1147 398 IV.
1626 353 1629 360 ·
1707 337 1766 398 442

114 499 327 577 accepimus,
357 496 414 559 sed
443 512 509 558 non
539 495 651 574 utique
679 497 910 574 acceptamus,
967 495 1117 566 clericos,
1135 495 1314 572 orphanos,
1334 489 1374 557 ac
1395 497 1486 561 uiros
1506 497 1683 580 religiosos
1697 513 1763 574 op-

114 598 210 674 quod
224 595 352 658 nobiles
364 595 428 658 riri
441 597 494 656 W.
508 594 548 656 de
563 593 752 671 Parthenay
765 595 857 656 etW.
873 593 914 654 de
968 593 1122 668 primere,
1129 594 1329 655 testamenta
1343 594 1573 656 decedentium
1587 595 1760 671 impedire,

114 696 268 771 Mangot,
283 693 459 770 etquidem
474 693 532 755 alii
545 691 911 758 militasPictavienses,
936 735 937 738 ,
967 691 1059 764 regia
1076 694 1165 766 jura,
1187 695 1302 753 contra
1324 691 1496 753 scientiam
1513 690 1561 770 (2)
1577 692 1689 755 dilecti
1701 693 1762 754 biii

114 793 194 868 ligii
211 792 363 853 homines
376 791 466 867 regis
480 791 639 869 ejusdem,
660 788 836 850 occasione
850 803 912 848 cu·
969 788 1074 849 nostri
1094 788 1283 865 Pandulphi
1305 789 1532 851 Norwicensis
1554 790 1663 863 electi,
1689 806 1764 851 mu·

111 889 254 966 jusdam
291 890 440 966 pecuniae
473 905 571 966 quam
611 888 710 948 clarae
745 885 914 947 memoriae
969 885 1059 959 nire3
1082 900 1122 946 ac
1145 887 1488 948 excommunicatione
1517 887 1639 962 ligatus
1663 889 1762 964 inge-

113 990 145 1048 J.
169 987 268 1064 pater
286 985 375 1062 regis
395 985 499 1062 ipsius
515 987 564 1046 eis
576 984 783 1062 promiserat,
799 997 916 1060 quam·
970 995 1043 1043 rere
1066 999 1101 1044 se
1121 983 1254 1044 divinis.
1272 985 1352 1045 Item
1369 986 1468 1046 etiam
1483 985 1762 1062 appellationibus

114 1083 175 1145 diu
194 1083 260 1144 sibi
275 1085 421 1160 placeret
436 1083 475 1144 de
490 1100 551 1144 sua
568 1097 700 1144 camera
722 1081 916 1158 persolven-
970 1095 1037 1141 non
1052 1081 1157 1143 desert
1171 1082 1212 1142 ad
1226 1085 1408 1144 Romanam
1424 1083 1606 1145 Ecclesiam
1621 1084 1765 1161 inte'rpe

114 1181 209 1254 dam,
225 1181 322 1242 villas
337 1181 370 1242 et
390 1182 498 1242 castra
522 1179 611 1256 regis
635 1178 784 1256 praedicti
798 1177 914 1239 multi·
971 1179 1055 1251 sitis,
1065 1179 1186 1240 statuta
1197 1180 1363 1254 generalis
1373 1181 1512 1241 concilii
1522 1197 1588 1242 non
1597 1181 1761 1254 observat,

114 1279 256 1358 pliciter
279 1279 477 1356 inquietant,
501 1294 616 1356 pacem
632 1276 734 1340 totius
755 1276 916 1338 Pictaviae
971 1291 1139 1353 nunquam
1155 1278 1309 1353 proponit
1323 1278 1443 1354 populo
1457 1277 1593 1340 verbum
1609 1279 1679 1352 Dei,
1699 1277 1766 1341 lin-

114 1377 366 1454 perturbantes.
391 1376 475 1448 Quia
493 1391 574 1438 vero
595 1375 706 1436 aliena
728 1373 806 1436 sunt
826 1389 918 1434 com·
971 1390 1036 1450 gua
1052 1374 1085 1435 et
1099 1374 1252 1450 exemplo
1264 1375 1340 1436 vitae
1361 1391 1499 1450 pravum
1521 1373 1660 1438 subditis
1674 1390 1772 1454 prae-'

116 1473 421 1552 pescendivirtuta,
436 1473 492 1550 qui
504 1488 564 1534 suo
576 1475 653 1533 sunt
665 1471 748 1534 vitio
763 1471 915 1548 inquieti,
971 1471 1026 1532 bet
1050 1471 1247 1547 exemplum,
1278 1486 1390 1532 coram
1405 1473 1517 1534 multis
1528 1473 1665 1550 jnravit,
1680 1473 1764 1550 quod

115 1571 328 1635 fraternitati
353 1572 473 1634 vestrae
499 1586 558 1648 per
577 1569 766 1647 Apostolica
794 1567 917 1644 scripta
972 1585 1099 1645 pacem,
1118 1570 1190 1645 ipso
1208 1569 1354 1640 virente,
1371 1570 1601 1631 Dunelmensis
1623 1571 1765 1633 ecclesia

116 1671 332 1741 mandamus,
353 1670 526 1747 quatenus,
550 1669 579 1729 si
594 1669 644 1730 est
660 1667 719 1739 ita,
742 1665 919 1744 praedictos
973 1683 1038 1728 non
1067 1666 1212 1728 habebit.
1239 1667 1468 1743 conquerente
1503 1667 1566 1728 sibi
1602 1667 1766 1730 monacho

115 1765 264 1839 nubilae,
279 1767 343 1828 uta
359 1764 508 1842 praedicti
520 1765 610 1840 regis
621 1779 722 1841 super
736 1762 788 1824 his
801 1762 917 1824 etaliis
973 1764 1113 1841 quodam
1129 1765 1343 1825 Dunelmensi
1366 1781 1401 1825 se
1421 1780 1440 1825 a
1458 1765 1679 1826 servientibus
1696 1767 1766 1827 suis

116 1863 357 1926 molestatione
372 1859 520 1924 indebita
533 1861 780 1939 conquiescant,
805 1859 917 1922 moni·
973 1862 1014 1923 ab
1045 1862 1185 1923 ecclesia
1211 1863 1352 1938 quadam
1380 1861 1484 1923 fuisse
1512 1863 1708 1936 extractum,
1735 1863 1768 1926 et

115 1963 214 2024 tione
230 1961 415 2038 praemissa,
431 1959 653 2037 appellatione
670 1959 807 2030 remota,
823 1958 916 2018 veri·
973 1975 1077 2037 usque
1098 1960 1139 2020 ad
1164 1961 1337 2036 sanguinis
1363 1960 1560 2021 effusionem
1584 1961 1764 2038 pulsatum,

116 2061 189 2121 tate
212 2059 356 2134 cognita,
383 2057 609 2134 compellatis;
626 2056 817 2118 mandatum
839 2071 919 2116 nos·
973 2057 1143 2134 respondit
1157 2059 1188 2118 ei
1204 2058 1289 2135 quod
1305 2058 1423 2119 melius
1450 2056 1574 2119 factum
1593 2057 1710 2122 suisset
1734 2059 1763 2120 si
1831 2105 1838 2112 .

118 2158 214 2218 trum
259 2156 371 2218 taliter
415 2154 605 2232 impleturi,
650 2153 737 2232 quod
779 2152 919 2228 diligere
974 2156 1157 2218 servientes
1170 2155 1315 2233 episcopi
1327 2155 1524 2216 monachum
1536 2156 1764 2233 peremissent.

115 2252 288 2330 justitiam
300 2255 334 2315 et
347 2268 481 2314 servare
495 2251 715 2330 obedientiam
735 2249 920 2328 probemini
975 2253 1049 2330 Ipse
1071 2253 1210 2330 insuper
1232 2253 1448 2330 apostolicam
1471 2254 1632 2329 regulam,
1659 2254 1768 2316 conti-

120 2366 166 2412 ex
179 2350 317 2423 affectu,
336 2351 369 2411 et
383 2366 442 2411 nos
460 2349 668 2411 devotionem
683 2350 826 2410 vestram
842 2363 921 2424 pos·
976 2336 1107 2413 nentem
1121 2351 1229 2428 qualis
1254 2351 1371 2412 debeat
1396 2366 1470 2412 esse
1491 2350 1677 2428 episcopus,
1703 2366 1765 2428 pa-

119 2449 230 2509 simus
251 2447 492 2509 commendare.
518 2449 636 2508 Datum
649 2445 800 2518 viterbii,
818 2443 922 2508 Vlia·
975 2449 1065 2510 nitus
1090 2447 1230 2509 calcavit
1258 2449 1293 2509 in
1322 2447 1461 2510 cunctis,
1497 2449 1566 2510 Nos
1593 2463 1693 2525 ergo,
1725 2447 1767 2510 ne

119 2545 454 2622 lendasjunii,annc
471 2545 601 2622 quarto.
976 2547 1094 2608 alienae
1121 2546 1227 2623 culpae
1253 2545 1356 2606 simus
1388 2547 1560 2619 auctores,
1591 2546 1619 2607 si
1645 2545 1768 2608 clausis

977 2644 1083 2704 oculis
1102 2645 1150 2705 tot
1174 2643 1207 2705 et
1222 2643 1316 2705 tanta
1337 2643 1486 2719 praedicti
1508 2643 1655 2721 episcopi
1676 2644 1772 2705 tran-

453 2713 606 2800 GXLIV
977 2757 1110 2801 seamus
1118 2741 1241 2812 errata,
1254 2756 1327 2801 cum
1343 2740 1382 2801 ad
1397 2757 1457 2802 nos
1472 2741 1598 2802 clamor
1609 2757 1709 2818 super
1718 2740 1771 2802 his

119 2851 177 2910 Ad
189 2850 368 2924 episcopos
382 2849 673 2910 sarisberiensem
692 2847 920 2908 etlilieusem.
978 2839 1174 2909 ascenderit,
1195 2839 1232 2900 ut
1257 2837 1515 2900 dissimulationi
1538 2839 1682 2916 amplius
1703 2855 1769 2900 non

422 2961 457 3020 29
476 2962 544 3018 maii
559 2961 638 3019 llio.
979 2937 1022 2998 sit
1039 2937 1142 3007 locus,
1160 2936 1295 3012 dignum
1311 2936 1465 2997 duximus
1486 2952 1528 2997 ex
1543 2936 1644 2998 officii
1664 2935 1770 2998 nostri

294 3067 501 3132 [Mamaeanos.
515 3067 674 3126 ,opqffl
687 3065 769 3130 ,0954
978 3034 1087 3096 debito
1107 3033 1308 3095 descendere
1330 3035 1366 3095 ut
1390 3033 1461 3095 haec
1482 3033 1686 3118 an‘itasint,
1716 3033 1770 3094 vel

123 3186 247 3245 Mandat
268 3193 299 3243 ut
316 3182 353 3241 da
373 3184 538 3242 excessibus
547 3148 688 3242 ⁸llichardi
725 3183 925 3240 Dunclmensis

156 3275 292 3348 episcopi
304 3271 468 3340 informent,
481 3281 510 3330 et
522 3287 586 3345 que
599 3271 761 3330 invenerint
774 3271 925 3330 adsedem

160 3362 363 3437 apostolicam
379 3363 580 3420 transmittant.

166 3481 349 3551 Honorius,
376 3481 452 3551 etc,
476 3477 714 3540 sarisberiensi
733 3479 766 3541 et
787 3477 923 3548 Eliensi,

126 3579 207 3650 etc„
226 3577 402 3654 episcopis,
419 3578 480 3638 etc.
502 3577 550 3638 lta
574 3576 669 3637 nobis
686 3577 721 3636 in
741 3575 842 3637 odore
864 3574 926 3636 bo-

127 3692 181 3736 nae
198 3674 368 3751 opinionis
383 3673 522 3735 fratrum
537 3675 571 3735 et
582 3674 834 3748 cooperatorum
853 3687 928 3733 nos·

127 3773 260 3832 trorum
276 3769 430 3831 convenit
441 3768 610 3839 delectari,
630 3767 667 3829 ut
687 3768 721 3828 in
737 3767 927 3844 pestilenti-

106 3867 191 3930 bus
213 3867 297 3928 vitia
319 3883 386 3927 non
409 3865 581 3942 palpemus
597 3885 604 3925 ε
621 3880 695 3926 cum
721 3880 787 3924 non
812 3865 928 3925 deceat

129 3982 191 4042 pro
210 3965 398 4025 reverentia
409 3963 535 4024 ordinis
548 3963 714 4024 sustinere
737 3963 926 4038 peccantes,

130 4077 276 4139 quorum
290 4061 387 4138 culpa
395 4061 445 4122 tot
456 4075 513 4121 eos
528 4059 646 4135 dignos
661 4057 822 4120 mortibus
834 4058 926 4131 iacit,

130 4157 264 4236 quoted
277 4157 441 4234 subJectos
457 4156 651 4234 perditionis
662 4155 814 4234 exempla
824 4155 930 4218 trans·

979 3117 1087 3204 aliter,
1104 3132 1286 3194 rideamus.
1302 3131 1463 3203 Quocirca
1485 3131 1686 3193 fraternitati
1697 3146 1773 3192 ves-

979 3232 1040 3292 trae
1054 3245 1113 3306 per
1127 3229 1316 3306 Apostolica
1331 3229 1454 3306 scripta
1467 3228 1673 3299 mandamus,
1686 3244 1772 3306 qua-

978 3329 1075 3390 tenus
1090 3327 1249 3404 inquisita
1260 3342 1361 3404 snper
1372 3327 1425 3388 bis
1439 3327 1472 3389 et
1487 3312 1619 3402 cognita
1632 3327 1775 3389 sollicite

979 3426 1130 3498 veritate,
1155 3441 1229 3502 quaa
1253 3425 1458 3496 inveneritis,
1488 3424 1611 3486 vestris
1633 3425 1776 3487 fideliter

981 3523 1120 3584 inclusis
1133 3522 1265 3599 sigillis,
1281 3522 1484 3604 adnostram
1499 3522 1711 3599 praesentiam
1720 3537 1777 3584 ra-

981 3620 1130 3692 mittatis
1146 3621 1183 3682 ut
1202 3621 1338 3681 auctore
1352 3622 1431 3692 Deo,
1449 3619 1534 3697 quod
1546 3620 1719 3696 superhoc
1731 3618 1778 3682 ia-

982 3719 1135 3780 ciendum
1143 3717 1254 3789 luerit,
1265 3719 1461 3780 statuamus.
1471 3718 1589 3779 Datum
1597 3717 1774 3778 viterbii...

985 3815 1045 3896 [iv
1059 3815 1126 3877 kal.
1139 3813 1245 3894 junii]
1262 3815 1353 3891 pont.
1370 3815 1477 3876 nostri
1489 3830 1578 3876 anno
1593 3816 1722 3891 quarto.

1316 3965 1449 4052 cxlv

983 4095 1035 4155 Ad
1044 4094 1328 4167 archiepiscopos,
1344 4089 1492 4162 abbates,
1497 4091 1637 4164 priores
1646 4090 1681 4152 et
1694 4092 1779 4152 altos

1024 4193 1245 4252 ecclesiarum
1256 4187 1421 4263 praelatos
1431 4201 1499 4261 per
1512 4203 1660 4264 reprom
1668 4192 1780 4248 Frau-

130 4257 271 4318 mittunt
293 4255 349 4331 qui
375 4255 447 4316 sola
472 4270 546 4331 quae
570 4252 748 4330 pravitatis
777 4253 929 4329 exempla

242 4353 248 4364 .
274 4352 280 4364 .
381 4351 388 4364 .
428 4351 434 4364 .
619 4351 626 4363 ,
1024 4291 1087 4348 cire
1101 4285 1315 4349 coristr'iutos.

132 4355 355 4430 consprclunt,
378 4350 561 4413 imitantur.
586 4353 672 4412 Hinc
690 4351 839 4427 estquod
856 4365 930 4412 cum

132 4451 173 4512 de
183 4449 369 4512 venerabili
378 4448 480 4510 fratre
491 4449 606 4510 nostro
617 4448 834 4510 Dunalmensi
845 4449 932 4525 epis·
1142 4388 1516 4549 [wadfflnffpffiffip
1526 4483 1545 4542 1,
1556 4483 1625 4550 amp

131 4563 219 4626 ⁰⁰P⁰
244 4547 381 4658 ffaepiffl,
393 4545 488 4606 ΗΘΜ
511 4544 844 4656 iminuffmfussfflnt
853 4563 931 4623 “1¹¹ae
986 4578 1089 4636 Notum
1107 4573 1174 4633 iacit
1192 4574 1336 4632 Honorius
1349 4589 1381 4630 se
1395 4573 1555 4646 approbare
1577 4573 1707 4631 ordinem
1723 4572 1778 4632 ira·

133 4647 176 4708 ab
200 4644 383 4722 OPISOOPall
407 4643 580 4705 Πθῦθῦῗᾶῑθ
614 4659 753 4704 mmmm
778 4642 934 4704 d¹S⁸01¹³·
1021 4673 1096 4723 trum
1121 4664 1273 4732 lituorum,
1289 4670 1317 4720 et
1334 4662 1435 4720 iratres
1452 4661 1561 4720 ordinis
1575 4663 1665 4734 ipsius
1678 4679 1780 4738 recog·

134 4743 216 4806 hant
238 4763 246 4802 τ
267 4741 401 4803 tandem
418 4741 453 4801 in
481 4740 683 4802 001101110³fi8
706 4739 841 4801 funibus
862 4741 934 4802 01³·
1023 4766 1142 4810 noscere
1167 4749 1333 4808 catholicos.
1354 4753 1452 4810 Monet
1475 4751 1609 4823 prelatos
1630 4760 1661 4810 ut
1682 4751 1784 4810 iratres

136 4839 241 4901 moris
257 4836 304 4917 (1)
327 4836 474 4908 excitati,
493 4839 612 4898 utnon
637 4838 836 4913 pateremur,
859 4853 933 4898 cum
1023 4849 1235 4914 tanquamvere
1247 4838 1346 4897 tideles
1357 4840 1547 4912 etreligiosoa
1560 4840 1590 4897 in
1603 4841 1664 4898 suis
1675 4839 1780 4897 dioece·

136 4936 325 5013 perditione
341 4934 530 5005 multorum,
547 4934 718 5010 quiescere
734 4934 878 5010 amplius
898 4935 933 4995 in
1023 4930 1102 4987 sibus
1116 4927 1277 4986 admittant.

137 5035 208 5094 suis
225 5031 478 5094 enormitatibus
491 5031 680 5108 episcopum
697 5033 931 5106 memoratum
1028 5029 1208 5101 Honorius,
1216 5026 1548 5101 etc.,venerabilibus
1559 5026 1716 5088 fratribus
1727 5043 1785 5087 ar-

138 5131 259 5207 dequo
276 5129 460 5190 insinuatio
484 5127 629 5189 clamosa
649 5129 820 5204 processit,
847 5128 933 5206 quod
990 5114 1227 5202 cbiep'iscopis,
1245 5127 1278 5188 et
1302 5124 1530 5202 episcopis,et
1554 5123 1683 5184 dilectis
1705 5123 1783 5185 filiis

138 5229 314 5304 postquam
338 5224 400 5286 luit
417 5225 459 5285 ad
476 5225 620 5286 officium
643 5224 835 5301 pontificale
852 5241 933 5302 pro·
990 5223 1175 5296 abbatibus,
1205 5223 1374 5300 prioribus
1402 5223 1435 5284 et
1463 5219 1540 5282 aliis
1568 5219 1784 5282 ecclesiarum

139 5327 261 5397 motus,
278 5339 356 5384 reus
376 5322 560 5399 sanguinis,
582 5323 747 5394 simoniae,
764 5323 933 5395 adulterii,
990 5321 1149 5400 praelatis,
1169 5337 1229 5398 per
1251 5335 1392 5395 regnum
1407 5317 1559 5380 Franciae
1583 5318 1783 5391 constitutis,

139 5421 319 5497 sacrilegii,
336 5421 475 5495 rapinae,
492 5419 642 5496 perjurii,
664 5435 704 5480 ac
719 5419 936 5496 dilapidatio·
991 5417 1131 5479 salutem
1146 5418 1179 5478 et
1191 5416 1406 5493 apostolicam
1419 5413 1694 5475 benedictionem.

141 5521 193 5580 nis
214 5516 406 5594 multiplicis
422 5519 472 5577 est
485 5515 622 5578 effectus
639 5538 646 5575 :
663 5532 731 5577 non
751 5515 934 5577 formidans
1031 5519 1096 5576 Pro
1121 5513 1249 5574 dilectis
1265 5513 1343 5573 filiis
1356 5510 1514 5573 iratribus
1529 5511 1569 5570 de
1585 5511 1700 5572 ordine
1716 5509 1785 5571 ira-

178 5657 219 5732 (l)
239 5659 343 5714 Forte:
360 5656 610 5714 inculcatisaimul
624 5657 808 5714 clamoribus.
1027 5655 1068 5728 (i)
1088 5657 1171 5712 Forte
1187 5671 1195 5710 .·
1209 5653 1394 5711 mutantium.
