4198 6322
130 385 170 476 §tl
757 375 983 436 EPISTOLAE.
1010 376 1086 436 LIB.
1111 377 1167 434 III.

130 517 226 578 salva
240 513 466 578 moderatione
481 511 618 574 concilii
636 509 816 588 generalis
834 510 928 573 vide-

130 617 212 676 11001
227 614 262 676 01
276 614 317 675 10
335 612 454 674 0110010
467 605 565 673 terris
580 624 599 671 a
614 611 762 685 tempore
779 607 927 685 praedicti

130 713 273 776 Concilii
293 710 463 788 acquisitis
476 711 508 771 et
522 705 562 770 de
582 709 701 770 caetero
717 705 927 784 acquirendis

130 809 309 872 exsolvant
321 809 466 869 decimas
481 805 643 878 ecelesiis,
661 799 779 882 quibus
798 804 927 866 ratione

129 909 335 987 praediorum
359 906 457 968 antea
484 901 713 977 solvebantur,
740 901 805 963 nisi
830 903 928 963 aliter

130 1023 208 1068 cum
224 1007 274 1068 010
291 1005 447 1066 duxerint
461 1003 735 1080 componendum,
749 1001 834 1062 alias
846 1016 929 1078 quo-

129 1121 196 1182 que
220 1102 395 1182 praedictos
411 1101 529 1164 fratres
553 1099 594 1162 ab
610 1097 798 1161 incursibus
826 1095 926 1160 mali-

130 1218 274 1278 gnorum
288 1201 401 1262 taliter
418 1199 612 1271 defendatis
630 1198 715 1276 quod
736 1197 927 1260 defensores

126 1299 270 1375 justitiae
298 1313 338 1359 00
366 1297 499 1375 pietatis
534 1295 718 1373 probemini
750 1296 925 1365 amatores,

129 1397 373 1473 Dominamque
383 1395 477 1458 vobis
489 1396 666 1471 propitium
674 1393 927 1455 etnosreddatis

129 1495 255 1556 exinde
274 1493 474 1559 favorabiles
489 1493 522 1554 et
536 1492 709 1567 benignos.
733 1492 850 1553 Datum
864 1493 929 1551 La-

131 1593 252 1663 terant,
269 1594 314 1653 111
330 1607 436 1652 nonas
443 1589 602 1668 januarii,
621 1589 830 1666 pontificatus
847 1603 930 1648 nos-

129 1690 175 1750 tri
197 1705 285 1750 anno
300 1689 412 1750 tertio.

412 1899 649 1987 LXXXVIII

211 2043 263 2102 nd
277 2042 430 2102 abbatem
436 2045 594 2115 priorem
606 2041 724 2102 Sancti
739 2042 849 2101 Albini

129 2140 166 2200 01
188 2139 400 2214 magistrum
417 2142 612 2202 0010100000
635 2141 926 2214 andegavensem.

439 2269 456 2325 3
475 2267 630 2340 1001218.

157 2393 277 2455 [aegest.
291 2391 337 2441 lib.
348 2391 391 2449 111,
406 2390 480 2456 epist.
493 2389 547 2440 197.
562 2391 619 2440 tiss.
630 2390 665 2439 La
676 2391 751 2440 Porta
764 2389 798 2439 du
811 2389 904 2450 Thell]

127 2510 173 2565 De
194 2507 361 2564 simoniacis
374 2507 403 2564 in
420 2507 541 2564 ecclesie
558 2505 763 2566 vindocinensi
777 2503 930 2562 informent

430 2603 458 2652 et
473 2596 631 2669 corrigant.

170 2705 351 2777 Honorius,
365 2704 440 2777 010.,
451 2705 579 2766 11100110
591 2703 705 2764 filiis...
720 2702 847 2775 abbati,
860 2705 928 2766 et...

128 2803 237 2879 priori
254 2802 365 2864 Sancti
376 2801 488 2863 Albini
496 2802 730 2877 et...magistro
742 2801 929 2864 scholarum

126 2897 344 2974 Andagaven.

171 2995 318 3057 Dilectus
343 2995 431 3056 filius
455 2991 556 3056 Fulco
579 2995 760 3056 canonicus
780 2993 930 3056 ecclesiae

128 3093 221 3153 beati
244 3093 389 3170 Georgii,
405 3091 623 3154 vindocinen.
642 3089 736 3154 nobis
763 3107 930 3170 exponere

129 3191 335 3265 procuravit
361 3189 447 3266 quod
468 3189 628 3265 magister
651 3191 695 3250 M.
726 3189 928 3266 capicerius,

128 3287 296 3348 Hearicus
311 3290 344 3348 et
358 3287 472 3348 Simon
488 3288 653 3359 canonici,
670 3287 702 3347 et
723 3284 856 3363 quidam
872 3286 931 3348 alii

128 3383 248 3444 clerici
269 3383 305 3445 10
319 3385 393 3463 ipsa
407 3384 549 3446 ecclesia
573 3384 755 3446 simoniace
778 3387 855 3446 sunt
870 3400 930 3446 re-

128 3481 232 3556 cepti,
250 3480 334 3542 01001
348 3481 435 3542 fama
455 3481 587 3558 publica
603 3481 813 3558 protestatur.
834 3484 932 3554 Quae·

127 3578 208 3638 dam
223 3579 322 3639 etiam
333 3578 368 3639 in
384 3579 497 3638 eadem
509 3579 650 3640 ecclesia
664 3595 760 3654 per...
779 3578 930 3640 abbatem

129 3676 264 3736 Sanctae
279 3675 394 3737 Mariae
413 3675 543 3736 blesen.
569 3677 602 3736 et
621 3675 765 3751 collegas
781 3691 859 3738 suos
874 3676 929 3736 di-

129 3773 210 3833 lecti
225 3771 288 3832 tilii
301 3772 406 3833 nostri
420 3775 458 3834 R.
482 3770 571 3834 tituli
590 3773 696 3834 sancti
713 3767 872 3850 Stephani
896 3773 930 3834 in

128 3870 237 3930 Coelio
250 3869 361 3931 moute
381 3868 566 3947 presbyteri
582 3868 763 3930 cardinalis
782 3873 861 3933 tunc
881 3871 932 3932 le-

128 3964 202 4039 gati
223 3963 317 4024 Sedis
337 3963 732 4040 Apostolicaedelegatos,
749 3965 859 4024 minus
871 3979 931 4025 ca-

129 4061 253 4121 nonice
269 4059 472 4122 statutaesse
485 4061 678 4134 noscuntur,
700 4064 931 4138 0000100010-

129 4157 207 4218 licae
223 4157 440 4218 correctionis
454 4157 568 4217 limam
585 4157 775 4234 exposcunt.
790 4156 931 4234 Ideoque

130 4253 328 4316 discretioni
348 4253 467 4315 vestrae
493 4269 553 4330 per
586 4249 777 4330 Apostolica
810 4256 932 4332 scripta

129 4350 342 4422 mandamus,
354 4352 516 4425 quatenus
533 4349 574 4412 ad
587 4349 696 4411 locum
711 4352 933 4429 personaliter

130 4447 339 4517 accedentes,
357 4446 514 4522 inquisita
535 4463 637 4522 super
655 4447 708 4508 bis
732 4449 804 4509 vice
819 4449 932 4510 nostra

131 4548 167 4606 et
177 4543 310 4619 cognita
325 4543 475 4615 veritate,
493 4542 716 4619 appellatione
726 4547 853 4606 remota
864 4561 934 4606 cor·

130 4641 252 4717 rigatis
267 4642 300 4701 01
322 4637 509 4700 relormetis
531 4639 566 4700 in
591 4639 679 4702 11010
701 4640 842 4703 00010010
859 4659 932 4720 quae

131 4737 350 4799 correctionis
365 4739 398 4798 et
412 4735 659 4798 reformationis
678 4735 789 4799 officio
804 4737 931 4800 videri-

130 4835 177 4896 tis
192 4833 355 4909 indigere,
375 4833 570 4896 reducentes
587 4834 623 4894 10
648 4834 781 4896 irritum
802 4835 831 4894 01
855 4835 932 4912 0011

132 4933 251 4993 000100
268 4933 324 5006 jus
339 4945 535 5008 expressum
549 4930 747 4992 inveneritIs
762 4931 871 4992 minus
885 4931 932 4992 li-

132 5029 200 5089 0110
212 5027 418 5089 attentatum.
442 5027 534 5099 Quod
564 5027 594 5087 si
621 5043 688 5089 non
710 5043 836 5097 omnes,
856 5029 931 5102 010.,

132 5125 200 5186 100
221 5125 379 5196 vestrum,
409 5125 471 5185 010.
501 5124 620 5184 Datum
644 5125 811 5196 Laterani,
835 5125 933 5187 tertio

132 5237 241 5282 nonas
267 5221 435 5298 januarii,
473 5221 683 5298 pontificatus
711 5223 817 5283 nostri
845 5238 933 5283 anuo

136 5317 247 5378 tertio.

1242 530 1249 559 ''
1286 535 1478 624 LXXXIX

1111 672 1163 731 Ad
1178 674 1374 746 eptscopum
1387 674 1658 736 nannetensem.

1289 793 1378 851 l'an.
1404 797 1482 853 lale.

1009 897 1129 962 [Regest,
1143 898 1187 948 Iib.
1201 899 1245 960 III,
1255 809 1396 963 epistInot.
1410 903 1467 952 1100.
1480 902 1516 953 La
1530 903 1605 952 Ponte
1619 903 1653 953 du
1668 904 1760 965 Theb]

982 1005 1117 1063 Concedit
1129 1004 1239 1064 duobus
1252 1008 1408 1077 canonicis,
1416 1024 1487 1080 quos
1498 1009 1614 1067 exulare
1625 1013 1721 1084 coegit
1730 1010 1787 1070 dux

1018 1095 1786 1170 Britanniae,facultatempercipiendibenellciaeodem

1019 1182 1104 1241 modo
1120 1197 1153 1240 00
1167 1185 1191 1240 01
1207 1184 1236 1240 10
1257 1184 1378 1241 00010010
1394 1185 1561 1245 residerent.

1023 1301 1201 1374 Honorius,
1223 1303 1298 1374 010.,
1322 1303 1506 1364 venerabili
1526 1304 1674 1368 fratri....
1691 1308 1785 1384 epis-

984 1413 1065 1474 copo
1081 1399 1281 1472 Nanueten.,
1305 1401 1456 1472 salutem,
1476 1402 1538 1462 etc.

1024 1495 1267 1570 compatientes
1305 1495 1368 1557 tibi
1403 1513 1503 1573 super
1535 1499 1785 1574 gravaminibus

982 1592 1016 1653 et
1042 1592 1218 1667 pressuris,
1247 1592 1366 1671 quibus
1396 1593 1519 1655 nobilis
1548 1595 1636 1656 vir...
1675 1613 1786 1659 comes

983 1689 1165 1750 Britanniae
1176 1691 1208 1752 te
1224 1705 1262 1750 ac
1278 1690 1417 1752 clericos
1430 1692 1504 1753 tuos
1516 1691 1654 1754 exulare
1663 1695 1783 1770 coegit,

985 1783 1112 1846 duobus
1137 1802 1179 1846 ex
1207 1788 1441 1849 concanonicis
1471 1789 1536 1850 tuis
1566 1791 1723 1866 quamdiu
1749 1792 1784 1852 in

985 1881 1142 1960 obsequio
1169 1885 1225 1945 tuo
1250 1884 1375 1946 fuerint
1393 1886 1598 1962 percipiendi
1624 1888 1786 1950 beneficia

984 1995 1056 2050 sua,
1082 1981 1357 2057 quemadmodum
1383 1999 1421 2043 ea
1450 1985 1671 2061 perciperent,
1700 1986 1728 2046 si
1749 1987 1785 2048 in

983 2077 1124 2138 ecclesia
1140 2077 1174 2138 in
1194 2096 1258 2156 qua
1273 2095 1311 2140 00
1326 2079 1476 2141 obtinent
1491 2081 1712 2156 personaliter
1725 2101 1782 2144 re·
1798 2133 1801 2140 .

984 2172 1142 2246 siderent,
1172 2175 1383 2238 concedimus
1408 2179 1608 2241 facultatem.
1640 2184 1783 2243 Contra-

985 2269 1128 2332 dictores
1141 2273 1170 2332 si
1185 2273 1240 2350 qui
1257 2273 1380 2336 fuerint
1393 2276 1446 2337 vel
1462 2276 1614 2350 rebelles,
1635 2295 1695 2356 per
1709 2296 1785 2340 cen-

985 2383 1096 2456 suram
1112 2369 1372 2433 ecclesiasticam
1386 2375 1782 2450 appellationecessaute,

985 2480 1185 2541 compescas
1204 2469 1322 2530 Datum
1336 2471 1491 2532 Laterani
1514 2473 1658 2535 secundo
1679 2491 1784 2536 nonas

980 2563 1140 2639 januarii,
1153 2565 1362 2642 pontificatus
1377 2569 1482 2630 nostri
1495 2586 1584 2631 anno
1598 2572 1707 2633 tertio.

1352 2735 1416 2824 XC

1049 2867 1101 2924 Ad
1112 2865 1316 2938 potestatem
1331 2869 1364 2930 01
1374 2872 1555 2932 universos
1569 2874 1725 2936 dioecests

1288 2968 1486 3028 nucereto.

1296 3077 1381 3150 rjan.
1397 3079 1475 3136 tate.

1044 3177 1246 3244 [1101000001.
1257 3181 1320 3246 dipl.
1332 3184 1441 3236 dominii
1448 3191 1558 3250 temper.
1568 3187 1587 3245 l,
1595 3187 1635 3246 te,
1645 3189 1730 3253 061]

987 3277 1023 3334 Ut
1035 3277 1147 3336 mulieri
1163 3279 1307 3352 quondam
1322 3280 1402 3340 ducis
1421 3285 1566 3356 Spoletsui
1583 3287 1663 3342 uxori
1674 3286 1711 3344 10
1725 3288 1786 3346 0010

1259 3368 1510 3430 bonieintentlaut.

1026 3475 1205 3548 Honorius,
1223 3479 1299 3550 010.,
1314 3477 1443 3542 dilectis
1457 3481 1573 3541 filiis...
1585 3483 1737 3557 potestati
1752 3488 1786 3548 et

986 3571 1152 3632 universis
1166 3575 1233 3635 tarn
1258 3576 1405 3638 civitatis
1422 3591 1521 3654 quam
1540 3579 1692 3642 dioecesis
1714 3584 1788 3644 Nu-

986 3668 1119 3742 cerinae,
1135 3669 1287 3744 salutem,
1304 3675 1366 3734 etc.

1025 3767 1246 3828 Praesentium
1260 3768 1355 3830 vobis
1368 3771 1566 3834 auctoritate
1577 3775 1782 3847 mandamus,

986 3863 1150 3938 quatenus
1162 3864 1267 3926 donec
1279 3866 1319 3926 de
1329 3867 1403 3943 ipso
1416 3868 1537 3930 ducatu
1552 3870 1701 3946 plenarie
1716 3872 1786 3936 dis-

986 3973 1158 4033 ponamus,
1172 3961 1276 4021 nobili
1290 3962 1461 4023 mulieri...
1470 3966 1568 4026 uxori
1580 3967 1782 4042 quondam...

986 4046 1079 4116 10011
1093 4057 1262 4132 Spoletani
1284 4059 1324 4119 de
1346 4059 1398 4131 iis,
1416 4075 1489 4137 quae
1506 4062 1546 4123 de
1561 4063 1696 4126 civitate
1710 4081 1790 4132 ves-.

985 4152 1038 4212 tra
1055 4167 1096 4212 ac
1115 4153 1273 4216 comitatu
1289 4155 1394 4232 ipsius
1408 4157 1450 4217 ad
1465 4160 1592 4221 curiam
1606 4161 1783 4236 pertinent,

986 4247 1178 4318 intendatis,
1194 4250 1353 4328 episcopi,
1371 4252 1568 4315 clericorum
1582 4258 1615 4316 et
1625 4257 1787 4320 ecclesia·

987 4359 1060 4404 rum
1073 4359 1133 4422 per
1147 4348 1259 4408 omnia
1269 4350 1347 4424 jure
1360 4349 1464 4410 salvo.
1489 4353 1607 4413 Datum
1629 4354 1784 4414 Laterani

987 4443 1047 4501 VII
1069 4441 1143 4502 idus
1151 4444 1312 4519 januarii,
1325 4460 1413 4506 anno
1428 4446 1536 4506 tertio.

1341 4610 1428 4698 XCI

990 4743 1042 4800 Ad
1052 4721 1345 4815 archidiaconum,
1353 4745 1531 4806 cantorem
1539 4748 1786 4824 ermogenem

1125 4841 1166 4899 de
1179 4841 1353 4911 Lampas,
1369 4843 1645 4906 0010100000000.

1290 4954 1306 5010 7
1324 4953 1381 5011 'an
1403 4955 1481 5012 late.

1020 5053 1139 5118 [Regest„
1152 5055 1250 5115 libili,
1262 4968 1334 5121 cpisI.
1350 5057 1404 5108 aba.
1414 5061 1471 5110 llss.
1483 5061 1603 5112 LaPorte
1616 5049 1751 5128 10111011]Ι

1033 5160 1148 5218 Mandat
1161 5169 1191 5219 ut
1206 5161 1359 5221 informent
1373 5163 1409 5220 de
1422 5166 1561 5224 electione
1577 5167 1736 5228 abbatissae.

1028 5269 1205 5342 Honorius
1229 5274 1303 5342 010.,
1324 5272 1454 5334 11100110
1474 5275 1589 5336 filiis...
1615 5276 1785 5342 archidia-

990 5381 1110 5426 cono...
1137 5369 1266 5428 cantori
1288 5371 1321 5431 et
1338 5370 1497 5445 magistro
1513 5375 1548 5432 P.
1572 5373 1611 5433 dc
1631 5376 1785 5453 Lumpris

991 5463 1153 5524 canonico
1168 5463 1396 5537 catalaunen,
1418 5466 1569 5539 salutem,
1586 5471 1649 5531 etc.

1030 5563 1078 5620 Ex
1093 5563 1186 5636 parte
1202 5562 1395 5622 monialium
1410 5563 1550 5626 Jotrien.
1560 5565 1624 5628 fuit
1633 5572 1784 5646 proposi·
1845 5585 1847 5590 ·

989 5656 1058 5716 tum
1089 5671 1200 5718 coram
1231 5658 1344 5726 nobis,
1377 5659 1461 5736 quod
1490 5660 1585 5722 bonae
1615 5667 1783 5726 memorias
