3952 6294
258 353 314 412 491
875 354 1051 418 HONORII
1073 359 1118 416 111
1140 355 1288 453 OPERA.
1674 415 1678 423 .
1844 363 1903 422 49⁴2

261 513 499 584 rum,eeelesia
520 517 630 576 vestra
654 515 786 578 viduata
810 516 953 594 pastore,
967 531 1051 577 con-
1104 515 1242 594 positos,
1253 516 1311 578 sed
1320 519 1352 579 et
1365 517 1405 578 ad
1420 517 1517 596 longe
1527 520 1651 595 positos
1663 520 1900 584 extendamus³

259 609 403 674 tuleritis
425 613 638 685 veteresne,
655 615 688 674 et
706 613 891 700 'eleohones
911 613 1051 676 fratrum
1106 627 1209 691 quare
1246 629 1382 692 necesse
1406 617 1478 688 est,
1505 617 1541 679 ut
1565 617 1775 680 imminentia
1803 619 1900 680 nobis

260 706 449 785 hujusmodi
472 709 572 771 Sedes
591 711 780 786 Apostoliea
809 727 874 772 non
887 710 1048 786 admittat,
1106 726 1207 772 onera
1222 711 1409 774 dividamus
1422 713 1457 774 in
1473 713 1569 786 alios,
1580 729 1654 776 oum
1669 715 1820 776 humana
1835 712 1901 778 non

259 819 304 868 ac,
312 805 430 867 electio
450 807 535 868 facta
550 807 590 869 de
609 808 723 869 eodem
738 807 840 870 fratre
855 811 970 870 contra
982 809 1052 870 lor·
1106 809 1250 884 patiatur
1274 809 1461 876 infirmitas.
1484 813 1519 872 ut
1539 825 1579 873 ea
1599 814 1771 888 portemus
1784 815 1899 876 omnia

260 919 346 963 mam
355 903 456 965 luerit
466 905 605 966 concilii
617 906 784 980 generalis
793 907 962 978 attentata,
973 907 1050 984 quia
1105 921 1164 981 per
1172 921 1233 968 nos
1249 905 1349 983 ipsos.
1362 907 1557 984 Quiaigitur
1569 909 1764 986 inpartibus
1777 913 1900 972 vestris

260 1003 370 1062 tamen
393 1015 453 1062 sex
475 1003 589 1065 electis
600 1003 641 1064 ad
658 1005 776 1081 ipsam,
790 1005 902 1065 nullus
918 1004 1050 1064 illorum
1105 1002 1536 1079 multavitiorumgermina
1554 1006 1719 1083 pullulare
1740 1007 1900 1069 dicuntur
1940 1045 1943 1054 ·

259 1099 395 1175 propter
415 1101 552 1162 nimiam
576 1102 803 1178 paupertatem
818 1103 965 1179 ejusden]
976 1117 1052 1162 sus-
1105 1115 1178 1176 quae
1200 1098 1287 1161 ialce
1300 1089 1475 1176 apostolici
1490 1103 1726 1165 moderaminis
1741 1106 1900 1167 convenit

259 1195 371 1273 cipere
388 1198 495 1258 voluit
512 1200 584 1276 ejus
599 1213 713 1259 curum
725 1221 733 1273 ;
746 1197 913 1261 devotioni
930 1199 1049 1260 vostrae
1104 1197 1281 1272 amputari,
1291 1213 1351 1258 nos
1376 1197 1512 1274 dignum
1535 1200 1694 1262 ducentes
1721 1201 1806 1261 illue
1834 1201 1899 1262 ali-

256 1294 411 1356 volnmus
421 1311 496 1357 osse
510 1297 634 1368 notum,
652 1296 740 1373 quod
755 1297 842 1358 hanc
853 1297 1049 1359 electionem
1104 1309 1201 1369 quern
1214 1293 1254 1354 de
1269 1294 1372 1356 latere
1383 1298 1497 1357 nostro
1510 1297 1650 1368 mittere,
1663 1298 1719 1374 qui
1728 1313 1853 1374 aspera
1865 1299 1899 1358 in

258 1391 433 1468 septimam
443 1392 597 1454 duximus
607 1393 824 1463 tolerandam,
848 1393 876 1454 si
886 1393 1049 1454 industria
1104 1389 1176 1449 vias
1192 1390 1324 1466 planas,
1335 1391 1369 1452 et
1381 1392 1498 1468 pravia
1512 1391 1548 1451 in
1565 1391 1691 1454 directa
1704 1395 1897 1455 convertat:

256 1487 358 1564 hujus
380 1489 477 1552 electi
500 1491 651 1552 ecclesiae
665 1491 820 1553 uideatur
833 1491 951 1562 eidem,
964 1490 1050 1552 siout
1104 1500 1182 1546 ecce
1200 1487 1353 1547 misimus
1374 1488 1415 1547 ad
1433 1502 1493 1549 vos
1517 1488 1672 1551 dilectum
1694 1488 1801 1550 lilium
1825 1506 1899 1552 ma-

256 1585 493 1658 intellaximua
507 1588 675 1664 expedire.
693 1588 798 1662 Unde,
815 1589 893 1665 quia
912 1601 1052 1649 venera·
1103 1580 1245 1658 gistrum
1264 1583 1435 1657 iacobum,
1452 1586 1661 1662 capellanum
1684 1587 1718 1648 ct
1731 1587 1899 1664 poeniten-

254 1682 355 1744 bilem
387 1683 523 1746 tratrem
549 1685 720 1754 nostrum,
750 1685 1047 1762 vesprimiensem,
1103 1678 1615 1758 tiariumnostrnm,hpostolicae
1628 1683 1723 1745 Sedis
1736 1684 1896 1760 legatum,

255 1780 364 1840 virum
379 1780 531 1842 norimus
548 1782 837 1859 circumspectam,
855 1782 977 1859 dequo
990 1781 1048 1842 in-
1103 1776 1211 1838 virum
1233 1779 1375 1839 scientia
1402 1781 1436 1842 et
1460 1781 1624 1856 religione
1647 1781 1839 1858 probatum,
1868 1783 1900 1843 et

256 1875 438 1940 dubitatam
464 1878 619 1940 fiduciam
645 1879 842 1952 obtinemus,
857 1879 890 1942 et
915 1879 986 1955 ipse
1007 1878 1049 1940 do
1104 1874 1200 1935 nohis
1220 1888 1261 1936 ac
1280 1875 1440 1938 iratribus
1462 1879 1586 1940 nostris
1598 1879 1716 1940 merito
1731 1895 1805 1942 suae
1821 1895 1899 1956 pro-

255 1974 437 2038 idoneitate
449 1987 599 2053 personae
607 1977 720 2038 fratris
735 1977 883 2054 ejusdem
898 1977 1049 2039 notitiam
1103 1970 1218 2034 hitalia
1227 1973 1575 2050 acceptummonceesa
1591 1976 1655 2038 sihi
1669 1976 1824 2052 plenaria
1840 1991 1899 2053 po·

256 2072 380 2134 habore
400 2073 521 2150 poterit
544 2074 741 2150 pleniorem
762 2074 869 2136 eidem
894 2073 1048 2150 episcopo
1102 2070 1233 2142 testate,
1248 2071 1284 2132 ut
1304 2071 1426 2133 evellat
1446 2074 1479 2135 et
1498 2073 1660 2145 destruat,
1677 2073 1822 2136 aedificat
1843 2075 1896 2135 at-

257 2169 408 2230 dedimus
433 2171 469 2232 in
496 2155 671 2238 mandatis,
691 2173 726 2233 ut
750 2173 927 2249 inlungens
941 2171 1047 2242 vobis,
1104 2182 1167 2242 que
1182 2165 1317 2243 plantet,
1330 2168 1576 2246 proutquaeque
1594 2169 1775 2231 secundum
1788 2170 1897 2232 datam

256 2268 343 2344 qnod
363 2268 494 2344 aliquos
505 2271 650 2331 vostrum
666 2267 706 2330 ad
727 2283 822 2330 suam
837 2268 1048 2346 praesentiam
1104 2262 1201 2324 sibia
1223 2267 1291 2326 Deo
1307 2263 1516 2341 prudentiam
1533 2265 1705 2329 avellenda
1719 2268 1844 2330 viderit
1866 2268 1897 2328 et

257 2357 420 2440 dirigatis,
433 2367 488 2442 qui
503 2366 650 2426 omnium
666 2366 753 2427 vices
768 2367 902 2441 gerant3
920 2365 946 2425 sl
961 2363 1049 2425 vide·
1103 2359 1294 2435 plantanda.
1312 2361 1456 2440 Ideoque
1477 2363 1686 2425 universitati
1700 2366 1823 2426 vestrae
1838 2377 1896 2441 per

259 2462 316 2534 rit,
331 2462 439 2523 solnm
452 2465 556 2523 Derim
577 2462 729 2523 babendo
743 2479 811 2538 prae
828 2463 945 2533 oeulis,
962 2461 1047 2539 quod
1102 2458 1291 2533 Apostolica
1307 2459 1431 2536 scripta
1447 2459 1669 2538 praecipiendo
1684 2461 1893 2532 mandamus,

257 2573 316 2635 per
324 2561 393 2637 Jarn
409 2559 532 2621 dictum
546 2559 682 2621 fratrem
695 2561 801 2622 eidem
816 2560 966 2621 ecclesiae
981 2561 1050 2620 uti-
1103 2557 1265 2631 quatenus
1278 2555 1388 2632 ipsum
1402 2559 1570 2635 tamquam
1582 2560 1783 2635 apostolica
1800 2557 1894 2620 Sedis

259 2653 554 2728 litorconsnlatur,
568 2655 764 2717 electionem
785 2655 907 2716 tactam
919 2654 961 2715 de
974 2655 1047 2732 ipso
1103 2650 1248 2726 legatum
1280 2654 1480 2730 recipientes
1515 2653 1670 2718 hilariter
1689 2657 1723 2717 et
1757 2655 1897 2718 honeste

257 2752 447 2829 confirmem
464 2755 496 2816 et
517 2754 549 2814 ei
572 2753 790 2830 postmodum,
808 2768 882 2813 oum
897 2752 1047 2814 ecclesian
1102 2750 1293 2823 tractantes,
1305 2765 1345 2812 ac
1359 2753 1552 2814 reverenter
1559 2751 1769 2815 intendentes
1779 2752 1896 2816 etobe

256 2851 376 2912 vestrae
390 2850 530 2913 velimus
545 2865 683 2927 parcere
698 2849 865 2911 laboribus
881 2850 915 2911 et
928 2865 1049 2926 expen·
1102 2845 1230 2908 dientes
1245 2847 1365 2915 eidem,
1379 2841 1457 2925 ojus
1470 2848 1620 2920 salubria
1635 2851 1761 2912 monita
1781 2853 1815 2912 et
1827 2851 1895 2910 sta-

255 2948 314 3020 sis,
335 2963 455 3008 manns
477 2946 737 3009 consecrationis
760 2945 940 3023 impendat.
955 2943 1046 3018 Quod
1101 2943 1172 3004 tuta
1196 2943 1366 3022 recipiatis
1383 2946 1552 3008 humiliter
1571 2948 1605 3010 et
1620 2947 1894 3024 irrefragabiliter

257 3045 285 3106 sl
314 3061 489 3122 personam
524 3045 630 3122 ipsias
658 3045 767 3105 minus
794 3044 946 3105 idoneam
972 3057 1047 3104 esse
1102 3039 1465 3120 observetisnlioquin
1489 3045 1699 3118 sententiam,
1716 3061 1816 3122 quarn
1838 3059 1893 3104 ra-

255 3141 451 3214 constiterit,
469 3142 558 3204 idem
579 3143 862 3219 episcopumque
885 3141 1048 3202 electione
1101 3139 1307 3202 tionabiliter
1330 3142 1445 3203 tulerit
1459 3141 1494 3202 in
1508 3142 1662 3211 rebelles,
1682 3143 1895 3220 praecipimus
1969 3151 1973 3162 ·

256 3243 401 3312 cassata,
416 3255 490 3300 cum
502 3239 660 3316 ipsorum,
676 3240 733 3315 qul
748 3237 789 3298 ad
804 3253 881 3298 eum
894 3238 1049 3299 venerint
1103 3250 1206 3313 usquc
1232 3236 1273 3298 ad
1294 3239 1554 3300 setislactionem
1569 3240 1767 3316 condignam
1791 3240 1893 3301 invio·

256 3336 408 3410 consilio,
424 3337 526 3397 alium
547 3335 697 3398 ecclesiae
712 3333 859 3412 praetatae
873 3334 1045 3411 praeliciat,
1102 3331 1248 3397 labiliter
1262 3334 1445 3396 observari.
1461 3338 1579 3398 Datum
1594 3337 1681 3414 apud
1695 3337 1817 3399 Urbem
1828 3339 1894 3398 Ve-

254 3435 311 3513 qni
331 3435 424 3496 tanto
447 3435 607 3510 congruat
632 3433 727 3494 oneri
741 3433 775 3494 et
788 3432 908 3493 honori
930 3433 1045 3508 pasto-
1101 3431 1218 3504 terem,
1253 3433 1283 3492 ll
1316 3431 1480 3494 kalendas
1509 3434 1655 3512 augusti,
1682 3435 1893 3512 pontificatus

254 3547 336 3594 rem.
353 3531 471 3593 Datum
493 3531 579 3608 apud
597 3529 719 3592 Urbem
741 3530 907 3601 Veterem,
920 3527 964 3592 IV
976 3529 1044 3591 hal.
1101 3529 1206 3589 nostri
1222 3529 1462 3606 annoquinto.·

255 3629 682 3707 aug.,pontlllcatnsnostri
695 3643 783 3690 anno
798 3627 926 3705 quinto.
1140 3700 1183 3758 m
1208 3700 1365 3759 eumdem
1387 3701 1527 3761 modum
1551 3697 1711 3776 Scriptum
1741 3702 1794 3764 ost
1820 3698 1889 3774 regi

610 3815 688 3902 VH
1102 3793 1221 3856 scotia
1236 3809 1343 3869 aerque
1357 3795 1479 3857 viderit
1501 3799 1534 3858 et
1545 3796 1739 3872 plantanda.
1759 3799 1889 3858 Deinde

1099 3893 1323 3966 prosequitur
1341 3909 1355 3955 .·
1373 3893 1515 3970 Ideoque
1552 3895 1765 3955 serenitatem
1800 3895 1888 3955 tuam

1100 3990 1225 4051 attente
1250 3990 1431 4067 rogandam
1456 3989 1611 4052 duximus
1623 3993 1657 4052 et
1679 3990 1888 4060 hortandam,

594 4157 600 4170 ,
634 4157 650 4172 ..
1100 4089 1262 4163 quatenus
1277 4087 1385 4164 ipsum
1406 4089 1563 4165 tanquam
1578 4087 1777 4165 apostolieae
1794 4085 1889 4149 Sedis

543 4160 577 4217 ³¹
590 4159 652 4232 1¹¹¹
668 4159 746 4217 ¹²¹⁰·
1099 4183 1244 4260 legatum
1254 4200 1314 4261 pro
1326 4186 1514 4248 reverentia
1526 4184 1614 4248 beati
1629 4185 1721 4247 Petri
1735 4187 1768 4248 et
1778 4187 1887 4246 nostra
1936 4249 1939 4256 ,

406 4267 536 4333 [¹¹⁶¹sslb
547 4267 615 4316 ¹¹⁰¹·
626 4265 739 4323 ¹¹¹¹0fl¹r
752 4263 790 4324 ¹⁸·
798 4279 824 4315 ¹¹·
836 4263 889 4330 36·]
1098 4281 1264 4357 recipiens
1275 4281 1429 4344 hilariter
1439 4283 1471 4344 et
1478 4281 1660 4344 honorilice
1670 4285 1885 4359 pertractans,

252 4367 370 4427 Mittitur
384 4367 499 4440 lfissflttls
513 4365 595 4424 sedlss
605 4364 777 4436 APOStOliGae
790 4364 819 4420 ill
838 4362 1003 4420 Hibffl'ssldlll
1016 4369 1045 4420 θῐ
1098 4395 1168 4442 aea
1181 4378 1322 4441 subditis
1334 4380 1402 4441 tuis
1416 4380 1447 4448 0¹
1455 4379 1677 4442 obedientiam
1685 4382 1719 4442 et
1728 4395 1886 4443 reveren.

287 4455 422 4556 ⁸⁰⁰¹¹¹¹¹¹⁹
435 4462 464 4512 ⁰¹
477 4452 700 4556 ¹⁰¹¹¹¹¹¹⁰¹¹¹¹¹¹¹¹
723 4451 856 4510 ¹¹¹¹⁶¹¹¹¹⁸
879 4459 908 4509 θ’
927 4450 1045 4525 ¹¹ss¹¹¹¹¹⁸
1097 4476 1177 4538 tiam
1193 4475 1586 4550 exhiberilaciens,slcut
1597 4477 1702 4550 decet,
1719 4477 1753 4540 et
1766 4479 1888 4554 impen-

288 4545 390 4602 S⁰⁰¹¹³¹
402 4551 431 4601 ⁰¹
450 4543 602 4601 mmmm·
1019 4649 1026 4662 .
1097 4574 1178 4636 dens
1199 4573 1232 4634 ei
1244 4573 1419 4636 consilium
1432 4575 1465 4636 et
1478 4563 1641 4636 auxilium
1656 4577 1882 4652 opportunum,

291 4652 459 4712 H⁰ss0l¹u⁸
469 4651 1045 4730 el¹⁸⁰0l>¹182SONUS‘WOPUfflDfflr
1097 4672 1228 4733 siceum
1237 4671 1350 4732 lavore
1361 4672 1452 4746 regio
1465 4673 1690 4750 prosequaris,
1703 4673 1790 4751 quod
1804 4686 1884 4734 com·

251 4746 497 4812 venerabilibus
530 4749 688 4810 iratribus
717 4747 977 4825 archiepiscopis
1010 4748 1043 4808 et
1096 4771 1233 4831 missum
1247 4768 1311 4830 Sibi
1322 4768 1499 4844 legationis
1511 4769 1656 4832 Officium
1671 4771 1712 4832 ad
1727 4771 1882 4833 honorem

251 4845 428 4926 episcopis,
442 4845 618 4908 etdilectis
631 4844 908 4917 liliisabhatibus,
924 4844 1043 4922 priori·
1096 4867 1130 4927 01
1157 4865 1339 4942 profectum
1365 4868 1469 4938 tuum,
1496 4869 1529 4928 eq
1556 4868 1652 4944 mgni
1675 4869 1737 4940 tui,
1752 4871 1882 4929 auctore

250 4946 312 5008 bus
327 4960 366 5007 80
390 4943 467 5004 aliis
482 4943 699 5004 ecclesiarum
715 4943 876 5020 lllaelatisr
889 4943 922 5004 0¹
933 4943 1043 5004 Omni·
1096 4963 1881 5035 Domino,valeatlaudabiliterexercere.Datu1n

250 5045 313 5106 bus
328 5041 449 5104 Christi
466 5039 616 5102 lldelibus
629 5057 689 5118 per
703 5038 896 5102 Hiberniam
917 5042 1042 5103 consti·
1097 5063 1259 5140 uggupra,
1780 5099 1797 5146 ,

251 5139 512 5316 tugzossffielrg
523 5141 680 5308 fficium,
695 5233 782 5312 quod
800 5250 861 5296 nos
876 5234 1041 5298 debitores
1136 5236 1179 5294 la
1191 5235 1348 5295 eunrdem
1362 5235 1500 5294 modian
1513 5233 1672 5312 scriptum
1686 5235 1736 5296 est
1753 5232 1879 5310 regibus

252 5337 422 5399 constitnit
458 5332 636 5406 universis,
665 5331 825 5410 exposcit,
854 5333 891 5393 ut
918 5336 1041 5396 nostrae
1097 5331 1249 5402 Ultontae,
1261 5329 1419 5401 corcaiae,
1435 5330 1586 5404 Limrith,
1600 5331 1782 5406 connatiae,
1799 5333 1880 5393 insu·

253 5422 487 5492 sollicitudinis
519 5427 625 5490 aciem
647 5443 714 5488 non
742 5427 849 5488 solum
873 5426 915 5487 ad
940 5443 1041 5506 prope
1095 5427 1203 5489 larum
1218 5426 1355 5489 cuilibet
1368 5442 1486 5506 perse.

282 3953 334 4014 Ad
354 3952 638 4024 archepiscopum,
659 3951 845 4024 episcopos,
867 3945 1016 4020 abbates,

306 4052 462 4124 priores,
471 4047 505 4110 et
518 4051 603 4110 altos
621 4047 984 4121 praemtosatoerem.
