<?xml version="1.0" encoding="UTF-8"?>
<!DOCTYPE html PUBLIC "-//W3C//DTD XHTML 1.0 Transitional//EN"
    "http://www.w3.org/TR/xhtml1/DTD/xhtml1-transitional.dtd">
<html xmlns="http://www.w3.org/1999/xhtml" xml:lang="en" lang="en">
 <head>
  <title>
</title>
<meta http-equiv="Content-Type" content="text/html;charset=utf-8" />
  <meta name='ocr-system' content='tesseract 3.04.00' />
  <meta name='ocr-capabilities' content='ocr_page ocr_carea ocr_par ocr_line ocrx_word'/>
</head>
<body>
  <div class='ocr_page' id='page_1' title='image "./mediiaevibiblio01bottgoog_0350.png"; bbox 0 0 3952 6350; ppageno 0'>
   <div class='ocr_carea' id='block_1_1' title="bbox 61 406 108 466">
    <p class='ocr_par' dir='ltr' id='par_1_1' title="bbox 61 406 108 466">
     <span class='ocr_line' id='line_1_1' title="bbox 61 406 108 466; baseline -0.043 0"><span class='ocrx_word' id='word_1_1' title='bbox 61 406 108 466; x_wconf 79' lang='grc'><strong>1173</strong></span> 
     </span>
    </p>
   </div>
   <div class='ocr_carea' id='block_1_2' title="bbox 58 551 842 5294">
    <p class='ocr_par' dir='ltr' id='par_1_2' title="bbox 59 551 826 1395">
     <span class='ocr_line' id='line_1_2' title="bbox 61 551 822 636; baseline -0.017 -12"><span class='ocrx_word' id='word_1_2' title='bbox 61 561 142 636; x_wconf 87' lang='lat' dir='ltr'>regis,</span> <span class='ocrx_word' id='word_1_3' title='bbox 157 569 249 636; x_wconf 89' lang='lat' dir='ltr'>quam</span> <span class='ocrx_word' id='word_1_4' title='bbox 262 553 327 617; x_wconf 90' lang='lat' dir='ltr'>tuis</span> <span class='ocrx_word' id='word_1_5' title='bbox 341 551 495 631; x_wconf 89' lang='lat' dir='ltr'>precibus</span> <span class='ocrx_word' id='word_1_6' title='bbox 517 552 712 623; x_wconf 81' lang='lat' dir='ltr'>annuentes,</span> <span class='ocrx_word' id='word_1_7' title='bbox 729 566 822 612; x_wconf 92' lang='lat' dir='ltr'>com-</span> 
     </span>
     <span class='ocr_line' id='line_1_3' title="bbox 61 648 823 736; baseline -0.012 -18"><span class='ocrx_word' id='word_1_8' title='bbox 61 657 230 736; x_wconf 88' lang='lat' dir='ltr'>positionem</span> <span class='ocrx_word' id='word_1_9' title='bbox 255 653 361 728; x_wconf 85' lang='lat' dir='ltr'>ipsam</span> <span class='ocrx_word' id='word_1_10' title='bbox 389 651 525 728; x_wconf 91' lang='lat' dir='ltr'>provide</span> <span class='ocrx_word' id='word_1_11' title='bbox 551 649 691 721; x_wconf 84' lang='lat' dir='ltr'>iactam,</span> <span class='ocrx_word' id='word_1_12' title='bbox 721 651 754 711; x_wconf 90' lang='lat' dir='ltr'>et</span> <span class='ocrx_word' id='word_1_13' title='bbox 782 648 823 709; x_wconf 90' lang='lat' dir='ltr'>ab</span> 
     </span>
     <span class='ocr_line' id='line_1_4' title="bbox 60 745 823 828; baseline -0.013 -13"><span class='ocrx_word' id='word_1_14' title='bbox 60 759 177 828; x_wconf 91' lang='lat' dir='ltr'>utraque</span> <span class='ocrx_word' id='word_1_15' title='bbox 203 751 316 826; x_wconf 87' lang='lat' dir='ltr'>sponte</span> <span class='ocrx_word' id='word_1_16' title='bbox 341 752 435 824; x_wconf 90' lang='lat' dir='ltr'>parte</span> <span class='ocrx_word' id='word_1_17' title='bbox 465 751 642 823; x_wconf 78' lang='lat' dir='ltr'>receptam,</span> <span class='ocrx_word' id='word_1_18' title='bbox 674 748 759 808; x_wconf 92' lang='lat' dir='ltr'>sicut</span> <span class='ocrx_word' id='word_1_19' title='bbox 788 745 823 806; x_wconf 92' lang='grc'>10</span> 
     </span>
     <span class='ocr_line' id='line_1_5' title="bbox 61 845 825 928; baseline -0.01 -16"><span class='ocrx_word' id='word_1_20' title='bbox 61 850 185 928; x_wconf 83' lang='lat' dir='ltr'>ejusdem</span> <span class='ocrx_word' id='word_1_21' title='bbox 205 847 290 923; x_wconf 89' lang='lat' dir='ltr'>regis</span> <span class='ocrx_word' id='word_1_22' title='bbox 314 846 504 906; x_wconf 88' lang='lat' dir='ltr'>authentico</span> <span class='ocrx_word' id='word_1_23' title='bbox 526 845 722 914; x_wconf 79' lang='lat' dir='ltr'>continetur,</span> <span class='ocrx_word' id='word_1_24' title='bbox 745 859 825 904; x_wconf 90' lang='lat' dir='ltr'>auc-</span> 
     </span>
     <span class='ocr_line' id='line_1_6' title="bbox 59 943 826 1021; baseline -0.012 -13"><span class='ocrx_word' id='word_1_25' title='bbox 59 944 363 1021; x_wconf 83' lang='lat' dir='ltr'>toritateltpostolica</span> <span class='ocrx_word' id='word_1_26' title='bbox 377 943 620 1014; x_wconf 83' lang='lat' dir='ltr'>confirmamus,</span> <span class='ocrx_word' id='word_1_27' title='bbox 637 944 670 1003; x_wconf 91' lang='lat' dir='ltr'>et</span> <span class='ocrx_word' id='word_1_28' title='bbox 685 957 826 1018; x_wconf 87' lang='lat' dir='ltr'>praesen-</span> 
     </span>
     <span class='ocr_line' id='line_1_7' title="bbox 61 1038 823 1119; baseline -0.01 -13"><span class='ocrx_word' id='word_1_29' title='bbox 61 1046 95 1108; x_wconf 92' lang='lat' dir='ltr'>tis</span> <span class='ocrx_word' id='word_1_30' title='bbox 107 1042 211 1118; x_wconf 91' lang='lat' dir='ltr'>scripti</span> <span class='ocrx_word' id='word_1_31' title='bbox 226 1042 408 1119; x_wconf 88' lang='lat' dir='ltr'>patrocinio</span> <span class='ocrx_word' id='word_1_32' title='bbox 421 1041 671 1102; x_wconf 87' lang='lat' dir='ltr'>communimus.</span> <span class='ocrx_word' id='word_1_33' title='bbox 685 1038 733 1100; x_wconf 83' lang='lat' dir='ltr'>Ad</span> <span class='ocrx_word' id='word_1_34' title='bbox 752 1054 823 1099; x_wconf 90' lang='lat' dir='ltr'>ma-</span> 
     </span>
     <span class='ocr_line' id='line_1_8' title="bbox 60 1135 826 1218; baseline -0.012 -15"><span class='ocrx_word' id='word_1_35' title='bbox 60 1145 147 1218; x_wconf 90' lang='lat' dir='ltr'>jorem</span> <span class='ocrx_word' id='word_1_36' title='bbox 161 1140 265 1200; x_wconf 91' lang='lat' dir='ltr'>autem</span> <span class='ocrx_word' id='word_1_37' title='bbox 283 1137 494 1207; x_wconf 83' lang='lat' dir='ltr'>evidentiam,</span> <span class='ocrx_word' id='word_1_38' title='bbox 517 1139 664 1198; x_wconf 90' lang='lat' dir='ltr'>tenorem</span> <span class='ocrx_word' id='word_1_39' title='bbox 679 1135 826 1212; x_wconf 89' lang='lat' dir='ltr'>ejusdem</span> 
     </span>
     <span class='ocr_line' id='line_1_9' title="bbox 60 1233 826 1320; baseline -0.007 -21"><span class='ocrx_word' id='word_1_40' title='bbox 60 1239 91 1299; x_wconf 90' lang='lat' dir='ltr'>de</span> <span class='ocrx_word' id='word_1_41' title='bbox 101 1237 191 1298; x_wconf 91' lang='lat' dir='ltr'>verbo</span> <span class='ocrx_word' id='word_1_42' title='bbox 215 1235 414 1296; x_wconf 79' lang='lat' dir='ltr'>adverbum</span> <span class='ocrx_word' id='word_1_43' title='bbox 442 1235 519 1296; x_wconf 90' lang='lat' dir='ltr'>huic</span> <span class='ocrx_word' id='word_1_44' title='bbox 548 1235 669 1295; x_wconf 73' lang='lat' dir='ltr'>nostra</span> <span class='ocrx_word' id='word_1_45' title='bbox 696 1233 826 1320; x_wconf 81' lang='lat' dir='ltr'>pagiuae</span> 
     </span>
     <span class='ocr_line' id='line_1_10' title="bbox 61 1333 443 1395; baseline -0.008 -1"><span class='ocrx_word' id='word_1_46' title='bbox 61 1336 192 1395; x_wconf 77' lang='lat' dir='ltr'>duximus</span> <span class='ocrx_word' id='word_1_47' title='bbox 206 1333 417 1394; x_wconf 85' lang='lat' dir='ltr'>inserendum</span> <span class='ocrx_word' id='word_1_48' title='bbox 436 1353 443 1391; x_wconf 90' lang='lat'><strong>:</strong></span> 
     </span>
    </p>

    <p class='ocr_par' dir='ltr' id='par_1_3' title="bbox 58 1429 842 5294">
     <span class='ocr_line' id='line_1_11' title="bbox 90 1429 828 1506; baseline -0.008 -14"><span class='ocrx_word' id='word_1_49' title='bbox 90 1435 122 1492; x_wconf 88' lang='lat' dir='ltr'>H.</span> <span class='ocrx_word' id='word_1_50' title='bbox 137 1432 190 1492; x_wconf 88' lang='lat' dir='ltr'>Dei</span> <span class='ocrx_word' id='word_1_51' title='bbox 204 1431 310 1506; x_wconf 83' lang='lat' dir='ltr'>gratia</span> <span class='ocrx_word' id='word_1_52' title='bbox 331 1445 391 1491; x_wconf 82' lang='lat' dir='ltr'>rex</span> <span class='ocrx_word' id='word_1_53' title='bbox 409 1429 549 1505; x_wconf 83' lang='lat' dir='ltr'>Angliae,</span> <span class='ocrx_word' id='word_1_54' title='bbox 563 1429 715 1490; x_wconf 92' lang='lat' dir='ltr'>dominus</span> <span class='ocrx_word' id='word_1_55' title='bbox 733 1429 828 1488; x_wconf 86' lang='lat' dir='ltr'>Hen-</span> 
     </span>
     <span class='ocr_line' id='line_1_12' title="bbox 60 1526 828 1602; baseline -0.005 -14"><span class='ocrx_word' id='word_1_56' title='bbox 60 1529 211 1589; x_wconf 81' lang='grc'><strong>1100011011</strong></span> <span class='ocrx_word' id='word_1_57' title='bbox 227 1527 452 1598; x_wconf 83' lang='lat' dir='ltr'>Normanniae,</span> <span class='ocrx_word' id='word_1_58' title='bbox 468 1526 654 1602; x_wconf 82' lang='lat' dir='ltr'>Aquitaniae</span> <span class='ocrx_word' id='word_1_59' title='bbox 671 1526 702 1587; x_wconf 89' lang='grc'>01</span> <span class='ocrx_word' id='word_1_60' title='bbox 719 1539 828 1586; x_wconf 89' lang='grc'><strong>001000</strong></span> 
     </span>
     <span class='ocr_line' id='line_1_13' title="bbox 59 1622 831 1700; baseline -0.004 -15"><span class='ocrx_word' id='word_1_61' title='bbox 59 1625 248 1700; x_wconf 78' lang='lat' dir='ltr'>andegaviae,</span> <span class='ocrx_word' id='word_1_62' title='bbox 259 1624 412 1685; x_wconf 91' lang='lat' dir='ltr'>omnibus</span> <span class='ocrx_word' id='word_1_63' title='bbox 422 1623 465 1683; x_wconf 90' lang='lat' dir='ltr'>ad</span> <span class='ocrx_word' id='word_1_64' title='bbox 478 1639 559 1700; x_wconf 90' lang='lat' dir='ltr'>quos</span> <span class='ocrx_word' id='word_1_65' title='bbox 569 1638 715 1699; x_wconf 79' lang='lat' dir='ltr'>praesens</span> <span class='ocrx_word' id='word_1_66' title='bbox 730 1622 831 1698; x_wconf 90' lang='lat' dir='ltr'>scrip·</span> 
     </span>
     <span class='ocr_line' id='line_1_14' title="bbox 62 1720 829 1798; baseline -0.004 -16"><span class='ocrx_word' id='word_1_67' title='bbox 62 1724 116 1782; x_wconf 90' lang='lat' dir='ltr'>tum</span> <span class='ocrx_word' id='word_1_68' title='bbox 126 1721 315 1798; x_wconf 90' lang='lat' dir='ltr'>pervenerit,</span> <span class='ocrx_word' id='word_1_69' title='bbox 327 1720 829 1782; x_wconf 83' lang='lat' dir='ltr'>salutemUniversitativestrae</span> 
     </span>
     <span class='ocr_line' id='line_1_15' title="bbox 61 1819 828 1894; baseline -0.003 -16"><span class='ocrx_word' id='word_1_70' title='bbox 61 1821 154 1880; x_wconf 91' lang='lat' dir='ltr'>notum</span> <span class='ocrx_word' id='word_1_71' title='bbox 171 1819 319 1889; x_wconf 85' lang='lat' dir='ltr'>facimus,</span> <span class='ocrx_word' id='word_1_72' title='bbox 334 1819 420 1894; x_wconf 91' lang='lat' dir='ltr'>quod</span> <span class='ocrx_word' id='word_1_73' title='bbox 436 1827 510 1878; x_wconf 88' lang='lat' dir='ltr'>cum</span> <span class='ocrx_word' id='word_1_74' title='bbox 527 1819 621 1893; x_wconf 90' lang='lat' dir='ltr'>pater</span> <span class='ocrx_word' id='word_1_75' title='bbox 643 1819 828 1878; x_wconf 76' lang='grc'><strong>00010110-</strong></span> 
     </span>
     <span class='ocr_line' id='line_1_16' title="bbox 62 1915 831 1991; baseline -0.001 -17"><span class='ocrx_word' id='word_1_76' title='bbox 62 1916 179 1986; x_wconf 89' lang='lat' dir='ltr'>haunes,</span> <span class='ocrx_word' id='word_1_77' title='bbox 193 1932 252 1977; x_wconf 80' lang='lat' dir='ltr'>rex</span> <span class='ocrx_word' id='word_1_78' title='bbox 265 1916 395 1991; x_wconf 81' lang='lat' dir='ltr'>Angliae</span> <span class='ocrx_word' id='word_1_79' title='bbox 410 1915 504 1976; x_wconf 86' lang='lat' dir='ltr'>bonae</span> <span class='ocrx_word' id='word_1_80' title='bbox 517 1915 696 1984; x_wconf 76' lang='lat' dir='ltr'>memoriae,</span> <span class='ocrx_word' id='word_1_81' title='bbox 714 1930 831 1990; x_wconf 90' lang='lat' dir='ltr'>quam-</span> 
     </span>
     <span class='ocr_line' id='line_1_17' title="bbox 60 2011 831 2089; baseline 0 -17"><span class='ocrx_word' id='word_1_82' title='bbox 60 2013 119 2072; x_wconf 89' lang='lat' dir='ltr'>dam</span> <span class='ocrx_word' id='word_1_83' title='bbox 130 2013 395 2089; x_wconf 79' lang='lat' dir='ltr'>compositionem</span> <span class='ocrx_word' id='word_1_84' title='bbox 410 2013 610 2074; x_wconf 85' lang='grc'><strong>10001110010</strong></span> <span class='ocrx_word' id='word_1_85' title='bbox 625 2011 757 2072; x_wconf 90' lang='lat' dir='ltr'>domina</span> <span class='ocrx_word' id='word_1_86' title='bbox 768 2013 831 2072; x_wconf 90' lang='lat' dir='ltr'>Be-</span> 
     </span>
     <span class='ocr_line' id='line_1_18' title="bbox 60 2109 829 2186; baseline -0.001 -17"><span class='ocrx_word' id='word_1_87' title='bbox 60 2110 204 2184; x_wconf 85' lang='lat' dir='ltr'>rengaria,</span> <span class='ocrx_word' id='word_1_88' title='bbox 228 2110 392 2186; x_wconf 92' lang='lat' dir='ltr'>quondam</span> <span class='ocrx_word' id='word_1_89' title='bbox 412 2109 535 2170; x_wconf 84' lang='lat' dir='ltr'>illustri</span> <span class='ocrx_word' id='word_1_90' title='bbox 553 2109 682 2184; x_wconf 82' lang='lat' dir='ltr'>Angliae</span> <span class='ocrx_word' id='word_1_91' title='bbox 701 2109 829 2184; x_wconf 87' lang='lat' dir='ltr'>regina,</span> 
     </span>
     <span class='ocr_line' id='line_1_19' title="bbox 59 2205 829 2286; baseline -0.001 -21"><span class='ocrx_word' id='word_1_92' title='bbox 59 2207 155 2268; x_wconf 88' lang='lat' dir='ltr'>relicta</span> <span class='ocrx_word' id='word_1_93' title='bbox 177 2205 301 2286; x_wconf 85' lang='lat' dir='ltr'>[vidua]</span> <span class='ocrx_word' id='word_1_94' title='bbox 325 2206 414 2282; x_wconf 87' lang='lat' dir='ltr'>regis</span> <span class='ocrx_word' id='word_1_95' title='bbox 436 2206 581 2279; x_wconf 82' lang='lat' dir='ltr'>Ricardi,</span> <span class='ocrx_word' id='word_1_96' title='bbox 598 2206 706 2282; x_wconf 89' lang='lat' dir='ltr'>patrui</span> <span class='ocrx_word' id='word_1_97' title='bbox 726 2205 829 2268; x_wconf 89' lang='lat' dir='ltr'>nostri</span> 
     </span>
     <span class='ocr_line' id='line_1_20' title="bbox 60 2303 830 2381; baseline -0.003 -17"><span class='ocrx_word' id='word_1_98' title='bbox 60 2304 141 2366; x_wconf 87' lang='lat' dir='ltr'>clarae</span> <span class='ocrx_word' id='word_1_99' title='bbox 152 2305 329 2375; x_wconf 89' lang='lat' dir='ltr'>memoriae,</span> <span class='ocrx_word' id='word_1_100' title='bbox 348 2319 448 2380; x_wconf 90' lang='lat' dir='ltr'>super</span> <span class='ocrx_word' id='word_1_101' title='bbox 460 2307 531 2381; x_wconf 88' lang='lat' dir='ltr'>ejus</span> <span class='ocrx_word' id='word_1_102' title='bbox 545 2303 694 2365; x_wconf 88' lang='lat' dir='ltr'>dotalitio</span> <span class='ocrx_word' id='word_1_103' title='bbox 709 2305 744 2363; x_wconf 93' lang='lat' dir='ltr'>in</span> <span class='ocrx_word' id='word_1_104' title='bbox 758 2307 830 2362; x_wconf 86' lang='lat' dir='ltr'>An-</span> 
     </span>
     <span class='ocr_line' id='line_1_21' title="bbox 59 2400 831 2478; baseline 0.001 -19"><span class='ocrx_word' id='word_1_105' title='bbox 59 2401 211 2477; x_wconf 84' lang='lat' dir='ltr'>glia,quod</span> <span class='ocrx_word' id='word_1_106' title='bbox 225 2401 350 2478; x_wconf 89' lang='lat' dir='ltr'>abipso</span> <span class='ocrx_word' id='word_1_107' title='bbox 365 2401 480 2462; x_wconf 90' lang='lat' dir='ltr'>eadam</span> <span class='ocrx_word' id='word_1_108' title='bbox 494 2401 671 2477; x_wconf 90' lang='lat' dir='ltr'>repetebat,</span> <span class='ocrx_word' id='word_1_109' title='bbox 686 2401 730 2462; x_wconf 88' lang='lat' dir='ltr'>ita</span> <span class='ocrx_word' id='word_1_110' title='bbox 747 2400 831 2476; x_wconf 93' lang='lat' dir='ltr'>quod</span> 
     </span>
     <span class='ocr_line' id='line_1_22' title="bbox 59 2498 831 2576; baseline 0 -18"><span class='ocrx_word' id='word_1_111' title='bbox 59 2499 215 2559; x_wconf 85' lang='lat' dir='ltr'>secuudum</span> <span class='ocrx_word' id='word_1_112' title='bbox 234 2500 384 2560; x_wconf 86' lang='lat' dir='ltr'>tenorem</span> <span class='ocrx_word' id='word_1_113' title='bbox 402 2499 551 2576; x_wconf 87' lang='lat' dir='ltr'>ejusdem</span> <span class='ocrx_word' id='word_1_114' title='bbox 572 2498 831 2574; x_wconf 63' lang='lat' dir='ltr'>compositionis</span> 
     </span>
     <span class='ocr_line' id='line_1_23' title="bbox 58 2595 832 2669; baseline 0.001 -16"><span class='ocrx_word' id='word_1_115' title='bbox 58 2610 138 2669; x_wconf 90' lang='lat' dir='ltr'>quarn</span> <span class='ocrx_word' id='word_1_116' title='bbox 158 2612 215 2656; x_wconf 91' lang='lat' dir='ltr'>uos</span> <span class='ocrx_word' id='word_1_117' title='bbox 237 2597 346 2657; x_wconf 89' lang='lat' dir='ltr'>ratam</span> <span class='ocrx_word' id='word_1_118' title='bbox 366 2595 543 2656; x_wconf 85' lang='lat' dir='ltr'>habuimus</span> <span class='ocrx_word' id='word_1_119' title='bbox 563 2597 595 2657; x_wconf 91' lang='lat' dir='ltr'>et</span> <span class='ocrx_word' id='word_1_120' title='bbox 620 2595 791 2666; x_wconf 89' lang='lat' dir='ltr'>habemus,</span> <span class='ocrx_word' id='word_1_121' title='bbox 813 2610 832 2654; x_wconf 91' lang='lat' dir='ltr'>a</span> 
     </span>
     <span class='ocr_line' id='line_1_24' title="bbox 59 2691 833 2770; baseline 0.004 -21"><span class='ocrx_word' id='word_1_122' title='bbox 59 2691 128 2753; x_wconf 88' lang='lat' dir='ltr'>dicto</span> <span class='ocrx_word' id='word_1_123' title='bbox 144 2697 233 2770; x_wconf 87' lang='lat' dir='ltr'>patre</span> <span class='ocrx_word' id='word_1_124' title='bbox 250 2695 365 2754; x_wconf 90' lang='lat' dir='ltr'>nostro</span> <span class='ocrx_word' id='word_1_125' title='bbox 379 2709 438 2770; x_wconf 90' lang='lat' dir='ltr'>pro</span> <span class='ocrx_word' id='word_1_126' title='bbox 458 2709 494 2754; x_wconf 91' lang='grc'>00</span> <span class='ocrx_word' id='word_1_127' title='bbox 512 2695 545 2754; x_wconf 89' lang='grc'>01</span> <span class='ocrx_word' id='word_1_128' title='bbox 557 2691 744 2754; x_wconf 82' lang='lat' dir='ltr'>haeredibus</span> <span class='ocrx_word' id='word_1_129' title='bbox 763 2693 833 2752; x_wconf 90' lang='lat' dir='ltr'>suis</span> 
     </span>
     <span class='ocr_line' id='line_1_25' title="bbox 59 2787 831 2868; baseline 0.008 -23"><span class='ocrx_word' id='word_1_130' title='bbox 59 2787 831 2868; x_wconf 76' lang='lat' dir='ltr'>lactae,atinanimamsuamjurare[nonrenuitl,</span> 
     </span>
     <span class='ocr_line' id='line_1_26' title="bbox 58 2883 833 2962; baseline 0.001 -18"><span class='ocrx_word' id='word_1_131' title='bbox 58 2883 128 2946; x_wconf 89' lang='lat' dir='ltr'>dicta</span> <span class='ocrx_word' id='word_1_132' title='bbox 144 2887 274 2950; x_wconf 90' lang='lat' dir='ltr'>domina</span> <span class='ocrx_word' id='word_1_133' title='bbox 292 2887 495 2962; x_wconf 88' lang='lat' dir='ltr'>Berengaria</span> <span class='ocrx_word' id='word_1_134' title='bbox 515 2887 555 2948; x_wconf 90' lang='lat' dir='ltr'>ab</span> <span class='ocrx_word' id='word_1_135' title='bbox 575 2887 700 2956; x_wconf 91' lang='lat' dir='ltr'>eodem,</span> <span class='ocrx_word' id='word_1_136' title='bbox 718 2888 749 2948; x_wconf 92' lang='grc'>01</span> <span class='ocrx_word' id='word_1_137' title='bbox 765 2887 833 2946; x_wconf 88' lang='grc'><strong>0010</strong></span> 
     </span>
     <span class='ocr_line' id='line_1_27' title="bbox 59 2981 835 3060; baseline 0.005 -22"><span class='ocrx_word' id='word_1_138' title='bbox 59 2981 235 3056; x_wconf 83' lang='lat' dir='ltr'>llaeredibus,</span> <span class='ocrx_word' id='word_1_139' title='bbox 251 2987 288 3046; x_wconf 92' lang='grc'>10</span> <span class='ocrx_word' id='word_1_140' title='bbox 314 2985 411 3045; x_wconf 90' lang='lat' dir='ltr'>domo</span> <span class='ocrx_word' id='word_1_141' title='bbox 431 2985 509 3046; x_wconf 92' lang='lat' dir='ltr'>novi</span> <span class='ocrx_word' id='word_1_142' title='bbox 528 2983 654 3060; x_wconf 80' lang='lat' dir='ltr'>Templi</span> <span class='ocrx_word' id='word_1_143' title='bbox 673 2984 835 3044; x_wconf 89' lang='lat' dir='ltr'>Londouii</span> 
     </span>
     <span class='ocr_line' id='line_1_28' title="bbox 58 3080 836 3156; baseline 0.003 -18"><span class='ocrx_word' id='word_1_144' title='bbox 58 3080 133 3141; x_wconf 87' lang='lat' dir='ltr'>ruille</span> <span class='ocrx_word' id='word_1_145' title='bbox 152 3081 252 3143; x_wconf 90' lang='lat' dir='ltr'>libras</span> <span class='ocrx_word' id='word_1_146' title='bbox 267 3082 430 3144; x_wconf 91' lang='lat' dir='ltr'>bonorum</span> <span class='ocrx_word' id='word_1_147' title='bbox 446 3085 478 3144; x_wconf 92' lang='grc'>01</span> <span class='ocrx_word' id='word_1_148' title='bbox 493 3082 649 3156; x_wconf 83' lang='lat' dir='ltr'>legalium</span> <span class='ocrx_word' id='word_1_149' title='bbox 665 3081 836 3156; x_wconf 88' lang='lat' dir='ltr'>sterlingo-</span> 
     </span>
     <span class='ocr_line' id='line_1_29' title="bbox 59 3179 835 3255; baseline 0.005 -21"><span class='ocrx_word' id='word_1_150' title='bbox 59 3191 118 3236; x_wconf 87' lang='lat' dir='ltr'>rum</span> <span class='ocrx_word' id='word_1_151' title='bbox 137 3179 267 3242; x_wconf 87' lang='lat' dir='ltr'>deberet</span> <span class='ocrx_word' id='word_1_152' title='bbox 290 3179 440 3255; x_wconf 88' lang='lat' dir='ltr'>recipere</span> <span class='ocrx_word' id='word_1_153' title='bbox 461 3179 645 3246; x_wconf 90' lang='lat' dir='ltr'>annuatim,</span> <span class='ocrx_word' id='word_1_154' title='bbox 662 3179 758 3255; x_wconf 91' lang='lat' dir='ltr'>prout</span> <span class='ocrx_word' id='word_1_155' title='bbox 774 3179 835 3238; x_wconf 91' lang='lat' dir='ltr'>hoc</span> 
     </span>
     <span class='ocr_line' id='line_1_30' title="bbox 60 3275 837 3352; baseline 0.004 -21"><span class='ocrx_word' id='word_1_156' title='bbox 60 3288 118 3333; x_wconf 90' lang='lat' dir='ltr'>cum</span> <span class='ocrx_word' id='word_1_157' title='bbox 137 3275 330 3352; x_wconf 90' lang='lat' dir='ltr'>quibusdam</span> <span class='ocrx_word' id='word_1_158' title='bbox 349 3276 426 3336; x_wconf 90' lang='lat' dir='ltr'>aliis</span> <span class='ocrx_word' id='word_1_159' title='bbox 446 3276 595 3336; x_wconf 90' lang='lat' dir='ltr'>articulis</span> <span class='ocrx_word' id='word_1_160' title='bbox 616 3275 650 3334; x_wconf 93' lang='lat' dir='ltr'>in</span> <span class='ocrx_word' id='word_1_161' title='bbox 669 3276 760 3336; x_wconf 88' lang='lat' dir='ltr'>carta</span> <span class='ocrx_word' id='word_1_162' title='bbox 777 3291 837 3352; x_wconf 90' lang='lat' dir='ltr'>pa-</span> 
     </span>
     <span class='ocr_line' id='line_1_31' title="bbox 59 3369 836 3450; baseline 0.005 -23"><span class='ocrx_word' id='word_1_163' title='bbox 59 3369 108 3430; x_wconf 84' lang='lat' dir='ltr'>tris</span> <span class='ocrx_word' id='word_1_164' title='bbox 118 3375 216 3434; x_wconf 91' lang='lat' dir='ltr'>nostri</span> <span class='ocrx_word' id='word_1_165' title='bbox 230 3373 361 3450; x_wconf 90' lang='lat' dir='ltr'>plenius</span> <span class='ocrx_word' id='word_1_166' title='bbox 377 3373 575 3444; x_wconf 87' lang='lat' dir='ltr'>continetur,</span> <span class='ocrx_word' id='word_1_167' title='bbox 588 3374 621 3434; x_wconf 91' lang='lat' dir='ltr'>et</span> <span class='ocrx_word' id='word_1_168' title='bbox 635 3373 707 3448; x_wconf 89' lang='lat' dir='ltr'>ipsa</span> <span class='ocrx_word' id='word_1_169' title='bbox 720 3372 836 3447; x_wconf 88' lang='lat' dir='ltr'>regina</span> 
     </span>
     <span class='ocr_line' id='line_1_32' title="bbox 60 3469 834 3545; baseline 0.003 -19"><span class='ocrx_word' id='word_1_170' title='bbox 60 3471 312 3545; x_wconf 89' lang='lat' dir='ltr'>compositionem</span> <span class='ocrx_word' id='word_1_171' title='bbox 328 3469 477 3532; x_wconf 88' lang='lat' dir='ltr'>eamdem</span> <span class='ocrx_word' id='word_1_172' title='bbox 497 3469 560 3530; x_wconf 92' lang='lat' dir='ltr'>sibi</span> <span class='ocrx_word' id='word_1_173' title='bbox 576 3471 702 3544; x_wconf 89' lang='lat' dir='ltr'>peteret</span> <span class='ocrx_word' id='word_1_174' title='bbox 716 3469 834 3530; x_wconf 90' lang='lat' dir='ltr'>obser-</span> 
     </span>
     <span class='ocr_line' id='line_1_33' title="bbox 60 3565 836 3644; baseline 0.006 -23"><span class='ocrx_word' id='word_1_175' title='bbox 60 3565 129 3636; x_wconf 91' lang='lat' dir='ltr'>vari,</span> <span class='ocrx_word' id='word_1_176' title='bbox 141 3569 171 3628; x_wconf 93' lang='lat' dir='ltr'>et</span> <span class='ocrx_word' id='word_1_177' title='bbox 185 3571 328 3644; x_wconf 90' lang='lat' dir='ltr'>quatuor</span> <span class='ocrx_word' id='word_1_178' title='bbox 342 3566 447 3627; x_wconf 91' lang='lat' dir='ltr'>millia</span> <span class='ocrx_word' id='word_1_179' title='bbox 464 3569 498 3628; x_wconf 91' lang='lat' dir='ltr'>et</span> <span class='ocrx_word' id='word_1_180' title='bbox 518 3566 715 3643; x_wconf 86' lang='lat' dir='ltr'>quingentas</span> <span class='ocrx_word' id='word_1_181' title='bbox 735 3567 836 3627; x_wconf 89' lang='lat' dir='ltr'>libras</span> 
     </span>
     <span class='ocr_line' id='line_1_34' title="bbox 61 3661 838 3740; baseline 0.009 -21"><span class='ocrx_word' id='word_1_182' title='bbox 61 3661 277 3740; x_wconf 82' lang='lat' dir='ltr'>sterlingorum</span> <span class='ocrx_word' id='word_1_183' title='bbox 295 3679 354 3740; x_wconf 92' lang='lat' dir='ltr'>pro</span> <span class='ocrx_word' id='word_1_184' title='bbox 365 3665 545 3740; x_wconf 79' lang='lat' dir='ltr'>arreragiis</span> <span class='ocrx_word' id='word_1_185' title='bbox 561 3663 641 3734; x_wconf 90' lang='lat' dir='ltr'>suis,</span> <span class='ocrx_word' id='word_1_186' title='bbox 659 3679 699 3724; x_wconf 90' lang='lat' dir='ltr'>ea</span> <span class='ocrx_word' id='word_1_187' title='bbox 711 3665 838 3726; x_wconf 90' lang='lat' dir='ltr'>scilicet</span> 
     </span>
     <span class='ocr_line' id='line_1_35' title="bbox 58 3759 836 3838; baseline 0.005 -22"><span class='ocrx_word' id='word_1_188' title='bbox 58 3759 185 3832; x_wconf 88' lang='lat' dir='ltr'>ratione,</span> <span class='ocrx_word' id='word_1_189' title='bbox 203 3762 281 3838; x_wconf 91' lang='lat' dir='ltr'>quia</span> <span class='ocrx_word' id='word_1_190' title='bbox 294 3776 356 3838; x_wconf 91' lang='lat' dir='ltr'>per</span> <span class='ocrx_word' id='word_1_191' title='bbox 368 3762 496 3822; x_wconf 91' lang='lat' dir='ltr'>tantum</span> <span class='ocrx_word' id='word_1_192' title='bbox 508 3761 664 3838; x_wconf 87' lang='lat' dir='ltr'>temporis</span> <span class='ocrx_word' id='word_1_193' title='bbox 673 3764 836 3822; x_wconf 91' lang='lat' dir='ltr'>cessatum</span> 
     </span>
     <span class='ocr_line' id='line_1_36' title="bbox 59 3849 835 3933; baseline 0.009 -22"><span class='ocrx_word' id='word_1_194' title='bbox 59 3849 132 3918; x_wconf 84' lang='lat' dir='ltr'>tulta</span> <span class='ocrx_word' id='word_1_195' title='bbox 143 3858 306 3920; x_wconf 86' lang='lat' dir='ltr'>solutione</span> <span class='ocrx_word' id='word_1_196' title='bbox 318 3857 549 3933; x_wconf 89' lang='lat' dir='ltr'>praedictarum</span> <span class='ocrx_word' id='word_1_197' title='bbox 560 3857 651 3918; x_wconf 92' lang='lat' dir='ltr'>mille</span> <span class='ocrx_word' id='word_1_198' title='bbox 665 3857 835 3930; x_wconf 89' lang='lat' dir='ltr'>librarum,</span> 
     </span>
     <span class='ocr_line' id='line_1_37' title="bbox 59 3954 839 4031; baseline 0.004 -20"><span class='ocrx_word' id='word_1_199' title='bbox 59 3964 143 4027; x_wconf 84' lang='lat' dir='ltr'>super</span> <span class='ocrx_word' id='word_1_200' title='bbox 156 3956 339 4031; x_wconf 86' lang='lat' dir='ltr'>praemissis</span> <span class='ocrx_word' id='word_1_201' title='bbox 352 3955 475 4025; x_wconf 90' lang='lat' dir='ltr'>taliter,</span> <span class='ocrx_word' id='word_1_202' title='bbox 486 3971 545 4030; x_wconf 92' lang='lat' dir='ltr'>pro</span> <span class='ocrx_word' id='word_1_203' title='bbox 556 3954 650 4016; x_wconf 90' lang='lat' dir='ltr'>nobis</span> <span class='ocrx_word' id='word_1_204' title='bbox 665 3957 698 4017; x_wconf 92' lang='lat' dir='ltr'>et</span> <span class='ocrx_word' id='word_1_205' title='bbox 710 3971 839 4015; x_wconf 89' lang='lat' dir='ltr'>succes-</span> 
     </span>
     <span class='ocr_line' id='line_1_38' title="bbox 58 4050 836 4124; baseline 0.009 -19"><span class='ocrx_word' id='word_1_206' title='bbox 58 4050 171 4112; x_wconf 89' lang='lat' dir='ltr'>soribus</span> <span class='ocrx_word' id='word_1_207' title='bbox 193 4053 331 4124; x_wconf 90' lang='lat' dir='ltr'>nostris,</span> <span class='ocrx_word' id='word_1_208' title='bbox 355 4053 570 4114; x_wconf 90' lang='lat' dir='ltr'>convenimus</span> <span class='ocrx_word' id='word_1_209' title='bbox 599 4069 675 4114; x_wconf 90' lang='lat' dir='ltr'>cum</span> <span class='ocrx_word' id='word_1_210' title='bbox 710 4053 836 4124; x_wconf 90' lang='lat' dir='ltr'>eadem,</span> 
     </span>
     <span class='ocr_line' id='line_1_39' title="bbox 62 4145 837 4226; baseline 0.01 -24"><span class='ocrx_word' id='word_1_211' title='bbox 62 4145 184 4221; x_wconf 87' lang='lat' dir='ltr'>scilicet,</span> <span class='ocrx_word' id='word_1_212' title='bbox 201 4151 287 4226; x_wconf 90' lang='lat' dir='ltr'>quod</span> <span class='ocrx_word' id='word_1_213' title='bbox 311 4149 351 4210; x_wconf 92' lang='lat' dir='ltr'>de</span> <span class='ocrx_word' id='word_1_214' title='bbox 373 4149 530 4225; x_wconf 89' lang='lat' dir='ltr'>praedicta</span> <span class='ocrx_word' id='word_1_215' title='bbox 552 4165 679 4211; x_wconf 90' lang='lat' dir='ltr'>summa</span> <span class='ocrx_word' id='word_1_216' title='bbox 700 4165 837 4210; x_wconf 90' lang='lat' dir='ltr'>arrera-</span> 
     </span>
     <span class='ocr_line' id='line_1_40' title="bbox 58 4241 841 4323; baseline 0.006 -22"><span class='ocrx_word' id='word_1_217' title='bbox 58 4241 171 4313; x_wconf 80' lang='lat' dir='ltr'>giorum</span> <span class='ocrx_word' id='word_1_218' title='bbox 186 4248 279 4308; x_wconf 91' lang='lat' dir='ltr'>mille</span> <span class='ocrx_word' id='word_1_219' title='bbox 295 4261 425 4306; x_wconf 87' lang='lat' dir='ltr'>marcas</span> <span class='ocrx_word' id='word_1_220' title='bbox 440 4246 472 4307; x_wconf 89' lang='grc'>01</span> <span class='ocrx_word' id='word_1_221' title='bbox 487 4245 689 4307; x_wconf 90' lang='lat' dir='ltr'>reddidimus</span> <span class='ocrx_word' id='word_1_222' title='bbox 704 4247 739 4307; x_wconf 94' lang='grc'>10</span> <span class='ocrx_word' id='word_1_223' title='bbox 752 4263 841 4323; x_wconf 89' lang='lat' dir='ltr'>prae-</span> 
     </span>
     <span class='ocr_line' id='line_1_41' title="bbox 59 4341 838 4421; baseline 0.01 -24"><span class='ocrx_word' id='word_1_224' title='bbox 59 4341 140 4413; x_wconf 85' lang='lat' dir='ltr'>senti,</span> <span class='ocrx_word' id='word_1_225' title='bbox 164 4345 196 4404; x_wconf 92' lang='lat' dir='ltr'>et</span> <span class='ocrx_word' id='word_1_226' title='bbox 210 4345 284 4421; x_wconf 88' lang='lat' dir='ltr'>ipsa</span> <span class='ocrx_word' id='word_1_227' title='bbox 307 4344 424 4418; x_wconf 88' lang='lat' dir='ltr'>regina</span> <span class='ocrx_word' id='word_1_228' title='bbox 447 4344 489 4404; x_wconf 89' lang='lat' dir='ltr'>de</span> <span class='ocrx_word' id='word_1_229' title='bbox 514 4345 688 4420; x_wconf 85' lang='lat' dir='ltr'>praemissa</span> <span class='ocrx_word' id='word_1_230' title='bbox 710 4361 838 4406; x_wconf 90' lang='lat' dir='ltr'>summa</span> 
     </span>
     <span class='ocr_line' id='line_1_42' title="bbox 59 4436 840 4517; baseline 0.009 -23"><span class='ocrx_word' id='word_1_231' title='bbox 59 4436 141 4500; x_wconf 87' lang='lat' dir='ltr'>nohis</span> <span class='ocrx_word' id='word_1_232' title='bbox 155 4442 286 4504; x_wconf 86' lang='lat' dir='ltr'>remisit</span> <span class='ocrx_word' id='word_1_233' title='bbox 308 4440 504 4517; x_wconf 87' lang='lat' dir='ltr'>quingentas</span> <span class='ocrx_word' id='word_1_234' title='bbox 519 4441 634 4512; x_wconf 87' lang='lat' dir='ltr'>libras,</span> <span class='ocrx_word' id='word_1_235' title='bbox 651 4441 684 4503; x_wconf 90' lang='grc'>01</span> <span class='ocrx_word' id='word_1_236' title='bbox 699 4442 840 4503; x_wconf 80' lang='grc'><strong>1101001-</strong></span> 
     </span>
     <span class='ocr_line' id='line_1_43' title="bbox 59 4528 840 4615; baseline 0.01 -23"><span class='ocrx_word' id='word_1_237' title='bbox 59 4528 112 4594; x_wconf 88' lang='lat' dir='ltr'>duo</span> <span class='ocrx_word' id='word_1_238' title='bbox 141 4538 391 4614; x_wconf 86' lang='lat' dir='ltr'>arreragiorum</span> <span class='ocrx_word' id='word_1_239' title='bbox 424 4537 600 4599; x_wconf 88' lang='lat' dir='ltr'>reddemus</span> <span class='ocrx_word' id='word_1_240' title='bbox 635 4539 666 4598; x_wconf 90' lang='lat' dir='ltr'>ei</span> <span class='ocrx_word' id='word_1_241' title='bbox 693 4538 840 4615; x_wconf 89' lang='lat' dir='ltr'>quolibet</span> 
     </span>
     <span class='ocr_line' id='line_1_44' title="bbox 58 4635 839 4710; baseline 0.012 -23"><span class='ocrx_word' id='word_1_242' title='bbox 58 4643 132 4692; x_wconf 88' lang='lat' dir='ltr'>anno</span> <span class='ocrx_word' id='word_1_243' title='bbox 144 4635 343 4710; x_wconf 84' lang='lat' dir='ltr'>quingentas</span> <span class='ocrx_word' id='word_1_244' title='bbox 357 4649 498 4706; x_wconf 89' lang='lat' dir='ltr'>marcas,</span> <span class='ocrx_word' id='word_1_245' title='bbox 514 4635 619 4696; x_wconf 90' lang='lat' dir='ltr'>donec</span> <span class='ocrx_word' id='word_1_246' title='bbox 630 4635 698 4697; x_wconf 89' lang='lat' dir='ltr'>tota</span> <span class='ocrx_word' id='word_1_247' title='bbox 711 4651 839 4696; x_wconf 89' lang='lat' dir='ltr'>summa</span> 
     </span>
     <span class='ocr_line' id='line_1_45' title="bbox 59 4732 837 4808; baseline 0.014 -25"><span class='ocrx_word' id='word_1_248' title='bbox 59 4732 233 4794; x_wconf 89' lang='lat' dir='ltr'>eorumdem</span> <span class='ocrx_word' id='word_1_249' title='bbox 248 4733 497 4807; x_wconf 84' lang='lat' dir='ltr'>arreragiorum</span> <span class='ocrx_word' id='word_1_250' title='bbox 513 4733 837 4808; x_wconf 87' lang='lat' dir='ltr'>plenariesitsoluta.</span> 
     </span>
     <span class='ocr_line' id='line_1_46' title="bbox 58 4821 839 4905; baseline 0.013 -25"><span class='ocrx_word' id='word_1_251' title='bbox 58 4821 269 4890; x_wconf 87' lang='lat' dir='ltr'>Nihilominus</span> <span class='ocrx_word' id='word_1_252' title='bbox 302 4829 476 4892; x_wconf 91' lang='lat' dir='ltr'>reddemus</span> <span class='ocrx_word' id='word_1_253' title='bbox 509 4830 541 4890; x_wconf 92' lang='lat' dir='ltr'>ei</span> <span class='ocrx_word' id='word_1_254' title='bbox 569 4830 666 4890; x_wconf 89' lang='lat' dir='ltr'>annis</span> <span class='ocrx_word' id='word_1_255' title='bbox 699 4830 839 4905; x_wconf 89' lang='lat' dir='ltr'>singulis</span> 
     </span>
     <span class='ocr_line' id='line_1_47' title="bbox 59 4920 841 5004; baseline 0.012 -27"><span class='ocrx_word' id='word_1_256' title='bbox 59 4920 136 4983; x_wconf 90' lang='lat' dir='ltr'>mille</span> <span class='ocrx_word' id='word_1_257' title='bbox 148 4925 250 4988; x_wconf 90' lang='lat' dir='ltr'>libras</span> <span class='ocrx_word' id='word_1_258' title='bbox 264 4927 427 4987; x_wconf 88' lang='lat' dir='ltr'>bonorum</span> <span class='ocrx_word' id='word_1_259' title='bbox 444 4927 476 4988; x_wconf 91' lang='grc'>01</span> <span class='ocrx_word' id='word_1_260' title='bbox 492 4925 650 5002; x_wconf 88' lang='lat' dir='ltr'>legalium</span> <span class='ocrx_word' id='word_1_261' title='bbox 663 4927 841 5004; x_wconf 88' lang='lat' dir='ltr'>sterlingo-</span> 
     </span>
     <span class='ocr_line' id='line_1_48' title="bbox 58 5023 838 5099; baseline 0.009 -22"><span class='ocrx_word' id='word_1_262' title='bbox 58 5029 120 5079; x_wconf 86' lang='lat' dir='ltr'>rum</span> <span class='ocrx_word' id='word_1_263' title='bbox 134 5023 194 5083; x_wconf 90' lang='lat' dir='ltr'>sibi</span> <span class='ocrx_word' id='word_1_264' title='bbox 210 5023 340 5084; x_wconf 88' lang='lat' dir='ltr'>debitas</span> <span class='ocrx_word' id='word_1_265' title='bbox 352 5039 396 5084; x_wconf 84' lang='lat' dir='ltr'>ex</span> <span class='ocrx_word' id='word_1_266' title='bbox 405 5023 644 5099; x_wconf 88' lang='lat' dir='ltr'>compositione</span> <span class='ocrx_word' id='word_1_267' title='bbox 652 5024 838 5099; x_wconf 89' lang='lat' dir='ltr'>praemissa,</span> 
     </span>
     <span class='ocr_line' id='line_1_49' title="bbox 58 5115 841 5197; baseline 0.009 -22"><span class='ocrx_word' id='word_1_268' title='bbox 58 5115 139 5178; x_wconf 79' lang='grc'>010</span> <span class='ocrx_word' id='word_1_269' title='bbox 153 5121 301 5196; x_wconf 86' lang='lat' dir='ltr'>quolibet</span> <span class='ocrx_word' id='word_1_270' title='bbox 312 5135 400 5181; x_wconf 88' lang='lat' dir='ltr'>anno</span> <span class='ocrx_word' id='word_1_271' title='bbox 413 5121 551 5197; x_wconf 88' lang='lat' dir='ltr'>recipiet</span> <span class='ocrx_word' id='word_1_272' title='bbox 562 5119 626 5180; x_wconf 91' lang='lat' dir='ltr'>duo</span> <span class='ocrx_word' id='word_1_273' title='bbox 635 5120 740 5182; x_wconf 92' lang='lat' dir='ltr'>millia</span> <span class='ocrx_word' id='word_1_274' title='bbox 751 5137 841 5182; x_wconf 91' lang='lat' dir='ltr'>mar-</span> 
     </span>
     <span class='ocr_line' id='line_1_50' title="bbox 60 5217 842 5294; baseline 0.014 -26"><span class='ocrx_word' id='word_1_275' title='bbox 60 5224 160 5275; x_wconf 88' lang='lat' dir='ltr'>carum</span> <span class='ocrx_word' id='word_1_276' title='bbox 175 5233 234 5293; x_wconf 91' lang='lat' dir='ltr'>pro</span> <span class='ocrx_word' id='word_1_277' title='bbox 245 5218 485 5294; x_wconf 88' lang='lat' dir='ltr'>compositione</span> <span class='ocrx_word' id='word_1_278' title='bbox 496 5219 529 5278; x_wconf 89' lang='lat' dir='ltr'>et</span> <span class='ocrx_word' id='word_1_279' title='bbox 537 5217 731 5293; x_wconf 86' lang='lat' dir='ltr'>arreragiis,</span> <span class='ocrx_word' id='word_1_280' title='bbox 746 5233 842 5294; x_wconf 90' lang='lat' dir='ltr'>prop-</span> 
     </span>
    </p>
   </div>
   <div class='ocr_carea' id='block_1_3' title="bbox 58 5307 844 5777">
    <p class='ocr_par' dir='ltr' id='par_1_4' title="bbox 58 5307 844 5777">
     <span class='ocr_line' id='line_1_51' title="bbox 58 5307 841 5390; baseline 0.011 -24"><span class='ocrx_word' id='word_1_281' title='bbox 58 5307 102 5366; x_wconf 90' lang='lat' dir='ltr'>ter</span> <span class='ocrx_word' id='word_1_282' title='bbox 133 5327 204 5388; x_wconf 81' lang='lat' dir='ltr'>quae</span> <span class='ocrx_word' id='word_1_283' title='bbox 239 5315 484 5390; x_wconf 79' lang='lat' dir='ltr'>assignavimus</span> <span class='ocrx_word' id='word_1_284' title='bbox 519 5315 624 5376; x_wconf 90' lang='lat' dir='ltr'>eidem</span> <span class='ocrx_word' id='word_1_285' title='bbox 654 5315 841 5389; x_wconf 89' lang='lat' dir='ltr'>stagnarias</span> 
     </span>
     <span class='ocr_line' id='line_1_52' title="bbox 59 5409 840 5484; baseline 0.013 -22"><span class='ocrx_word' id='word_1_286' title='bbox 59 5409 176 5470; x_wconf 90' lang='lat' dir='ltr'>nostras</span> <span class='ocrx_word' id='word_1_287' title='bbox 189 5411 230 5472; x_wconf 93' lang='lat' dir='ltr'>de</span> <span class='ocrx_word' id='word_1_288' title='bbox 240 5411 418 5484; x_wconf 87' lang='lat' dir='ltr'>Gornubia,</span> <span class='ocrx_word' id='word_1_289' title='bbox 433 5413 466 5474; x_wconf 92' lang='lat' dir='ltr'>et</span> <span class='ocrx_word' id='word_1_290' title='bbox 479 5413 627 5473; x_wconf 89' lang='lat' dir='ltr'>Devenia</span> <span class='ocrx_word' id='word_1_291' title='bbox 642 5427 715 5472; x_wconf 92' lang='lat' dir='ltr'>cum</span> <span class='ocrx_word' id='word_1_292' title='bbox 729 5413 840 5472; x_wconf 90' lang='lat' dir='ltr'>omni-</span> 
     </span>
     <span class='ocr_line' id='line_1_53' title="bbox 60 5495 842 5585; baseline 0.014 -27"><span class='ocrx_word' id='word_1_293' title='bbox 60 5495 113 5561; x_wconf 88' lang='lat' dir='ltr'>bus</span> <span class='ocrx_word' id='word_1_294' title='bbox 125 5507 280 5579; x_wconf 86' lang='lat' dir='ltr'>exitibus,</span> <span class='ocrx_word' id='word_1_295' title='bbox 295 5508 458 5585; x_wconf 84' lang='lat' dir='ltr'>quiexeis</span> <span class='ocrx_word' id='word_1_296' title='bbox 472 5509 678 5585; x_wconf 89' lang='lat' dir='ltr'>provenient,</span> <span class='ocrx_word' id='word_1_297' title='bbox 691 5509 722 5569; x_wconf 91' lang='lat' dir='ltr'>et</span> <span class='ocrx_word' id='word_1_298' title='bbox 732 5510 842 5570; x_wconf 86' lang='lat' dir='ltr'>exitus</span> 
     </span>
     <span class='ocr_line' id='line_1_54' title="bbox 60 5600 842 5681; baseline 0.018 -27"><span class='ocrx_word' id='word_1_299' title='bbox 60 5600 169 5662; x_wconf 90' lang='lat' dir='ltr'>cambii</span> <span class='ocrx_word' id='word_1_300' title='bbox 184 5607 325 5666; x_wconf 87' lang='lat' dir='ltr'>monetae</span> <span class='ocrx_word' id='word_1_301' title='bbox 340 5607 474 5676; x_wconf 72' lang='lat' dir='ltr'>nostrae,</span> <span class='ocrx_word' id='word_1_302' title='bbox 489 5607 522 5667; x_wconf 91' lang='grc'>01</span> <span class='ocrx_word' id='word_1_303' title='bbox 536 5621 608 5667; x_wconf 90' lang='lat' dir='ltr'>eam</span> <span class='ocrx_word' id='word_1_304' title='bbox 624 5607 797 5681; x_wconf 89' lang='lat' dir='ltr'>posuimus</span> <span class='ocrx_word' id='word_1_305' title='bbox 808 5607 842 5668; x_wconf 91' lang='lat' dir='ltr'>in</span> 
     </span>
     <span class='ocr_line' id='line_1_55' title="bbox 60 5700 844 5777; baseline 0.013 -23"><span class='ocrx_word' id='word_1_306' title='bbox 60 5700 254 5771; x_wconf 85' lang='lat' dir='ltr'>corporalem</span> <span class='ocrx_word' id='word_1_307' title='bbox 291 5702 532 5777; x_wconf 87' lang='lat' dir='ltr'>possessionem</span> <span class='ocrx_word' id='word_1_308' title='bbox 566 5703 766 5776; x_wconf 86' lang='lat' dir='ltr'>earumdem,</span> <span class='ocrx_word' id='word_1_309' title='bbox 801 5719 844 5764; x_wconf 79' lang='lat' dir='ltr'>ex</span> 
     </span>
    </p>
   </div>
   <div class='ocr_carea' id='block_1_4' title="bbox 193 5835 469 5889">
    <p class='ocr_par' dir='ltr' id='par_1_5' title="bbox 193 5835 469 5889">
     <span class='ocr_line' id='line_1_56' title="bbox 193 5835 469 5889; baseline 0.014 -4"><span class='ocrx_word' id='word_1_310' title='bbox 193 5845 309 5888; x_wconf 78' lang='grc'><strong>101001.</strong></span> <span class='ocrx_word' id='word_1_311' title='bbox 329 5835 469 5889; x_wconf 86' lang='grc'><strong>10101111.</strong></span> 
     </span>
    </p>
   </div>
   <div class='ocr_carea' id='block_1_5' title="bbox 655 391 1120 460">
    <p class='ocr_par' dir='ltr' id='par_1_6' title="bbox 655 391 1120 460">
     <span class='ocr_line' id='line_1_57' title="bbox 655 391 1120 460; baseline -0.006 -8"><span class='ocrx_word' id='word_1_312' title='bbox 655 391 883 452; x_wconf 85' lang='lat' dir='ltr'><strong>EPISTOLAE.</strong></span> <span class='ocrx_word' id='word_1_313' title='bbox 907 391 984 450; x_wconf 87' lang='lat' dir='ltr'><strong>LIB.</strong></span> <span class='ocrx_word' id='word_1_314' title='bbox 1009 391 1046 451; x_wconf 85' lang='lat' dir='ltr'>V.</span> <span class='ocrx_word' id='word_1_315' title='bbox 1118 445 1120 460; x_wconf 88' lang='grc'>,</span> 
     </span>
    </p>
   </div>
   <div class='ocr_carea' id='block_1_6' title="bbox 1609 388 1669 446">
    <p class='ocr_par' dir='ltr' id='par_1_7' title="bbox 1609 388 1669 446">
     <span class='ocr_line' id='line_1_58' title="bbox 1609 388 1669 446; baseline -0.017 -1"><span class='ocrx_word' id='word_1_316' title='bbox 1609 388 1669 446; x_wconf 83' lang='grc'>674</span> 
     </span>
    </p>
   </div>
   <div class='ocr_carea' id='block_1_7' title="bbox 877 545 1692 5781">
    <p class='ocr_par' dir='ltr' id='par_1_8' title="bbox 877 545 1692 5781">
     <span class='ocr_line' id='line_1_59' title="bbox 877 545 1667 627; baseline -0.003 -17"><span class='ocrx_word' id='word_1_317' title='bbox 877 565 1016 627; x_wconf 89' lang='lat' dir='ltr'>quarum</span> <span class='ocrx_word' id='word_1_318' title='bbox 1029 547 1242 625; x_wconf 89' lang='lat' dir='ltr'>proventibus</span> <span class='ocrx_word' id='word_1_319' title='bbox 1257 548 1438 610; x_wconf 87' lang='lat' dir='ltr'>solutiones</span> <span class='ocrx_word' id='word_1_320' title='bbox 1449 561 1527 607; x_wconf 88' lang='lat' dir='ltr'>suas</span> <span class='ocrx_word' id='word_1_321' title='bbox 1538 545 1667 624; x_wconf 85' lang='lat' dir='ltr'>recipit,</span> 
     </span>
     <span class='ocr_line' id='line_1_60' title="bbox 878 645 1671 722; baseline -0.001 -16"><span class='ocrx_word' id='word_1_322' title='bbox 878 647 962 708; x_wconf 92' lang='lat' dir='ltr'>sicut</span> <span class='ocrx_word' id='word_1_323' title='bbox 975 646 1127 722; x_wconf 90' lang='lat' dir='ltr'>superius</span> <span class='ocrx_word' id='word_1_324' title='bbox 1139 647 1189 706; x_wconf 88' lang='lat' dir='ltr'>est</span> <span class='ocrx_word' id='word_1_325' title='bbox 1198 647 1415 721; x_wconf 86' lang='lat' dir='ltr'>praemissum.</span> <span class='ocrx_word' id='word_1_326' title='bbox 1428 645 1462 706; x_wconf 87' lang='lat' dir='ltr'>si</span> <span class='ocrx_word' id='word_1_327' title='bbox 1473 647 1583 706; x_wconf 90' lang='lat' dir='ltr'>autem</span> <span class='ocrx_word' id='word_1_328' title='bbox 1594 659 1671 706; x_wconf 88' lang='lat' dir='ltr'>oon-</span> 
     </span>
     <span class='ocr_line' id='line_1_61' title="bbox 877 743 1669 824; baseline -0.005 -18"><span class='ocrx_word' id='word_1_329' title='bbox 877 745 999 819; x_wconf 85' lang='lat' dir='ltr'>tigerit,</span> <span class='ocrx_word' id='word_1_330' title='bbox 1017 743 1102 820; x_wconf 93' lang='lat' dir='ltr'>quod</span> <span class='ocrx_word' id='word_1_331' title='bbox 1118 743 1241 819; x_wconf 90' lang='lat' dir='ltr'>aliquid</span> <span class='ocrx_word' id='word_1_332' title='bbox 1259 744 1345 806; x_wconf 91' lang='lat' dir='ltr'>ultra</span> <span class='ocrx_word' id='word_1_333' title='bbox 1368 743 1432 802; x_wconf 88' lang='lat' dir='ltr'>duo</span> <span class='ocrx_word' id='word_1_334' title='bbox 1447 743 1552 824; x_wconf 84' lang='lat' dir='ltr'>millia</span> <span class='ocrx_word' id='word_1_335' title='bbox 1576 758 1669 802; x_wconf 89' lang='lat' dir='ltr'>mar-</span> 
     </span>
     <span class='ocr_line' id='line_1_62' title="bbox 878 839 1674 916; baseline -0.003 -14"><span class='ocrx_word' id='word_1_336' title='bbox 878 857 992 902; x_wconf 90' lang='lat' dir='ltr'>carum</span> <span class='ocrx_word' id='word_1_337' title='bbox 1008 857 1050 902; x_wconf 80' lang='lat' dir='ltr'>ex</span> <span class='ocrx_word' id='word_1_338' title='bbox 1066 840 1231 916; x_wconf 87' lang='lat' dir='ltr'>praedictis</span> <span class='ocrx_word' id='word_1_339' title='bbox 1247 841 1446 916; x_wconf 88' lang='lat' dir='ltr'>provenerit,</span> <span class='ocrx_word' id='word_1_340' title='bbox 1461 839 1555 900; x_wconf 92' lang='lat' dir='ltr'>nobis</span> <span class='ocrx_word' id='word_1_341' title='bbox 1568 855 1674 900; x_wconf 90' lang='lat' dir='ltr'>rema-</span> 
     </span>
     <span class='ocr_line' id='line_1_63' title="bbox 879 937 1673 1014; baseline -0.003 -14"><span class='ocrx_word' id='word_1_342' title='bbox 879 939 978 1009; x_wconf 88' lang='lat' dir='ltr'>nebit,</span> <span class='ocrx_word' id='word_1_343' title='bbox 995 939 1037 1008; x_wconf 91' lang='grc'>01,</span> <span class='ocrx_word' id='word_1_344' title='bbox 1053 939 1081 998; x_wconf 91' lang='grc'>01</span> <span class='ocrx_word' id='word_1_345' title='bbox 1106 937 1147 998; x_wconf 92' lang='lat' dir='ltr'>ad</span> <span class='ocrx_word' id='word_1_346' title='bbox 1163 938 1360 998; x_wconf 90' lang='lat' dir='ltr'>solutionem</span> <span class='ocrx_word' id='word_1_347' title='bbox 1376 937 1580 1014; x_wconf 88' lang='lat' dir='ltr'>praemissam</span> <span class='ocrx_word' id='word_1_348' title='bbox 1606 953 1673 998; x_wconf 89' lang='lat' dir='ltr'>nou</span> 
     </span>
     <span class='ocr_line' id='line_1_64' title="bbox 880 1034 1671 1112; baseline -0.004 -15"><span class='ocrx_word' id='word_1_349' title='bbox 880 1035 1088 1106; x_wconf 81' lang='lat' dir='ltr'>sufficerent,</span> <span class='ocrx_word' id='word_1_350' title='bbox 1115 1034 1340 1112; x_wconf 89' lang='lat' dir='ltr'>supplebimus</span> <span class='ocrx_word' id='word_1_351' title='bbox 1367 1035 1398 1095; x_wconf 91' lang='lat' dir='ltr'>ei</span> <span class='ocrx_word' id='word_1_352' title='bbox 1425 1035 1465 1094; x_wconf 91' lang='lat' dir='ltr'>de</span> <span class='ocrx_word' id='word_1_353' title='bbox 1488 1035 1671 1096; x_wconf 85' lang='lat' dir='ltr'>redditibus</span> 
     </span>
     <span class='ocr_line' id='line_1_65' title="bbox 881 1132 1672 1202; baseline -0.003 -8"><span class='ocrx_word' id='word_1_354' title='bbox 881 1135 1001 1194; x_wconf 91' lang='lat' dir='ltr'>nostris</span> <span class='ocrx_word' id='word_1_355' title='bbox 1018 1133 1273 1202; x_wconf 88' lang='lat' dir='ltr'>Londoniarum,</span> <span class='ocrx_word' id='word_1_356' title='bbox 1286 1134 1329 1200; x_wconf 91' lang='lat' dir='ltr'>et,</span> <span class='ocrx_word' id='word_1_357' title='bbox 1347 1133 1375 1192; x_wconf 93' lang='grc'>01</span> <span class='ocrx_word' id='word_1_358' title='bbox 1390 1132 1472 1192; x_wconf 93' lang='lat' dir='ltr'>illud</span> <span class='ocrx_word' id='word_1_359' title='bbox 1485 1133 1586 1193; x_wconf 88' lang='lat' dir='ltr'>etiam</span> <span class='ocrx_word' id='word_1_360' title='bbox 1605 1147 1672 1192; x_wconf 89' lang='lat' dir='ltr'>non</span> 
     </span>
     <span class='ocr_line' id='line_1_66' title="bbox 881 1229 1674 1302; baseline 0 -12"><span class='ocrx_word' id='word_1_361' title='bbox 881 1231 1057 1302; x_wconf 86' lang='grc'><strong>0011100101,</strong></span> <span class='ocrx_word' id='word_1_362' title='bbox 1074 1230 1248 1291; x_wconf 87' lang='lat' dir='ltr'>reddemus</span> <span class='ocrx_word' id='word_1_363' title='bbox 1262 1231 1292 1290; x_wconf 89' lang='lat' dir='ltr'>ei</span> <span class='ocrx_word' id='word_1_364' title='bbox 1301 1229 1469 1290; x_wconf 88' lang='lat' dir='ltr'>residuum</span> <span class='ocrx_word' id='word_1_365' title='bbox 1482 1230 1523 1290; x_wconf 88' lang='lat' dir='ltr'>ad</span> <span class='ocrx_word' id='word_1_366' title='bbox 1535 1230 1674 1292; x_wconf 87' lang='lat' dir='ltr'>schaea-</span> 
     </span>
     <span class='ocr_line' id='line_1_67' title="bbox 882 1325 1674 1390; baseline -0.004 0"><span class='ocrx_word' id='word_1_367' title='bbox 882 1328 968 1390; x_wconf 87' lang='lat' dir='ltr'>rium</span> <span class='ocrx_word' id='word_1_368' title='bbox 983 1331 1131 1389; x_wconf 85' lang='lat' dir='ltr'>nostrum</span> <span class='ocrx_word' id='word_1_369' title='bbox 1145 1327 1402 1388; x_wconf 86' lang='lat' dir='ltr'>Londoniarum.</span> <span class='ocrx_word' id='word_1_370' title='bbox 1416 1325 1595 1388; x_wconf 84' lang='lat' dir='ltr'>Praedictos</span> <span class='ocrx_word' id='word_1_371' title='bbox 1610 1343 1674 1388; x_wconf 87' lang='lat' dir='ltr'>au-</span> 
     </span>
     <span class='ocr_line' id='line_1_68' title="bbox 883 1423 1674 1501; baseline -0.001 -16"><span class='ocrx_word' id='word_1_372' title='bbox 883 1427 947 1485; x_wconf 88' lang='lat' dir='ltr'>tem</span> <span class='ocrx_word' id='word_1_373' title='bbox 976 1425 1123 1486; x_wconf 88' lang='lat' dir='ltr'>redditus</span> <span class='ocrx_word' id='word_1_374' title='bbox 1152 1425 1311 1500; x_wconf 88' lang='lat' dir='ltr'>percipiet</span> <span class='ocrx_word' id='word_1_375' title='bbox 1340 1426 1372 1486; x_wconf 89' lang='lat' dir='ltr'>at</span> <span class='ocrx_word' id='word_1_376' title='bbox 1397 1424 1521 1486; x_wconf 90' lang='lat' dir='ltr'>tenebit</span> <span class='ocrx_word' id='word_1_377' title='bbox 1550 1423 1674 1501; x_wconf 85' lang='lat' dir='ltr'>absque</span> 
     </span>
     <span class='ocr_line' id='line_1_69' title="bbox 884 1519 1675 1594; baseline 0 -12"><span class='ocrx_word' id='word_1_378' title='bbox 884 1527 1006 1594; x_wconf 88' lang='lat' dir='ltr'>nostra,</span> <span class='ocrx_word' id='word_1_379' title='bbox 1034 1523 1086 1584; x_wconf 92' lang='lat' dir='ltr'>vel</span> <span class='ocrx_word' id='word_1_380' title='bbox 1115 1524 1302 1584; x_wconf 87' lang='lat' dir='ltr'>nostrorum</span> <span class='ocrx_word' id='word_1_381' title='bbox 1333 1522 1593 1584; x_wconf 89' lang='lat' dir='ltr'>contradictione</span> <span class='ocrx_word' id='word_1_382' title='bbox 1621 1519 1675 1583; x_wconf 89' lang='lat' dir='ltr'>v&#39;el</span> 
     </span>
     <span class='ocr_line' id='line_1_70' title="bbox 883 1619 1675 1696; baseline -0.003 -16"><span class='ocrx_word' id='word_1_383' title='bbox 883 1619 1128 1696; x_wconf 71' lang='lat' dir='ltr'>impedimento</span> <span class='ocrx_word' id='word_1_384' title='bbox 1144 1619 1229 1680; x_wconf 90' lang='lat' dir='ltr'>sicat</span> <span class='ocrx_word' id='word_1_385' title='bbox 1244 1620 1437 1696; x_wconf 90' lang='lat' dir='ltr'>praedictum</span> <span class='ocrx_word' id='word_1_386' title='bbox 1457 1621 1517 1690; x_wconf 91' lang='lat' dir='ltr'>est,</span> <span class='ocrx_word' id='word_1_387' title='bbox 1544 1619 1600 1680; x_wconf 89' lang='lat' dir='ltr'>sed</span> <span class='ocrx_word' id='word_1_388' title='bbox 1613 1635 1675 1680; x_wconf 91' lang='lat' dir='ltr'>nos</span> 
     </span>
     <span class='ocr_line' id='line_1_71' title="bbox 884 1715 1677 1792; baseline 0 -16"><span class='ocrx_word' id='word_1_389' title='bbox 884 1715 1127 1792; x_wconf 79' lang='lat' dir='ltr'>assignabimus</span> <span class='ocrx_word' id='word_1_390' title='bbox 1147 1717 1279 1777; x_wconf 89' lang='lat' dir='ltr'>nomine</span> <span class='ocrx_word' id='word_1_391' title='bbox 1292 1718 1417 1792; x_wconf 83' lang='lat' dir='ltr'>regiuae</span> <span class='ocrx_word' id='word_1_392' title='bbox 1439 1717 1479 1776; x_wconf 91' lang='lat' dir='ltr'>ad</span> <span class='ocrx_word' id='word_1_393' title='bbox 1501 1715 1677 1792; x_wconf 83' lang='lat' dir='ltr'>praedictos</span> 
     </span>
     <span class='ocr_line' id='line_1_72' title="bbox 883 1813 1678 1889; baseline 0.001 -15"><span class='ocrx_word' id='word_1_394' title='bbox 883 1814 1030 1876; x_wconf 87' lang='lat' dir='ltr'>redditus</span> <span class='ocrx_word' id='word_1_395' title='bbox 1058 1813 1260 1889; x_wconf 89' lang='lat' dir='ltr'>colligendos</span> <span class='ocrx_word' id='word_1_396' title='bbox 1289 1816 1322 1875; x_wconf 91' lang='lat' dir='ltr'>et</span> <span class='ocrx_word' id='word_1_397' title='bbox 1351 1813 1535 1875; x_wconf 87' lang='lat' dir='ltr'>reddendos</span> <span class='ocrx_word' id='word_1_398' title='bbox 1569 1813 1678 1875; x_wconf 88' lang='lat' dir='ltr'>eidem</span> 
     </span>
     <span class='ocr_line' id='line_1_73' title="bbox 884 1911 1679 1988; baseline 0 -16"><span class='ocrx_word' id='word_1_399' title='bbox 884 1912 1008 1988; x_wconf 88' lang='lat' dir='ltr'>reginae</span> <span class='ocrx_word' id='word_1_400' title='bbox 1027 1911 1117 1973; x_wconf 87' lang='lat' dir='ltr'>viros</span> <span class='ocrx_word' id='word_1_401' title='bbox 1142 1911 1254 1972; x_wconf 84' lang='lat' dir='ltr'>fideles</span> <span class='ocrx_word' id='word_1_402' title='bbox 1270 1913 1302 1972; x_wconf 91' lang='lat' dir='ltr'>et</span> <span class='ocrx_word' id='word_1_403' title='bbox 1317 1911 1488 1982; x_wconf 89' lang='lat' dir='ltr'>discretos,</span> <span class='ocrx_word' id='word_1_404' title='bbox 1507 1911 1562 1988; x_wconf 93' lang='lat' dir='ltr'>qui</span> <span class='ocrx_word' id='word_1_405' title='bbox 1580 1914 1679 1988; x_wconf 89' lang='lat' dir='ltr'>jura-</span> 
     </span>
     <span class='ocr_line' id='line_1_74' title="bbox 884 2007 1678 2085; baseline 0.001 -16"><span class='ocrx_word' id='word_1_406' title='bbox 884 2009 975 2080; x_wconf 91' lang='lat' dir='ltr'>bunt,</span> <span class='ocrx_word' id='word_1_407' title='bbox 990 2009 1075 2085; x_wconf 93' lang='lat' dir='ltr'>quod</span> <span class='ocrx_word' id='word_1_408' title='bbox 1088 2007 1229 2072; x_wconf 82' lang='lat' dir='ltr'>fideliter</span> <span class='ocrx_word' id='word_1_409' title='bbox 1239 2007 1278 2068; x_wconf 91' lang='lat' dir='ltr'>de</span> <span class='ocrx_word' id='word_1_410' title='bbox 1294 2008 1445 2069; x_wconf 92' lang='lat' dir='ltr'>omnibus</span> <span class='ocrx_word' id='word_1_411' title='bbox 1458 2009 1602 2070; x_wconf 81' lang='lat' dir='ltr'>exitibus</span> <span class='ocrx_word' id='word_1_412' title='bbox 1617 2009 1678 2070; x_wconf 91' lang='lat' dir='ltr'>do-</span> 
     </span>
     <span class='ocr_line' id='line_1_75' title="bbox 885 2105 1678 2182; baseline 0.001 -16"><span class='ocrx_word' id='word_1_413' title='bbox 885 2107 983 2166; x_wconf 90' lang='lat' dir='ltr'>minae</span> <span class='ocrx_word' id='word_1_414' title='bbox 998 2106 1134 2180; x_wconf 88' lang='lat' dir='ltr'>reginae,</span> <span class='ocrx_word' id='word_1_415' title='bbox 1152 2105 1202 2166; x_wconf 93' lang='lat' dir='ltr'>vel</span> <span class='ocrx_word' id='word_1_416' title='bbox 1216 2106 1391 2166; x_wconf 90' lang='lat' dir='ltr'>attornatis</span> <span class='ocrx_word' id='word_1_417' title='bbox 1407 2107 1476 2166; x_wconf 86' lang='lat' dir='ltr'>suis</span> <span class='ocrx_word' id='word_1_418' title='bbox 1491 2106 1678 2182; x_wconf 89' lang='lat' dir='ltr'>responde-</span> 
     </span>
     <span class='ocr_line' id='line_1_76' title="bbox 885 2201 1679 2279; baseline 0 -15"><span class='ocrx_word' id='word_1_419' title='bbox 885 2204 966 2264; x_wconf 92' lang='lat' dir='ltr'>bunt</span> <span class='ocrx_word' id='word_1_420' title='bbox 995 2205 1029 2262; x_wconf 94' lang='grc'>10</span> <span class='ocrx_word' id='word_1_421' title='bbox 1054 2203 1150 2262; x_wconf 90' lang='lat' dir='ltr'>domo</span> <span class='ocrx_word' id='word_1_422' title='bbox 1176 2201 1252 2262; x_wconf 91' lang='lat' dir='ltr'>novi</span> <span class='ocrx_word' id='word_1_423' title='bbox 1278 2203 1406 2279; x_wconf 85' lang='lat' dir='ltr'>Templi</span> <span class='ocrx_word' id='word_1_424' title='bbox 1431 2203 1679 2264; x_wconf 90' lang='lat' dir='ltr'>Londoniarum</span> 
     </span>
     <span class='ocr_line' id='line_1_77' title="bbox 887 2300 1680 2377; baseline 0 -17"><span class='ocrx_word' id='word_1_425' title='bbox 887 2316 989 2377; x_wconf 90' lang='lat' dir='ltr'>usque</span> <span class='ocrx_word' id='word_1_426' title='bbox 1023 2300 1063 2362; x_wconf 90' lang='lat' dir='ltr'>ad</span> <span class='ocrx_word' id='word_1_427' title='bbox 1097 2301 1314 2377; x_wconf 86' lang='lat' dir='ltr'>praetaxatam</span> <span class='ocrx_word' id='word_1_428' title='bbox 1347 2316 1508 2361; x_wconf 89' lang='lat' dir='ltr'>summam</span> <span class='ocrx_word' id='word_1_429' title='bbox 1539 2301 1680 2362; x_wconf 89' lang='lat' dir='ltr'>duorum</span> 
     </span>
     <span class='ocr_line' id='line_1_78' title="bbox 886 2397 1680 2468; baseline -0.001 -9"><span class='ocrx_word' id='word_1_430' title='bbox 886 2398 1027 2459; x_wconf 89' lang='lat' dir='ltr'>millium</span> <span class='ocrx_word' id='word_1_431' title='bbox 1043 2413 1240 2468; x_wconf 90' lang='lat' dir='ltr'>marcarum,</span> <span class='ocrx_word' id='word_1_432' title='bbox 1253 2397 1381 2459; x_wconf 90' lang='lat' dir='ltr'>scilicet</span> <span class='ocrx_word' id='word_1_433' title='bbox 1393 2397 1483 2459; x_wconf 90' lang='lat' dir='ltr'>mille</span> <span class='ocrx_word' id='word_1_434' title='bbox 1499 2413 1628 2460; x_wconf 87' lang='lat' dir='ltr'>marcas</span> <span class='ocrx_word' id='word_1_435' title='bbox 1644 2399 1680 2459; x_wconf 91' lang='lat' dir='ltr'>in</span> 
     </span>
     <span class='ocr_line' id='line_1_79' title="bbox 887 2495 1681 2567; baseline 0.003 -11"><span class='ocrx_word' id='word_1_436' title='bbox 887 2495 968 2558; x_wconf 82' lang='lat' dir='ltr'>festo</span> <span class='ocrx_word' id='word_1_437' title='bbox 989 2496 1142 2556; x_wconf 89' lang='lat' dir='ltr'>Omnium</span> <span class='ocrx_word' id='word_1_438' title='bbox 1158 2497 1364 2567; x_wconf 87' lang='lat' dir='ltr'>Sanctorum,</span> <span class='ocrx_word' id='word_1_439' title='bbox 1386 2495 1528 2556; x_wconf 90' lang='grc'><strong>01101110</strong></span> <span class='ocrx_word' id='word_1_440' title='bbox 1550 2511 1681 2558; x_wconf 90' lang='lat' dir='ltr'>marcas</span> 
     </span>
     <span class='ocr_line' id='line_1_80' title="bbox 886 2593 1682 2656; baseline 0.003 -2"><span class='ocrx_word' id='word_1_441' title='bbox 886 2593 1018 2655; x_wconf 85' lang='grc'><strong>1010010</strong></span> <span class='ocrx_word' id='word_1_442' title='bbox 1033 2593 1248 2654; x_wconf 88' lang='lat' dir='ltr'>Ascensionis</span> <span class='ocrx_word' id='word_1_443' title='bbox 1268 2593 1408 2654; x_wconf 87' lang='lat' dir='ltr'>Domini.</span> <span class='ocrx_word' id='word_1_444' title='bbox 1436 2594 1545 2655; x_wconf 81' lang='lat' dir='ltr'>Finita</span> <span class='ocrx_word' id='word_1_445' title='bbox 1570 2597 1682 2656; x_wconf 90' lang='lat' dir='ltr'>autem</span> 
     </span>
     <span class='ocr_line' id='line_1_81' title="bbox 887 2691 1683 2766; baseline 0.004 -16"><span class='ocrx_word' id='word_1_446' title='bbox 887 2691 1051 2752; x_wconf 88' lang='lat' dir='ltr'>solutione</span> <span class='ocrx_word' id='word_1_447' title='bbox 1078 2691 1323 2766; x_wconf 87' lang='lat' dir='ltr'>arreragiorum</span> <span class='ocrx_word' id='word_1_448' title='bbox 1347 2691 1479 2752; x_wconf 92' lang='lat' dir='ltr'>domina</span> <span class='ocrx_word' id='word_1_449' title='bbox 1508 2693 1624 2766; x_wconf 90' lang='lat' dir='ltr'>regina</span> <span class='ocrx_word' id='word_1_450' title='bbox 1645 2693 1683 2754; x_wconf 93' lang='lat' dir='ltr'>in</span> 
     </span>
     <span class='ocr_line' id='line_1_82' title="bbox 889 2788 1684 2864; baseline 0 -15"><span class='ocrx_word' id='word_1_451' title='bbox 889 2789 1054 2864; x_wconf 88' lang='lat' dir='ltr'>praedictis</span> <span class='ocrx_word' id='word_1_452' title='bbox 1070 2788 1263 2859; x_wconf 72' lang='lat' dir='ltr'>redditibus</span> <span class='ocrx_word' id='word_1_453' title='bbox 1281 2791 1313 2849; x_wconf 90' lang='grc'>01</span> <span class='ocrx_word' id='word_1_454' title='bbox 1328 2789 1485 2864; x_wconf 88' lang='lat' dir='ltr'>praedicto</span> <span class='ocrx_word' id='word_1_455' title='bbox 1502 2788 1574 2850; x_wconf 90' lang='lat' dir='ltr'>loco</span> <span class='ocrx_word' id='word_1_456' title='bbox 1594 2791 1684 2850; x_wconf 90' lang='lat' dir='ltr'>reci·</span> 
     </span>
     <span class='ocr_line' id='line_1_83' title="bbox 888 2885 1681 2962; baseline 0 -16"><span class='ocrx_word' id='word_1_457' title='bbox 888 2885 966 2962; x_wconf 88' lang='lat' dir='ltr'>piet,</span> <span class='ocrx_word' id='word_1_458' title='bbox 985 2889 1020 2947; x_wconf 91' lang='lat' dir='ltr'>ut</span> <span class='ocrx_word' id='word_1_459' title='bbox 1041 2887 1194 2962; x_wconf 90' lang='lat' dir='ltr'>superius</span> <span class='ocrx_word' id='word_1_460' title='bbox 1215 2887 1410 2956; x_wconf 90' lang='lat' dir='ltr'>dictumest,</span> <span class='ocrx_word' id='word_1_461' title='bbox 1426 2886 1567 2962; x_wconf 89' lang='lat' dir='ltr'>singulis</span> <span class='ocrx_word' id='word_1_462' title='bbox 1583 2886 1681 2946; x_wconf 88' lang='lat' dir='ltr'>annis</span> 
     </span>
     <span class='ocr_line' id='line_1_84' title="bbox 889 2982 1685 3058; baseline 0.005 -16"><span class='ocrx_word' id='word_1_463' title='bbox 889 2982 979 3043; x_wconf 89' lang='lat' dir='ltr'>mille</span> <span class='ocrx_word' id='word_1_464' title='bbox 1008 2983 1110 3043; x_wconf 89' lang='lat' dir='ltr'>libras</span> <span class='ocrx_word' id='word_1_465' title='bbox 1130 2983 1256 3044; x_wconf 91' lang='lat' dir='ltr'>tantum</span> <span class='ocrx_word' id='word_1_466' title='bbox 1280 2982 1440 3044; x_wconf 91' lang='lat' dir='ltr'>bonorum</span> <span class='ocrx_word' id='word_1_467' title='bbox 1467 2985 1500 3044; x_wconf 90' lang='grc'>01</span> <span class='ocrx_word' id='word_1_468' title='bbox 1525 2983 1685 3058; x_wconf 87' lang='lat' dir='ltr'>legalium</span> 
     </span>
     <span class='ocr_line' id='line_1_85' title="bbox 889 3080 1683 3155; baseline 0.004 -16"><span class='ocrx_word' id='word_1_469' title='bbox 889 3080 1124 3154; x_wconf 82' lang='lat' dir='ltr'>sterlingorum</span> <span class='ocrx_word' id='word_1_470' title='bbox 1148 3080 1452 3155; x_wconf 76' lang='lat' dir='ltr'>circumpositione</span> <span class='ocrx_word' id='word_1_471' title='bbox 1478 3080 1542 3141; x_wconf 91' lang='lat' dir='ltr'>sibi</span> <span class='ocrx_word' id='word_1_472' title='bbox 1571 3081 1683 3142; x_wconf 87' lang='lat' dir='ltr'>debita</span> 
     </span>
     <span class='ocr_line' id='line_1_86' title="bbox 890 3177 1682 3255; baseline 0.004 -19"><span class='ocrx_word' id='word_1_473' title='bbox 890 3177 1058 3253; x_wconf 90' lang='lat' dir='ltr'>praedicta.</span> <span class='ocrx_word' id='word_1_474' title='bbox 1075 3178 1201 3238; x_wconf 88' lang='lat' dir='ltr'>Poterit</span> <span class='ocrx_word' id='word_1_475' title='bbox 1217 3181 1326 3252; x_wconf 79' lang='lat' dir='ltr'>autem</span> <span class='ocrx_word' id='word_1_476' title='bbox 1342 3177 1414 3253; x_wconf 89' lang='lat' dir='ltr'>ipsa</span> <span class='ocrx_word' id='word_1_477' title='bbox 1435 3179 1551 3254; x_wconf 89' lang='lat' dir='ltr'>regina</span> <span class='ocrx_word' id='word_1_478' title='bbox 1567 3178 1682 3255; x_wconf 90' lang='lat' dir='ltr'>dispo-</span> 
     </span>
     <span class='ocr_line' id='line_1_87' title="bbox 890 3273 1685 3350; baseline 0.004 -17"><span class='ocrx_word' id='word_1_479' title='bbox 890 3289 969 3334; x_wconf 90' lang='lat' dir='ltr'>nere</span> <span class='ocrx_word' id='word_1_480' title='bbox 985 3274 1024 3334; x_wconf 90' lang='lat' dir='ltr'>de</span> <span class='ocrx_word' id='word_1_481' title='bbox 1040 3273 1206 3349; x_wconf 90' lang='lat' dir='ltr'>praedictis</span> <span class='ocrx_word' id='word_1_482' title='bbox 1221 3275 1402 3350; x_wconf 88' lang='lat' dir='ltr'>arreragiis</span> <span class='ocrx_word' id='word_1_483' title='bbox 1418 3275 1458 3336; x_wconf 92' lang='lat' dir='ltr'>ad</span> <span class='ocrx_word' id='word_1_484' title='bbox 1479 3276 1685 3338; x_wconf 87' lang='lat' dir='ltr'>voluntatem</span> 
     </span>
     <span class='ocr_line' id='line_1_88' title="bbox 891 3371 1684 3448; baseline 0.008 -18"><span class='ocrx_word' id='word_1_485' title='bbox 891 3387 984 3432; x_wconf 89' lang='lat' dir='ltr'>suam</span> <span class='ocrx_word' id='word_1_486' title='bbox 1000 3371 1273 3448; x_wconf 85' lang='lat' dir='ltr'>quandocumque</span> <span class='ocrx_word' id='word_1_487' title='bbox 1288 3371 1351 3432; x_wconf 91' lang='lat' dir='ltr'>sihi</span> <span class='ocrx_word' id='word_1_488' title='bbox 1371 3373 1535 3448; x_wconf 88' lang='lat' dir='ltr'>placuerit</span> <span class='ocrx_word' id='word_1_489' title='bbox 1555 3373 1626 3434; x_wconf 89' lang='lat' dir='ltr'>sive</span> <span class='ocrx_word' id='word_1_490' title='bbox 1649 3373 1684 3436; x_wconf 91' lang='lat' dir='ltr'>ln</span> 
     </span>
     <span class='ocr_line' id='line_1_89' title="bbox 891 3468 1685 3547; baseline 0.003 -19"><span class='ocrx_word' id='word_1_491' title='bbox 891 3469 970 3540; x_wconf 90' lang='lat' dir='ltr'>vita,</span> <span class='ocrx_word' id='word_1_492' title='bbox 987 3468 1057 3528; x_wconf 91' lang='lat' dir='ltr'>sive</span> <span class='ocrx_word' id='word_1_493' title='bbox 1073 3469 1106 3528; x_wconf 93' lang='lat' dir='ltr'>in</span> <span class='ocrx_word' id='word_1_494' title='bbox 1120 3471 1236 3539; x_wconf 89' lang='lat' dir='ltr'>morte,</span> <span class='ocrx_word' id='word_1_495' title='bbox 1251 3471 1284 3530; x_wconf 90' lang='lat' dir='ltr'>et</span> <span class='ocrx_word' id='word_1_496' title='bbox 1297 3484 1355 3529; x_wconf 89' lang='lat' dir='ltr'>nos</span> <span class='ocrx_word' id='word_1_497' title='bbox 1370 3470 1412 3540; x_wconf 91' lang='lat' dir='ltr'>ei,</span> <span class='ocrx_word' id='word_1_498' title='bbox 1427 3471 1479 3530; x_wconf 91' lang='lat' dir='ltr'>vel</span> <span class='ocrx_word' id='word_1_499' title='bbox 1492 3471 1552 3542; x_wconf 91' lang='lat' dir='ltr'>eis,</span> <span class='ocrx_word' id='word_1_500' title='bbox 1565 3470 1685 3547; x_wconf 92' lang='lat' dir='ltr'>quibus</span> 
     </span>
     <span class='ocr_line' id='line_1_90' title="bbox 891 3565 1686 3643; baseline 0.003 -18"><span class='ocrx_word' id='word_1_501' title='bbox 891 3565 963 3643; x_wconf 92' lang='lat' dir='ltr'>ipsa</span> <span class='ocrx_word' id='word_1_502' title='bbox 989 3567 1199 3637; x_wconf 91' lang='lat' dir='ltr'>concesserit,</span> <span class='ocrx_word' id='word_1_503' title='bbox 1223 3567 1338 3627; x_wconf 89' lang='lat' dir='ltr'>eodem</span> <span class='ocrx_word' id='word_1_504' title='bbox 1375 3568 1469 3628; x_wconf 89' lang='lat' dir='ltr'>modo</span> <span class='ocrx_word' id='word_1_505' title='bbox 1501 3567 1686 3629; x_wconf 87' lang='lat' dir='ltr'>tenebimus</span> 
     </span>
     <span class='ocr_line' id='line_1_91' title="bbox 892 3663 1683 3742; baseline 0.005 -19"><span class='ocrx_word' id='word_1_506' title='bbox 892 3663 978 3724; x_wconf 91' lang='lat' dir='ltr'>sicut</span> <span class='ocrx_word' id='word_1_507' title='bbox 992 3665 1024 3724; x_wconf 90' lang='lat' dir='ltr'>et</span> <span class='ocrx_word' id='word_1_508' title='bbox 1038 3663 1113 3738; x_wconf 88' lang='lat' dir='ltr'>ipsi.</span> <span class='ocrx_word' id='word_1_509' title='bbox 1135 3664 1170 3726; x_wconf 88' lang='lat' dir='ltr'>Si</span> <span class='ocrx_word' id='word_1_510' title='bbox 1196 3667 1305 3724; x_wconf 90' lang='lat' dir='ltr'>autem</span> <span class='ocrx_word' id='word_1_511' title='bbox 1334 3665 1541 3741; x_wconf 89' lang='lat' dir='ltr'>contingeret</span> <span class='ocrx_word' id='word_1_512' title='bbox 1570 3666 1683 3742; x_wconf 92' lang='lat' dir='ltr'>aliquo</span> 
     </span>
     <span class='ocr_line' id='line_1_92' title="bbox 892 3759 1685 3836; baseline 0.005 -18"><span class='ocrx_word' id='word_1_513' title='bbox 892 3761 999 3830; x_wconf 88' lang='lat' dir='ltr'>modo,</span> <span class='ocrx_word' id='word_1_514' title='bbox 1017 3760 1101 3835; x_wconf 91' lang='lat' dir='ltr'>quod</span> <span class='ocrx_word' id='word_1_515' title='bbox 1118 3759 1251 3820; x_wconf 94' lang='lat' dir='ltr'>domina</span> <span class='ocrx_word' id='word_1_516' title='bbox 1265 3762 1381 3836; x_wconf 90' lang='lat' dir='ltr'>regina</span> <span class='ocrx_word' id='word_1_517' title='bbox 1394 3763 1585 3836; x_wconf 85' lang='lat' dir='ltr'>praedictam</span> <span class='ocrx_word' id='word_1_518' title='bbox 1599 3763 1685 3823; x_wconf 91' lang='lat' dir='ltr'>solu·</span> 
     </span>
     <span class='ocr_line' id='line_1_93' title="bbox 891 3858 1682 3936; baseline 0.003 -18"><span class='ocrx_word' id='word_1_519' title='bbox 891 3858 1682 3936; x_wconf 89' lang='lat' dir='ltr'>tionem,sicutsupradictumest,nonreciperet,</span> 
     </span>
     <span class='ocr_line' id='line_1_94' title="bbox 892 3955 1687 4034; baseline 0.004 -19"><span class='ocrx_word' id='word_1_520' title='bbox 892 3955 978 4031; x_wconf 91' lang='lat' dir='ltr'>quod</span> <span class='ocrx_word' id='word_1_521' title='bbox 1000 3955 1092 4016; x_wconf 87' lang='lat' dir='ltr'>salvo</span> <span class='ocrx_word' id='word_1_522' title='bbox 1114 3957 1323 4016; x_wconf 89' lang='lat' dir='ltr'>sacramento</span> <span class='ocrx_word' id='word_1_523' title='bbox 1352 3957 1464 4018; x_wconf 89' lang='grc'><strong>000110</strong></span> <span class='ocrx_word' id='word_1_524' title='bbox 1490 3973 1557 4018; x_wconf 91' lang='grc'>000</span> <span class='ocrx_word' id='word_1_525' title='bbox 1582 3959 1687 4034; x_wconf 90' lang='lat' dir='ltr'>possit</span> 
     </span>
     <span class='ocr_line' id='line_1_95' title="bbox 893 4051 1686 4132; baseline 0.004 -20"><span class='ocrx_word' id='word_1_526' title='bbox 893 4052 976 4124; x_wconf 88' lang='lat' dir='ltr'>lieri,</span> <span class='ocrx_word' id='word_1_527' title='bbox 992 4051 1036 4113; x_wconf 90' lang='lat' dir='ltr'>sit</span> <span class='ocrx_word' id='word_1_528' title='bbox 1048 4052 1153 4114; x_wconf 90' lang='lat' dir='ltr'>totum</span> <span class='ocrx_word' id='word_1_529' title='bbox 1169 4053 1335 4128; x_wconf 90' lang='lat' dir='ltr'>negotium</span> <span class='ocrx_word' id='word_1_530' title='bbox 1348 4053 1382 4112; x_wconf 98' lang='grc'>10</span> <span class='ocrx_word' id='word_1_531' title='bbox 1400 4069 1439 4115; x_wconf 91' lang='grc'>00</span> <span class='ocrx_word' id='word_1_532' title='bbox 1452 4055 1550 4125; x_wconf 88' lang='grc'><strong>01010,</strong></span> <span class='ocrx_word' id='word_1_533' title='bbox 1569 4055 1603 4115; x_wconf 91' lang='grc'>10</span> <span class='ocrx_word' id='word_1_534' title='bbox 1620 4069 1686 4132; x_wconf 87' lang='lat' dir='ltr'>quo</span> 
     </span>
     <span class='ocr_line' id='line_1_96' title="bbox 893 4149 1687 4226; baseline 0.006 -17"><span class='ocrx_word' id='word_1_535' title='bbox 893 4150 966 4210; x_wconf 90' lang='lat' dir='ltr'>erat</span> <span class='ocrx_word' id='word_1_536' title='bbox 979 4149 1112 4225; x_wconf 89' lang='lat' dir='ltr'>qnando</span> <span class='ocrx_word' id='word_1_537' title='bbox 1128 4165 1274 4226; x_wconf 89' lang='lat' dir='ltr'>praesens</span> <span class='ocrx_word' id='word_1_538' title='bbox 1293 4152 1385 4212; x_wconf 90' lang='lat' dir='ltr'>carta</span> <span class='ocrx_word' id='word_1_539' title='bbox 1398 4150 1460 4213; x_wconf 88' lang='lat' dir='ltr'>luit</span> <span class='ocrx_word' id='word_1_540' title='bbox 1479 4151 1687 4224; x_wconf 66' lang='lat' dir='ltr'>coniectast</span> 
     </span>
     <span class='ocr_line' id='line_1_97' title="bbox 894 4246 1687 4324; baseline 0.006 -18"><span class='ocrx_word' id='word_1_541' title='bbox 894 4247 1082 4323; x_wconf 81' lang='lat' dir='ltr'>quingentae</span> <span class='ocrx_word' id='word_1_542' title='bbox 1097 4246 1191 4308; x_wconf 88' lang='lat' dir='ltr'>librae</span> <span class='ocrx_word' id='word_1_543' title='bbox 1213 4263 1295 4324; x_wconf 89' lang='lat' dir='ltr'>quas</span> <span class='ocrx_word' id='word_1_544' title='bbox 1319 4247 1415 4310; x_wconf 92' lang='lat' dir='ltr'>uobis</span> <span class='ocrx_word' id='word_1_545' title='bbox 1440 4249 1578 4320; x_wconf 90' lang='lat' dir='ltr'>remisit,</span> <span class='ocrx_word' id='word_1_546' title='bbox 1601 4250 1687 4312; x_wconf 89' lang='lat' dir='ltr'>sicut</span> 
     </span>
     <span class='ocr_line' id='line_1_98' title="bbox 893 4344 1688 4422; baseline 0.005 -18"><span class='ocrx_word' id='word_1_547' title='bbox 893 4359 952 4420; x_wconf 89' lang='lat' dir='ltr'>pro</span> <span class='ocrx_word' id='word_1_548' title='bbox 963 4359 1029 4405; x_wconf 91' lang='lat' dir='ltr'>non</span> <span class='ocrx_word' id='word_1_549' title='bbox 1045 4344 1205 4416; x_wconf 89' lang='lat' dir='ltr'>remissis,</span> <span class='ocrx_word' id='word_1_550' title='bbox 1221 4345 1459 4421; x_wconf 87' lang='lat' dir='ltr'>compositione</span> <span class='ocrx_word' id='word_1_551' title='bbox 1480 4347 1650 4422; x_wconf 84' lang='lat' dir='ltr'>praemissa</span> <span class='ocrx_word' id='word_1_552' title='bbox 1667 4363 1688 4408; x_wconf 91' lang='lat' dir='ltr'>a</span> 
     </span>
     <span class='ocr_line' id='line_1_99' title="bbox 893 4442 1687 4517; baseline 0.006 -16"><span class='ocrx_word' id='word_1_553' title='bbox 893 4444 987 4517; x_wconf 89' lang='lat' dir='ltr'>patra</span> <span class='ocrx_word' id='word_1_554' title='bbox 1008 4442 1121 4502; x_wconf 90' lang='lat' dir='ltr'>nostro</span> <span class='ocrx_word' id='word_1_555' title='bbox 1150 4456 1225 4502; x_wconf 90' lang='lat' dir='ltr'>cum</span> <span class='ocrx_word' id='word_1_556' title='bbox 1249 4442 1363 4503; x_wconf 88' lang='lat' dir='ltr'>eadem</span> <span class='ocrx_word' id='word_1_557' title='bbox 1388 4443 1502 4517; x_wconf 88' lang='lat' dir='ltr'>regina</span> <span class='ocrx_word' id='word_1_558' title='bbox 1527 4443 1627 4515; x_wconf 86' lang='lat' dir='ltr'>lacta,</span> <span class='ocrx_word' id='word_1_559' title='bbox 1654 4447 1687 4506; x_wconf 90' lang='lat' dir='ltr'>et</span> 
     </span>
     <span class='ocr_line' id='line_1_100' title="bbox 894 4537 1687 4615; baseline 0.005 -17"><span class='ocrx_word' id='word_1_560' title='bbox 894 4537 1045 4598; x_wconf 85' lang='lat' dir='ltr'>omnibus</span> <span class='ocrx_word' id='word_1_561' title='bbox 1066 4537 1142 4598; x_wconf 89' lang='lat' dir='ltr'>aliis</span> <span class='ocrx_word' id='word_1_562' title='bbox 1168 4539 1338 4614; x_wconf 87' lang='lat' dir='ltr'>rescriptis</span> <span class='ocrx_word' id='word_1_563' title='bbox 1362 4539 1553 4615; x_wconf 83' lang='lat' dir='ltr'>apostolicis</span> <span class='ocrx_word' id='word_1_564' title='bbox 1575 4541 1610 4600; x_wconf 90' lang='lat' dir='ltr'>in</span> <span class='ocrx_word' id='word_1_565' title='bbox 1627 4555 1687 4602; x_wconf 91' lang='lat' dir='ltr'>suo</span> 
     </span>
     <span class='ocr_line' id='line_1_101' title="bbox 893 4633 1687 4711; baseline 0.006 -17"><span class='ocrx_word' id='word_1_566' title='bbox 893 4635 1011 4696; x_wconf 89' lang='lat' dir='ltr'>robora</span> <span class='ocrx_word' id='word_1_567' title='bbox 1021 4633 1300 4711; x_wconf 89' lang='lat' dir='ltr'>permanentibus,</span> <span class='ocrx_word' id='word_1_568' title='bbox 1310 4637 1343 4696; x_wconf 91' lang='lat' dir='ltr'>et</span> <span class='ocrx_word' id='word_1_569' title='bbox 1354 4634 1539 4696; x_wconf 89' lang='lat' dir='ltr'>tenebimur</span> <span class='ocrx_word' id='word_1_570' title='bbox 1548 4637 1687 4699; x_wconf 88' lang='lat' dir='ltr'>reddere</span> 
     </span>
     <span class='ocr_line' id='line_1_102' title="bbox 894 4731 1687 4808; baseline 0.005 -16"><span class='ocrx_word' id='word_1_571' title='bbox 894 4731 999 4792; x_wconf 88' lang='lat' dir='ltr'>eidem</span> <span class='ocrx_word' id='word_1_572' title='bbox 1021 4732 1146 4807; x_wconf 87' lang='lat' dir='ltr'>reginae</span> <span class='ocrx_word' id='word_1_573' title='bbox 1161 4747 1275 4793; x_wconf 92' lang='lat' dir='ltr'>omnes</span> <span class='ocrx_word' id='word_1_574' title='bbox 1292 4747 1455 4808; x_wconf 83' lang='lat' dir='ltr'>expensas</span> <span class='ocrx_word' id='word_1_575' title='bbox 1470 4734 1687 4796; x_wconf 90' lang='lat' dir='ltr'>rationabiles</span> 
     </span>
     <span class='ocr_line' id='line_1_103' title="bbox 895 4828 1689 4907; baseline 0.003 -18"><span class='ocrx_word' id='word_1_576' title='bbox 895 4830 927 4890; x_wconf 91' lang='lat' dir='ltr'>et</span> <span class='ocrx_word' id='word_1_577' title='bbox 940 4828 1124 4890; x_wconf 86' lang='lat' dir='ltr'>moderatas</span> <span class='ocrx_word' id='word_1_578' title='bbox 1138 4829 1171 4889; x_wconf 90' lang='lat' dir='ltr'>et</span> <span class='ocrx_word' id='word_1_579' title='bbox 1186 4829 1355 4900; x_wconf 88' lang='lat' dir='ltr'>honestas,</span> <span class='ocrx_word' id='word_1_580' title='bbox 1373 4845 1454 4906; x_wconf 90' lang='lat' dir='ltr'>quas</span> <span class='ocrx_word' id='word_1_581' title='bbox 1471 4829 1504 4892; x_wconf 90' lang='lat' dir='ltr'>in</span> <span class='ocrx_word' id='word_1_582' title='bbox 1529 4847 1689 4907; x_wconf 88' lang='lat' dir='ltr'>prosecu-</span> 
     </span>
     <span class='ocr_line' id='line_1_104' title="bbox 894 4925 1685 5003; baseline 0.004 -16"><span class='ocrx_word' id='word_1_583' title='bbox 894 4926 983 4988; x_wconf 92' lang='lat' dir='ltr'>tione</span> <span class='ocrx_word' id='word_1_584' title='bbox 998 4925 1094 4988; x_wconf 90' lang='lat' dir='ltr'>istius</span> <span class='ocrx_word' id='word_1_585' title='bbox 1108 4926 1231 5001; x_wconf 85' lang='lat' dir='ltr'>negotii</span> <span class='ocrx_word' id='word_1_586' title='bbox 1247 4926 1362 4988; x_wconf 87' lang='grc'><strong>1000111</strong></span> <span class='ocrx_word' id='word_1_587' title='bbox 1382 4943 1441 5003; x_wconf 88' lang='lat' dir='ltr'>pro</span> <span class='ocrx_word' id='word_1_588' title='bbox 1457 4929 1586 4990; x_wconf 89' lang='lat' dir='ltr'>delectu</span> <span class='ocrx_word' id='word_1_589' title='bbox 1602 4945 1685 4990; x_wconf 91' lang='lat' dir='ltr'>nos-</span> 
     </span>
     <span class='ocr_line' id='line_1_105' title="bbox 893 5023 1686 5087; baseline 0.003 -3"><span class='ocrx_word' id='word_1_590' title='bbox 893 5025 956 5084; x_wconf 92' lang='grc'><strong>110.</strong></span> <span class='ocrx_word' id='word_1_591' title='bbox 974 5023 1003 5083; x_wconf 93' lang='lat' dir='ltr'>N</span> <span class='ocrx_word' id='word_1_592' title='bbox 1007 5038 1043 5084; x_wconf 90' lang='lat' dir='ltr'>os</span> <span class='ocrx_word' id='word_1_593' title='bbox 1058 5025 1168 5084; x_wconf 88' lang='lat' dir='ltr'>autem</span> <span class='ocrx_word' id='word_1_594' title='bbox 1183 5023 1224 5084; x_wconf 91' lang='lat' dir='ltr'>de</span> <span class='ocrx_word' id='word_1_595' title='bbox 1239 5025 1379 5084; x_wconf 90' lang='lat' dir='ltr'>consilio</span> <span class='ocrx_word' id='word_1_596' title='bbox 1394 5023 1518 5086; x_wconf 92' lang='lat' dir='ltr'>domini</span> <span class='ocrx_word' id='word_1_597' title='bbox 1535 5025 1686 5087; x_wconf 84' lang='lat' dir='ltr'>Pandulll</span> 
     </span>
     <span class='ocr_line' id='line_1_106' title="bbox 895 5119 1685 5196; baseline 0 -15"><span class='ocrx_word' id='word_1_598' title='bbox 895 5119 1019 5181; x_wconf 91' lang='lat' dir='ltr'>domini</span> <span class='ocrx_word' id='word_1_599' title='bbox 1045 5135 1139 5196; x_wconf 83' lang='lat' dir='ltr'>papae</span> <span class='ocrx_word' id='word_1_600' title='bbox 1164 5121 1352 5190; x_wconf 90' lang='lat' dir='ltr'>camerarii,</span> <span class='ocrx_word' id='word_1_601' title='bbox 1368 5123 1559 5183; x_wconf 86' lang='lat' dir='ltr'>Norwicen.</span> <span class='ocrx_word' id='word_1_602' title='bbox 1577 5123 1685 5196; x_wconf 89' lang='grc'><strong>010011,</strong></span> 
     </span>
     <span class='ocr_line' id='line_1_107' title="bbox 895 5217 1690 5296; baseline 0.003 -18"><span class='ocrx_word' id='word_1_603' title='bbox 895 5217 1092 5294; x_wconf 70' lang='lat' dir='ltr'>apostolicae</span> <span class='ocrx_word' id='word_1_604' title='bbox 1114 5217 1208 5278; x_wconf 86' lang='lat' dir='ltr'>Sedis</span> <span class='ocrx_word' id='word_1_605' title='bbox 1228 5219 1339 5294; x_wconf 84' lang='lat' dir='ltr'>legati,</span> <span class='ocrx_word' id='word_1_606' title='bbox 1363 5221 1395 5278; x_wconf 92' lang='lat' dir='ltr'>et</span> <span class='ocrx_word' id='word_1_607' title='bbox 1419 5219 1690 5296; x_wconf 90' lang='lat' dir='ltr'>archiepiscopo-</span> 
     </span>
     <span class='ocr_line' id='line_1_108' title="bbox 896 5313 1688 5390; baseline 0.004 -15"><span class='ocrx_word' id='word_1_608' title='bbox 896 5330 984 5386; x_wconf 91' lang='lat' dir='ltr'>rum,</span> <span class='ocrx_word' id='word_1_609' title='bbox 1010 5313 1238 5390; x_wconf 89' lang='lat' dir='ltr'>episcoporum</span> <span class='ocrx_word' id='word_1_610' title='bbox 1263 5316 1295 5376; x_wconf 91' lang='lat' dir='ltr'>et</span> <span class='ocrx_word' id='word_1_611' title='bbox 1317 5314 1479 5375; x_wconf 90' lang='lat' dir='ltr'>baronum</span> <span class='ocrx_word' id='word_1_612' title='bbox 1498 5319 1688 5378; x_wconf 89' lang='lat' dir='ltr'>nostrorum</span> 
     </span>
     <span class='ocr_line' id='line_1_109' title="bbox 896 5411 1692 5490; baseline 0.004 -18"><span class='ocrx_word' id='word_1_613' title='bbox 896 5412 1115 5472; x_wconf 86' lang='lat' dir='ltr'>asserentium</span> <span class='ocrx_word' id='word_1_614' title='bbox 1125 5411 1220 5472; x_wconf 90' lang='lat' dir='ltr'>nohis</span> <span class='ocrx_word' id='word_1_615' title='bbox 1237 5413 1507 5473; x_wconf 81' lang='lat' dir='ltr'>etterraenostrae</span> <span class='ocrx_word' id='word_1_616' title='bbox 1518 5412 1692 5490; x_wconf 83' lang='grc'><strong>110001100-</strong></span> 
     </span>
     <span class='ocr_line' id='line_1_110' title="bbox 897 5509 1687 5586; baseline 0.004 -17"><span class='ocrx_word' id='word_1_617' title='bbox 897 5509 980 5577; x_wconf 91' lang='lat' dir='ltr'>dire,</span> <span class='ocrx_word' id='word_1_618' title='bbox 1013 5509 1225 5585; x_wconf 88' lang='lat' dir='ltr'>promisimus</span> <span class='ocrx_word' id='word_1_619' title='bbox 1252 5509 1347 5570; x_wconf 83' lang='lat' dir='ltr'>dictae</span> <span class='ocrx_word' id='word_1_620' title='bbox 1374 5509 1516 5571; x_wconf 89' lang='lat' dir='ltr'>dominae</span> <span class='ocrx_word' id='word_1_621' title='bbox 1549 5511 1687 5586; x_wconf 74' lang='lat' dir='ltr'>regina,</span> 
     </span>
     <span class='ocr_line' id='line_1_111' title="bbox 897 5606 1689 5670; baseline 0 -3"><span class='ocrx_word' id='word_1_622' title='bbox 897 5608 930 5668; x_wconf 92' lang='lat' dir='ltr'>et</span> <span class='ocrx_word' id='word_1_623' title='bbox 944 5606 978 5667; x_wconf 90' lang='lat' dir='ltr'>in</span> <span class='ocrx_word' id='word_1_624' title='bbox 989 5607 1134 5668; x_wconf 90' lang='lat' dir='ltr'>animam</span> <span class='ocrx_word' id='word_1_625' title='bbox 1149 5609 1296 5670; x_wconf 90' lang='lat' dir='ltr'>nostram</span> <span class='ocrx_word' id='word_1_626' title='bbox 1307 5609 1325 5668; x_wconf 90' lang='lat' dir='ltr'><strong>J</strong></span> <span class='ocrx_word' id='word_1_627' title='bbox 1327 5607 1491 5668; x_wconf 90' lang='lat' dir='ltr'>ohannem</span> <span class='ocrx_word' id='word_1_628' title='bbox 1503 5609 1689 5669; x_wconf 88' lang='lat' dir='ltr'>Rossellum</span> 
     </span>
     <span class='ocr_line' id='line_1_112' title="bbox 898 5704 1691 5781; baseline 0.006 -19"><span class='ocrx_word' id='word_1_629' title='bbox 898 5704 1123 5766; x_wconf 90' lang='lat' dir='ltr'>senescalcum</span> <span class='ocrx_word' id='word_1_630' title='bbox 1139 5707 1286 5770; x_wconf 89' lang='lat' dir='ltr'>nostrum</span> <span class='ocrx_word' id='word_1_631' title='bbox 1299 5706 1415 5778; x_wconf 90' lang='lat' dir='ltr'>jurare</span> <span class='ocrx_word' id='word_1_632' title='bbox 1429 5704 1579 5776; x_wconf 85' lang='lat' dir='ltr'>lecimus,</span> <span class='ocrx_word' id='word_1_633' title='bbox 1605 5705 1691 5781; x_wconf 84' lang='lat' dir='ltr'>quod</span> 
     </span>
    </p>
   </div>
   <div class='ocr_carea' id='block_1_8' title="bbox 1520 5835 1555 5894">
    <p class='ocr_par' dir='ltr' id='par_1_9' title="bbox 1520 5835 1555 5894">
     <span class='ocr_line' id='line_1_113' title="bbox 1520 5835 1555 5894; baseline 0.086 -3"><span class='ocrx_word' id='word_1_634' title='bbox 1520 5835 1555 5894; x_wconf 73' lang='lat'>22</span> 
     </span>
    </p>
   </div>
   <div class='ocr_carea' id='block_1_9' title="bbox 0 0 1996 6340">
    <p class='ocr_par' dir='ltr' id='par_1_10' title="bbox 0 0 1996 6340">
     <span class='ocr_line' id='line_1_114' title="bbox 0 0 1996 6340; baseline 0 0"><span class='ocrx_word' id='word_1_635' title='bbox 0 0 1996 6340; x_wconf 95' lang='lat' dir='ltr'> </span> 
     </span>
    </p>
   </div>
  </div>
 </body>
</html>
