4066 6290
312 319 376 382 &5

312 475 470 541 habiliter
482 475 596 540 tulerit
609 477 644 537 in
656 473 798 537 rebelles
809 475 1031 553 praecipimus,
1048 491 1107 537 us-

313 589 377 653 que
398 572 440 636 ad
457 573 716 636 satisfactionem
741 572 949 648 condignam,
967 573 1106 634 firmiter

313 671 495 733 observari.
510 671 628 732 Datum
642 669 810 742 Laterani,
824 671 870 730 lll
885 685 991 730 nonas
1005 669 1103 748 junii,

314 783 403 830 anno
419 767 545 845 quinto.
956 771 962 780 '

352 868 396 925 ln
410 866 567 926 eumdem
587 865 727 924 raedam
741 863 910 936 scriptum
924 862 976 924 est
991 863 1101 924 Seno-

311 960 407 1022 nensi
422 960 672 1036 archiepiscopo
693 961 726 1021 et
740 958 961 1036 suffraganeis
976 962 1049 1036 ejus
1073 959 1107 1021 et

311 1057 438 1120 aliis...
463 1059 586 1117 Turou.
611 1055 861 1133 archiepiscopo
881 1057 913 1118 et
934 1055 1104 1130 suffraga-

311 1153 385 1216 neis
412 1155 485 1230 ejus
512 1153 544 1214 et
572 1151 685 1214 aliis...
717 1153 956 1229 Burdegaleusi
991 1151 1106 1214 archi-

311 1251 480 1328 episcopo,
495 1251 528 1312 et
541 1249 764 1324 suffraganeis
780 1253 851 1327 ejus
872 1253 904 1312 et
916 1249 1031 1311 aliis...

602 1459 816 1552 CCCGXIV

343 1608 396 1668 Ad
409 1607 606 1669 conradum
622 1607 850 1667 portuensem
867 1607 1073 1680 episcopum,

459 1701 661 1774 apostoncae
671 1703 769 1763 Sedis
782 1701 945 1778 epotum.

604 1821 621 1880 3
637 1822 710 1894 junii
730 1821 807 1881 itii.

342 1935 464 2002 [Begoes.
475 1935 521 1988 lib.
534 1935 567 1996 V,
578 1937 650 2001 epist.
659 1937 715 1986 cel.
726 1937 783 1988 lisa.
794 1935 831 1986 La
845 1935 920 1986 Porta
930 1935 963 1987 du
975 1933 1071 1999 'l'heill

312 2050 547 2126 burdigalensem
559 2052 734 2124 provinciana
746 2052 883 2126 legationi
893 2067 954 2110 suae
962 2050 1102 2126 adjungit.

351 2187 532 2258 Honorius,
559 2185 634 2258 etc..
655 2186 838 2248 venerabili
857 2185 954 2248 fratri
971 2187 1005 2246 G.
1022 2189 1106 2247 Por·

311 2285 401 2348 tuen.
436 2283 592 2361 episcopo
619 2283 818 2361 apostolicae
845 2283 940 2344 Sedis
982 2282 1103 2359 legato,

312 2381 465 2449 salutem,
479 2380 543 2442 etc.

347 2477 485 2539 Divinas
495 2476 707 2538 recensentes
718 2475 876 2538 historias
880 2517 939 2549 .....
948 2476 1103 2552 utsupra,

310 2590 419 2650 usquc
433 2574 580 2650 graviter
594 2573 771 2635 corruisse.
785 2575 875 2634 Tuus
898 2577 1010 2635 tamen
1025 2573 1104 2634 ani-

314 2687 389 2734 mus
401 2669 641 2748 inhujusmodi
658 2671 757 2730 ruina
772 2685 838 2730 non
850 2671 1017 2745 concidat;
1034 2669 1102 2741 sed,

311 2768 398 2848 quod
413 2769 464 2832 est
476 2768 608 2844 signum
620 2767 764 2838 virtutis,
782 2783 927 2843 exurgas
939 2767 1058 2830 fortior
1068 2767 1105 2828 iu

312 2865 475 2937 adversis,
485 2866 576 2927 tuum
586 2864 910 2942 jactansinDomino
925 2865 1104 2940 cogitatum

310 2963 368 3040 qui
382 2963 483 3026 elisos
498 2962 608 3038 erigit,
624 2964 658 3025 et
678 2977 755 3022 suos
770 2961 805 3022 iu
819 2961 1034 3023 tribulatione
1049 2960 1104 3022 di-

311 3059 406 3120 latat.
427 3061 500 3128 ¹Nos
525 3059 637 3120 autem
667 3058 709 3119 ad
737 3058 974 3120 relevationem
998 3059 1104 3134 ipsius

310 3156 438 3232 negotii
465 3155 606 3217 sollicite
637 3155 855 3226 intendentes,
877 3156 1107 3230 Burdogalen-

311 3267 382 3314 seru
395 3253 600 3329 provinciam
612 3253 678 3312 tuas
687 3251 914 3328 iurisdictioni
929 3251 1106 3330 adjicimus

312 3349 511 3410 auctoritate
550 3348 775 3424 praesentium,
804 3349 1013 3410 concedendo
1045 3347 1106 3408 tibi

311 3445 419 3523 plenae
434 3446 612 3521 legationis
625 3445 770 3506 officium
785 3446 825 3505 in·
836 3445 961 3506 eadem.
973 3445 1021 3508 Ad
1034 3445 1106 3506 haec

312 3541 424 3613 etiam,
447 3541 604 3602 fratribus
633 3542 757 3602 uostris
792 3541 1104 3618 archiepiscopis...

310 3639 467 3700 Remensi
489 3639 525 3698 in
550 3653 622 3710 sua,
638 3638 673 3699 et
698 3638 970 3714 Rothomagensi,
996 3641 1105 3700 Seno·

309 3735 405 3797 nansi
430 3751 510 3798 vero
525 3735 560 3796 in
588 3750 661 3803 sua,
686 3736 718 3796 et
733 3735 931 3796 Bituriceusi
946 3737 979 3796 et
993 3737 1105 3796 'furo-

311 3834 408 3894 nensi
424 3831 605 3909 provinciis
614 3831 791 3908 legationis
805 3832 949 3893 officium
961 3832 1108 3895 commit·

312 3929 431 3990 tentes.
447 3927 496 3989 Ad
513 3929 603 3988 tuum
626 3927 659 3988 et
678 3927 803 4002 negotii
822 3927 975 4002 jamdicti
997 3926 1108 3988 subsi-

314 4024 416 4096 dium,
439 4023 670 4086 charissimum
696 4024 730 4084 in
751 4023 880 4084 Christo
901 4023 1005 4084 fllium
1029 4039 1108 4084 nos-

311 4123 400 4184 trum
423 4122 497 4192 Pu„
513 4135 626 4196 regem
652 4122 855 4182 Francorum
876 4121 1056 4191 illustrem,
1075 4119 1109 4181 et

314 4233 454 4294 regnum
478 4219 551 4294 ejus
577 4217 759 4291 satagimus
774 4217 933 4278 excitare.
962 4219 1011 4278 Tu
1026 4231 1107 4291 orgo

312 4314 501 4377 confortare
522 4314 556 4374 in
580 4313 729 4384 Domino,
749 4313 939 4374 stallorum
955 4313 1056 4374 corda
1071 4312 1107 4373 in

314 4425 438 4484 amore,
458 4425 497 4472 ac
518 4410 656 4472 tuitione
677 4409 846 4486 saepeuteu
863 4409 988 4484 negotii
1006 4408 1108 4472 verbo

314 4511 348 4572 et
373 4507 525 4584 exemplo
543 4506 713 4579 confirma,
729 4507 820 4567 tauto
845 4509 1004 4582 majorem
1023 4521 1107 4568 ccu-

313 4602 1108 4674 secuturusabhominibuslaudem,etal>cmino

316 4702 490 4780 praemium
505 4702 627 4777 quanto
648 4699 815 4776 negotium
836 4701 944 4776 ipsum
963 4715 1037 4761 esse
1057 4701 1111 4762 vi-

315 4799 413 4861 detur
424 4813 504 4860 casu
518 4797 673 4874 graviore
697 4797 891 4874 collapsum.
914 4797 1033 4860 Datum
1049 4800 1110 4860 La·

316 4895 437 4968 terani,
452 4895 497 4957 lll
512 4893 726 4970 nonasjunii,
742 4908 830 4956 anuo
849 4893 976 4971 quinto.

616 5113 811 5200 GGGGXV

324 5329 327 5336 ,
597 5257 650 5318 Ad
661 5257 830 5318 eumdem.

324 5427 328 5434 .
358 5379 535 5447 [enecato.
547 5380 578 5438 v,
590 5377 665 5444 epist.
675 5377 730 5428 ess.
742 5377 1078 5445 numennumen]

524 5484 685 5544 Facultates
703 5483 765 5557 eius
779 5483 905 5557 ampliat.

357 5608 431 5668 Non
456 5603 529 5664 siue
543 5601 764 5666 amaritudine
782 5600 901 5665 mentis
924 5601 1109 5665 audirimus

928 315 1105 379 HONORII
1126 316 1172 378 111
1192 316 1341 380 OPERA.

1887 321 1938 384 836

1160 475 1192 538 et
1206 471 1393 548 referimus,
1409 469 1495 553 quod
1510 473 1644 554 quidam
1659 473 1816 554 episcopi,
1828 473 1940 556 aliique

1161 571 1289 649 praelati
1305 573 1338 635 et
1349 571 1565 634 ecclesiastici
1586 573 1662 644 riri,
1677 573 1858 636 adversarii
1871 573 1938 635 fidei

1164 666 1308 744 negotio,
1324 685 1391 731 nou
1404 672 1571 742 verentur,
1588 671 1755 732 haereticis
1775 685 1941 748 eorumque

1160 766 1343 828 fautoribus
1354 766 1573 844 impendendo
1588 767 1746 839 favorem,
1764 767 1939 841 consilium,

1160 863 1193 925 et
1212 863 1375 924 auxilium
1396 881 1485 926 nunc
1507 863 1638 944 publice
1653 863 1771 946 [dare],
1788 881 1874 926 nunc
1893 882 1942 927 oc-

1160 960 1257 1032 culte,
1276 977 1358 1037 quos
1378 961 1406 1022 si
1420 961 1515 1023 Sedis
1532 961 1731 1039 Apostolicae
1750 963 1939 1033 reverentia,

1160 1073 1233 1134 quae
1252 1058 1382 1140 tantm
1401 1073 1460 1136 pro
1483 1059 1555 1137 ipso
1572 1060 1706 1135 negotio
1720 1059 1891 1130 laborarit,
1907 1059 1942 1119 ab

1159 1154 1293 1215 illorum
1310 1155 1425 1218 favore
1443 1170 1511 1217 non
1527 1157 1672 1228 revocat,
1691 1155 1825 1218 divinus
1838 1155 1943 1216 saltem

1160 1252 1259 1313 timor
1272 1252 1305 1313 et
1323 1267 1417 1313 amor
1430 1253 1573 1330 propriae
1593 1251 1689 1315 famae
1703 1269 1743 1314 ac
1756 1253 1874 1314 salutis
1888 1252 1943 1314 de-

1159 1347 1276 1410 buerat
1289 1351 1457 1411 revocare.
1481 1352 1561 1411 Cum
1581 1351 1683 1426 igitur
1697 1351 1798 1412 tantas
1813 1367 1942 1428 perrer-

1160 1444 1267 1506 sitatis
1281 1444 1419 1516 malitia,
1436 1446 1469 1510 et
1481 1446 1550 1508 tam
1567 1446 1734 1508 malitiosa
1747 1447 1941 1523 perversitas

1160 1557 1332 1603 remanere
1347 1557 1413 1604 uon
1427 1542 1545 1605 debeat
1555 1543 1730 1620 impunita,
1749 1541 1944 1620 inquirendi,

1160 1639 1193 1700 et
1206 1639 1406 1715 corrigendi,
1423 1654 1463 1700 ao
1485 1639 1644 1717 puniendi
1665 1653 1823 1701 excessus
1837 1639 1943 1700 talium

1159 1737 1226 1796 tam
1242 1736 1444 1811 regularium
1457 1737 1490 1799 et
1507 1735 1746 1813 exemptorum,
1758 1751 1859 1813 quam
1874 1735 1945 1797 alio·

1159 1849 1233 1893 rum
1248 1831 1479 1910 quorumlibet,
1494 1835 1592 1910 prout
1606 1831 1672 1910 ipsi
1683 1833 1816 1908 negotio
1829 1832 1944 1894 rideris

1159 1930 1328 2006 expedire,
1338 1930 1512 2006 privilegio
1522 1929 1808 2003 cisterciensibus,
1819 1929 1946 2006 templa·

1159 2026 1230 2097 riis,
1241 2024 1455 2102 hospitalaris
1470 2027 1588 2088 stallis
1604 2025 1866 2104 quibuscumque
1879 2042 1946 2090 cou-

1160 2137 1264 2195 cesso,
1290 2139 1349 2184 seu
1369 2123 1603 2199 appellationis
1624 2123 1762 2200 diffugio
1786 2140 1855 2184 non
1878 2121 1946 2183 obs·

1158 2221 1260 2290 tante,
1290 2219 1395 2280 libera
1423 2219 1483 2281 tibi
1515 2221 1727 2282 concedimus
1756 2219 1945 2281 auctoritate

1160 2317 1371 2408 praesenfium
1398 2315 1599 2390 facultatem,
1628 2333 1668 2378 eo
1697 2315 1860 2378 duntaxat
1886 2333 1943 2376 ex-

1159 2415 1265 2490 cepto,
1296 2415 1332 2475 ut
1365 2413 1407 2474 ad
1437 2413 1688 2490 dispositionem
1722 2413 1945 2490 episcoporum

1159 2527 1303 2584 manum,
1330 2509 1403 2570 siue
1424 2513 1538 2572 nostra
1563 2510 1700 2588 speciali
1723 2509 1871 2581 licentia,
1888 2525 1946 2569 non

1159 2607 1422 2680 extendas,alias
1432 2623 1499 2680 eos,
1509 2609 1606 2684 prout
1618 2623 1672 2669 res
1683 2607 1843 2685 exegerit,
1854 2607 1947 2668 libere

1159 2705 1346 2782 puniturus.
1360 2706 1479 2766 Datum
1495 2705 1531 2767 ut
1547 2720 1659 2782 supra.

1452 2987 1666 3077 destiti

1438 3143 1490 3202 Ad
1510 3142 1679 3202 culmem.

1464 3265 1565 3340 diunii
1580 3267 1659 3326 liii.

1192 3391 1314 3456 [liegest.,
1326 3389 1370 3440 lib.
1383 3391 1414 3449 V,
1427 3389 1635 3455 spissescere.
1646 3389 1771 3442 Lal’orte
1783 3389 1819 3442 du
1830 3385 1919 3456 Thali]

1176 3509 1286 3567 lnhihet
1302 3523 1337 3565 nc
1352 3499 1474 3581 'capitula
1492 3505 1620 3566 ecelesiis
1635 3507 1796 3581 pastoribus
1808 3509 1934 3576 viduatis,

1271 3597 1358 3670 legati
1377 3596 1497 3670 injussu,
1512 3597 1663 3669 episcopos
1677 3597 1846 3670 praeficiant.

1202 3722 1381 3792 Honorius,
1407 3722 1482 3794 etc„
1506 3719 1691 3783 venerabili
1719 3721 1817 3783 fratri
1843 3723 1946 3783 nostro

1162 3821 1197 3880 d.
1209 3819 1386 3880 Portueusi
1398 3822 1564 3896 episcopo,
1580 3818 1780 3896 spostolicae
1797 3820 1891 3881 Sedis
1903 3819 1948 3879 le-

1162 3915 1250 3991 gato,
1268 3913 1420 3983 salutem,
1437 3913 1500 3974 etc.

1202 4013 1282 4072 Cum
1311 4023 1372 4088 per
1398 4007 1614 4086 quorumdam
1648 4007 1813 4072 defectum
1840 4009 1947 4084 siper

1162 4107 1379 4183 quorumdam
1413 4105 1576 4166 malitiam
1604 4106 1818 4182 praelatorum
1851 4107 1946 4166 status

1162 4202 1287 4279 negotii
1301 4205 1381 4264 lesu
1405 4201 1528 4264 Christi
1548 4201 1584 4261 in
1599 4202 1785 4264 Provinciae
1807 4200 1947 4278 partibus

1164 4301 1208 4361 sit
1234 4299 1381 4376 graviter
1405 4298 1628 4376 perturbatus,
1655 4297 1856 4360 fraternitati
1889 4299 1947 4358 tue

1163 4412 1222 4475 per
1231 4396 1421 4472 apostolica
1436 4396 1558 4471 scripta
1572 4395 1780 4470 mandamus,
1794 4397 1947 4473 quatenus

1163 4495 1290 4570 siquas
1315 4491 1473 4553 ecclesias
1493 4491 1712 4564 cathedrales,
1728 4491 1788 4552 aut
1806 4490 1946 4552 abbatias

1163 4590 1230 4650 tam
1252 4590 1422 4664 exemptas
1443 4603 1540 4664 quam
1563 4587 1648 4650 alias
1670 4587 1705 4648 in
1727 4586 1907 4664 provinciis
1918 4585 1947 4644 et

1164 4685 1362 4747 dioecesibus
1375 4685 1441 4746 tuae
1457 4684 1615 4760 legationi
1633 4684 1819 4746 commissis
1834 4695 1946 4744 vacare

1164 4782 1351 4860 contigerit,
1377 4781 1534 4860 quamdiu
1560 4781 1595 4841 iu
1620 4778 1771 4860 partibus
1794 4779 1862 4842 illis
1881 4777 1948 4840 offl-

1165 4881 1253 4942 cium
1267 4879 1444 4956 legationis
1464 4893 1612 4950 exerces,
1629 4877 1827 4940 auctoritate
1842 4877 1947 4937 nostra

1165 4977 1317 5038 inhibeas
1333 4975 1487 5052 capitulis
1496 4977 1529 5038 et
1538 4974 1755 5038 conventibus
1764 4972 1946 5036 eorumdem

1165 5089 1207 5136 ne
1222 5072 1264 5136 ad
1279 5073 1474 5136 electionem
1489 5071 1671 5149 procedant
1683 5071 1759 5134 sine
1775 5074 1831 5134 tuo
1844 5067 1947 5132 consi·

1165 5171 1222 5244 lio,
1236 5171 1268 5232 et
1279 5186 1457 5243 consensu,
1472 5168 1678 5231 decernendo
1688 5169 1818 5231 irritum
1833 5167 1862 5228 si
1877 5163 1947 5243 quid

1165 5269 1280 5330 contra
1297 5267 1487 5346 hujusmodi
1509 5265 1765 5344 prohihitionem
1786 5263 1884 5326 fuerit
1900 5263 1946 5322 at-

1164 5363 1337 5426 tentatum.
1357 5364 1476 5425 Datum
1497 5362 1665 5436 Laterani,
1682 5363 1729 5424 111
1747 5375 1850 5423 nonas
1863 5356 1945 5436 junii

1165 5477 1253 5524 auno
1267 5461 1394 5540 quinto.
