4090 6316
266 293 305 352 23
879 285 1054 346 HONORII
1076 282 1120 343 111
1143 281 1291 342 OPERA.
1872 283 1911 340 ρ(

267 451 344 512 talis
364 446 413 543 (α)
437 463 476 514 ac
504 447 631 512 militiae
653 445 780 524 Templi
806 441 854 525 (b)
877 445 910 508 et
931 443 1061 506 sanotae
1114 453 1291 517 expensas,
1328 437 1584 515 praeseutialitcr
1615 439 1726 502 tamen
1763 439 1909 517 quinque

266 548 382 608 Mariae
409 547 664 608 Teutonicorum
693 543 739 625 (c)
771 541 1058 620 ierosolymitani‚
1115 536 1220 597 millia
1239 549 1425 597 marcarum
1446 536 1660 608 contulimus,
1682 536 1824 614 amplius
1847 535 1914 596 0⁰¹·

224 719 225 724 ἵ
266 643 334 704 dux
348 643 491 704 Austriee
506 641 556 720 (d)
572 643 605 704 et
627 642 780 719 princeps
804 639 970 702 exercitus
994 641 1062 701 Ro·
1115 633 1229 707 laturi,
1260 632 1289 693 si
1311 631 1385 710 plus
1407 629 1603 694 subtrahere
1623 632 1707 695 forte
1731 633 1914 712 poterimus

268 755 450 812 manorum,
481 739 605 816 aliique
626 739 755 815 praelati
779 739 812 800 et
832 737 1003 814 magnates
1026 735 1061 795 in
1116 730 1273 807 expensis
1292 729 1513 790 familiaribus
1538 730 1571 791 et
1591 729 1667 792 aliis
1692 746 1775 809 quas
1794 746 1916 792 neces-

268 835 438 898 ohsidione
454 835 611 912 praedicta
627 835 747 898 litteris
759 835 829 896 suis
846 836 879 897 et
896 833 1059 911 precibus,
1116 827 1205 888 sario
1220 825 1332 887 faeere
1349 841 1409 886 nos
1422 827 1563 902 oportet.
1586 827 1633 887 Ad
1651 827 1724 888 haec
1740 827 1915 903 diligentia

267 948 341 1008 qum
355 932 485 1008 lapidea
500 931 600 994 etiam
610 932 709 994 corda
718 931 868 994 emollire
878 932 1012 1007 possent
1020 929 1061 990 ad
1115 924 1227 986 vestra
1241 938 1355 985 eorum
1371 937 1444 999 quae
1455 926 1526 1000 jam
1548 923 1687 986 collecta
1703 925 1825 986 suntet
1840 939 1916 1000 quae

268 1029 443 1106 lacrymas,
460 1027 553 1090 nobis
565 1029 806 1118 instantissime
821 1013 1060 1105 supplicarunt,
1116 1020 1315 1096 colligentur
1328 1021 1364 1081 in
1379 1021 1557 1097 posterum,
1574 1021 1608 1082 et
1619 1037 1693 1098 quae
1708 1021 1810 1082 missa
1823 1021 1913 1092 sunt,

270 1127 316 1197 ut,
333 1141 408 1186 cum
418 1140 573 1202 expensas
584 1141 666 1202 quas
682 1125 832 1188 fecerunt
847 1124 1015 1187 olfaciunt
1028 1124 1062 1184 in
1117 1120 1149 1182 et
1163 1135 1237 1196 quae
1256 1117 1471 1196 praesentium
1490 1118 1652 1181 latoribus
1667 1119 1845 1197 contigerit
1858 1135 1918 1178 as-

267 1221 430 1284 machinis
438 1223 470 1284 et
484 1222 600 1298 galeis,
617 1237 657 1285 ac
678 1221 738 1284 alii
759 1221 871 1284 bellici
900 1222 1060 1299 sumptus,
1117 1217 1255 1293 signari,
1273 1216 1492 1293 quantitatem
1506 1216 1666 1289 attendat,
1682 1217 1718 1279 11
1729 1232 1802 1280 eam
1819 1216 1916 1278 nobis

213 1365 215 1370 ,
268 1335 325 1381 eos
339 1320 480 1396 pecunia
494 1320 543 1380 sic
558 1319 785 1392 exhauserim,
812 1322 849 1382 ut
867 1319 950 1380 viris
976 1318 1062 1380 bello
1118 1315 1212 1377 curet
1226 1313 1368 1374 fideliter
1380 1313 1548 1375 intimare.

269 1415 425 1488 strenuis,
457 1416 513 1494 qui
534 1432 596 1495 pro
625 1416 754 1479 defectu
778 1431 891 1478 rerum
914 1431 1063 1477 remeare
1158 1410 1831 1487 8111111111111111111111111111111111111
1847 1425 1917 1472 non

269 1511 440 1588 coguntur,
449 1513 837 1576 necessariaministrare
847 1529 913 1574 non
923 1513 1061 1591 possint,
1118 1507 1284 1580 duximus,
1308 1506 1395 1584 quod
1415 1507 1617 1583 patriarcba,
1641 1508 1781 1584 legatus,
1797 1507 1867 1570 dux
1882 1508 1918 1570 et

267 1609 301 1670 et
314 1607 363 1670 sic
377 1609 545 1672 exercitus
557 1610 716 1687 paulatim
726 1610 873 1688 quotidie
886 1609 1061 1681 dilabatur,
1118 1605 1283 1680 princeps,
1299 1603 1424 1680 aliique
1439 1603 1568 1680 praelati
1583 1605 1616 1666 et
1627 1605 1798 1680 magnates
1813 1619 1916 1665 exer-

268 1705 318 1768 eis
328 1707 403 1782 post
412 1707 559 1770 Deumin
568 1708 1062 1770 cismarinorumauxiliototam
1117 1701 1213 1772 citus,
1227 1702 1296 1762 suis
1309 1699 1404 1762 nobis
1419 1700 1539 1763 litteris
1553 1701 1749 1763 intimarunt
1760 1717 1800 1763 ea
1815 1715 1918 1778 super

268 1817 360 1878 spem
373 1817 466 1864 suam
473 1803 671 1866 habentibus
682 1805 749 1866 tam
757 1803 954 1866 bellatorum
965 1817 1063 1880 quam
1118 1798 1237 1880 quihus
1252 1797 1453 1860 detractores
1469 1799 1536 1858 Deo
1556 1797 1695 1860 odibiles
1714 1799 1823 1860 conati
1838 1800 1917 1858 sunt

268 1899 417 1975 pecunias
458 1915 650 1962 succursum
687 1900 819 1963 mittere
856 1900 1061 1962 festinemus.
1118 1896 1328 1957 carissimum
1340 1895 1376 1956 in
1394 1895 1524 1956 Christo
1537 1895 1644 1958 fllium
1657 1895 1805 1957 nostrum
1819 1894 1915 1974 J.(f)

269 1997 441 2057 Monemus
470 1996 571 2072 igitur
591 1997 842 2060 universitatem
860 1999 1005 2060 vestram
1031 1999 1064 2060 et
1117 1991 1432 2068 Jerosolymitanum
1443 2007 1555 2067 regem
1569 1991 1743 2065 illustrem,
1758 1992 1791 2053 et
1805 1991 1914 2054 dilec-

270 2091 481 2154 obsecramns
494 2095 969 2171 peraspersionemsanguinis
983 2097 1064 2157 Jesu
1117 2090 1168 2150 tos
1187 2088 1274 2149 tilios
1289 2087 1494 2165 Templarios
1514 2090 1547 2151 et
1567 2088 1809 2166 Hospitalarios
1825 2089 1876 2149 inf
1895 2120 1915 2134 -

269 2188 402 2261 Christi,
427 2189 483 2266 qui
503 2189 666 2266 provobis
680 2191 816 2253 tradidit
837 2191 1062 2268 semetipsum,
1118 2201 1220 2258 mare,
1243 2185 1333 2246 omni
1354 2184 1458 2247 fuisse
1476 2201 1582 2247 vacua
1601 2186 1754 2258 veritate,
1774 2185 1830 2262 qui
1850 2201 1917 2246 non

269 2286 448 2361 quatenus,
485 2286 643 2362 ponentes
680 2289 757 2349 ante
789 2289 902 2350 oculos
943 2291 1061 2351 vestrae
1118 2284 1225 2345 solum
1247 2297 1361 2345 eorum
1376 2284 1538 2345 excusant
1560 2283 1782 2344 innocentiam
1799 2283 1835 2343 in
1851 2282 1915 2344 hac

268 2382 387 2443 mentis
400 2383 558 2459 quantum
576 2383 734 2459 gaudium
755 2385 946 2462 quantaque
966 2385 1064 2447 exul·
1117 2381 1354 2458 perseverum
1366 2381 1478 2452 etiam,
1491 2379 1567 2441 illos
1587 2380 1814 2458 multipliciter
1829 2395 1916 2442 com-

268 2477 350 2540 11111
363 2478 427 2541 erit
435 2479 536 2556 justis
550 2481 585 2541 in
597 2481 747 2555 Domino,
763 2482 791 2543 si
807 2485 948 2559 coeptum
960 2497 1064 2558 nego·
1117 2478 1326 2550 mandantes,
1336 2478 1503 2539 ascribere
1517 2478 1670 2539 videntur
1679 2477 1839 2538 miraculo
1852 2493 1916 2538 ex-

208 2649 216 2672 ·
267 2574 350 2636 tium
363 2575 474 2649 duem,
486 2576 676 2654 ipsodante,
690 2578 844 2642 hahuerit
859 2580 1062 2657 exoptatum,
1117 2592 1238 2652 pensas
1252 2591 1335 2654 quas
1352 2576 1500 2638 fecerunt
1514 2579 1547 2638 et
1561 2575 1689 2637 faciunt
1700 2591 1760 2653 pro
1781 2575 1914 2650 negotio

268 2673 301 2734 et
315 2673 400 2749 apud
416 2689 476 2736 vos
490 2676 748 2750 recogitantese
773 2679 888 2738 contra
906 2677 1063 2754 quantam
1117 2675 1228 2734 Terrae
1255 2674 1404 2746 Sanctae,
1438 2672 1577 2734 firmiter
1608 2673 1795 2734 asserentes
1826 2671 1914 2750 quod

269 2767 496 2830 confusionem
510 2771 733 2848 quantumque
746 2787 920 2834 moerorem
936 2773 1063 2834 contra·
1117 2769 1204 2831 idem
1219 2770 1385 2846 exercitus
1405 2769 1439 2828 in
1462 2767 1633 2830 obsidione
1649 2768 1821 2846 jamdicta
1844 2769 1917 2830 nul-

268 2864 356 2926 rium
370 2865 506 2929 afferret
516 2868 577 2929 toti
587 2868 708 2945 populo
719 2868 912 2942 christiano,
926 2869 1063 2947 praefato
1117 2866 1246 2928 latenas
1268 2865 1379 2942 posset
1396 2867 1472 2926 sine
1494 2865 1627 2927 illorum
1654 2865 1781 2927 viribus
1802 2881 1918 2927 rema-

268 2962 430 3024 exeroitui
452 2964 665 3035 succurratis,
697 2965 783 3028 siout
796 2981 850 3028 res
863 2967 1062 3044 expostulat,
1118 2978 1210 3025 nere.
1230 2963 1324 3025 Unde
1338 2963 1490 3024 volumus
1512 2964 1546 3025 et
1563 2963 1773 3040 praecipimus
1790 2963 1824 3024 ut
1843 2978 1913 3032 eos,

268 3055 478 3131 festinanter,
495 3061 704 3136 providentes
720 3062 805 3138 quod
818 3079 888 3135 vos,
906 3063 1062 3124 111111111-
1117 3062 1276 3137 tanquam
1289 3076 1386 3121 veros
1397 3060 1518 3121 Christi
1530 3060 1671 3122 athletas
1686 3061 1719 3121 et
1730 3060 1917 3137 praecipuos

269 3153 602 3231 ossignati,proximo
612 3159 930 3230 martio,velsaltem
941 3160 1062 3229 madio,
1118 3158 1308 3219 christianae
1324 3157 1400 3217 fldei
1416 3157 1616 3230 defensores
1638 3157 1798 3218 studeatis
1811 3157 1913 3218 hono·

268 3248 499 3313 transfretetis.
1118 3270 1205 3326 rare,
1227 3254 1366 3330 diligere
1387 3255 1420 3316 et
1434 3253 1557 3326 fovere,
1579 3269 1694 3316 eorum
1709 3254 1917 3316 declarantes

309 3347 836 3429 Vosque,fratresarchiepiscope
848 3368 887 3414 ac
902 3353 1060 3431 episcopi,
1117 3367 1218 3428 super
1236 3350 1299 3412 hoo
1319 3351 1554 3423 innocentiam,
1576 3352 1612 3414 et
1627 3351 1703 3413 fidei
1723 3367 1762 3412 ac
1782 3351 1917 3414 virtutis

269 3443 393 3520 singuli
416 3446 564 3521 signatos
584 3463 653 3510 suae
672 3449 825 3511 dioecesis
845 3450 1062 3512 sollicitantes
1118 3449 1338 3510 constantiam
1354 3447 1584 3524 praedicantes.
1645 3439 1648 3444 ’

268 3539 432 3603 instanter
452 3557 509 3604 eos
530 3543 572 3604 ad
591 3544 636 3613 id,
657 3545 687 3606 si
706 3562 843 3609 necesse
867 3546 981 3619 fuerit,
1003 3563 1063 3624 per
1157 3546 1275 3608 Datum
1289 3545 1445 3608 Laterani
1448 3589 1509 3606 .....
1530 3545 1739 3607 1111111111.

269 3651 443 3700 censuram
458 3640 728 3715 ecclesiasticam,
741 3644 963 3720 appellatione
974 3647 1062 3721 post·

269 3733 388 3810 posita,
413 3737 630 3814 compellatis,
656 3740 740 3802 alios
762 3740 910 3803 subditos
933 3743 1062 3804 vestros
1280 3769 1286 3784 ·
1468 3712 1561 3799 XVI

269 3831 311 3891 ad
342 3833 507 3896 exercitus
543 3836 692 3912 praedicti
720 3853 912 3900 succursum
939 3839 1063 3902 sedulis
1188 3845 1240 3906 Ad
1253 3847 1463 3919 Philippum,
1481 3847 1699 3905 Breucorum
1713 3859 1840 3920 rcpcm.

269 3926 555 3990 exhortationihus
584 3932 762 3994 animando
786 3955 793 3993 ε
817 3935 950 4010 proviso
977 3934 1062 4011 quod
1414 3967 1522 4040 ὅθεν(
1540 3967 1609 4024 1213

269 4021 427 4085 vicesima
449 4026 482 4086 et
502 4025 569 4086 alia
584 4029 724 4102 pecunia
747 4029 868 4091 collata
893 4031 926 4092 11
950 4030 1064 4092 confe-
1096 4065 1097 4070 1
1119 4071 1244 4138 [conquat
1267 4072 1369 4125 neeusil
1385 4073 1427 4122 uss
1442 4073 1535 4122 umor.
1561 4076 1580 4122 t.
1597 4009 1656 4122 {lx

269 4117 373 4179 rende
396 4136 456 4196 pro
479 4123 590 4183 Terrae
613 4125 742 4186 Sanctae
764 4125 912 4188 subsidio
934 4127 1063 4188 dilectis
1246 4109 1252 4132 ’
1389 4111 1575 4216 1111111ρῖ11.
1591 4151 1643 4215 ou]

270 4214 540 4326 filiifsoepham’
553 4218 711 4280 familiari
723 4223 849 4294 ¹¹⁰⁵tf⁰r
864 4224 1062 4296 efflemiffl’
1118 4251 1154 4309 Ut
1175 4248 1336 4323 Philippum
1357 4249 1472 4306 inducat
1492 4247 1527 4305 ad
1549 4247 1759 4320 suscipiendum
1779 4247 1916 4306 adversus

270 4311 429 4375 sfflmbus
460 4315 630 4378 d⁰m⁰fflm
664 4318 846 4396 ΗΟΞΡῘῑὶῙῙΪ8
874 4322 908 4381 et
935 4321 1064 4383 militi&
1153 4337 1309 4394 'tolosanos
1333 4337 1362 4393 11
1388 4339 1511 4409 gratiam
1532 4336 1669 4394 Amalrlcl
1686 4335 1725 4394 de
1741 4335 1914 4406 bionteforti‚

270 4411 408 4486 Templi,
423 4415 638 4488 praesentium
655 4415 880 4492 portitoribus,
894 4433 977 4494 quos
992 4433 1065 4494 pro·
1154 4425 1278 4483 simonis
1294 4424 1354 4494 11111,
1370 4423 1488 4495 bellum,
1502 4426 1721 4482 11111111111111
1737 4439 1807 4498 rege
1821 4426 1913 4497 pacis·

271 4507 343 4581 pter
358 4507 1066 4591 1111111111111111111111111,1111111111
1153 4513 1235 4582 citur,
1257 4521 1286 4570 ot
1303 4513 1432 4586 pecunie
1451 4513 1481 4570 11
1500 4513 1626 4571 subsidia
1646 4513 1713 4570 belli
1734 4514 1916 4570 transmarini

271 4602 410 4665 cialibus
432 4607 702 4670 concessionibus
716 4611 757 4672 ab
771 4612 960 4688 Apoetoppoa
979 4611 1063 4672 sede
1153 4601 1279 4658 collecte
1291 4601 1459 4660 dimidistim
1475 4602 1550 4660 illius
1558 4600 1746 4674 expeditionis
1755 4601 1917 4674 sumptibus

271 4698 378 4772 factis,
400 4701 529 4778 integre
556 4705 746 4780 assignetur
771 4707 808 4768 in
834 4708 937 4784 ipsius
952 4711 1063 4770 Terrae
1154 4689 1351 4748 istribflflfllu'·

271 4795 455 4860 subsidium
483 4798 1063 4884 1111111111111111111,11111111
1158 4805 1325 4868 Honorius
1362 4805 1551 4883 episeopus,
1591 4821 1706 4867 servus
1744 4821 1915 4868 servorum

1659 4109 1665 4130 ,
1683 4086 1710 4137 p.
1730 4070 1787 4122 coe.
1806 4071 1914 4136 1111111..

272 4894 406 4970 navigio
429 4896 549 4958 etalio
571 4899 876 4975 crucesignatorum
902 4904 1061 4976 subsidio,
1119 4903 1188 4974 Dei,
1211 4903 1385 4964 carissimo
1408 4903 1444 4963 in
1467 4902 1596 4964 Christo
1618 4903 1687 4964 iilic
1713 4907 1826 4964 nostro
1852 4903 1913 4964 Ph.

271 4991 306 5050 in
322 5007 397 5069 quo,
410 4995 531 5070 praeter
545 4994 705 5058 decimam
721 4997 859 5060 1111111111
876 5001 1063 5063 nostrorum
1118 5000 1190 5077 regi
1202 5002 1405 5061 Francorum
1420 4999 1555 5068 illustri,
1570 5000 1720 5072 salutem,
1739 5001 1800 5062 etc.

271 5090 305 5151 et
324 5091 499 5167 pecuniam
518 5107 538 5152 a
560 5091 667 5154 felicis
683 5095 851 5156 memoriae
866 5098 890 5156 1.
909 5095 957 5175 (e)
973 5101 1062 5175 Papa
1157 5099 1236 5169 Dee,
1252 5097 1288 5156 11
1303 5099 1397 5173 cujus
1415 5097 1493 5158 sunt
1505 5095 1656 5158 manibus
1671 5095 1770 5159 corda
1784 5111 1912 5172 regum,

271 5187 515 5262 praedecessore
538 5191 651 5252 nostro
673 5191 713 5252 ad
729 5192 929 5270 opusipsius
952 5195 1063 5256 Terrae
1117 5194 1301 5272 gratiarum
1326 5191 1502 5254 referimus
1523 5195 1684 5268 actiones,
1704 5191 1802 5270 quod,
1819 5196 1917 5256 ante-

272 5283 436 5358 cellatam,
471 5287 558 5350 ultra
590 5287 709 5364 viginti
735 5288 842 5350 millia
876 5305 1063 5352 marcarum
1118 5307 1217 5369 quam
1235 5291 1354 5353 litterae
1374 5291 1508 5362 nostrae,
1532 5289 1650 5367 quihus
1664 5292 1756 5352 tuam
1774 5289 1915 5352 incitare

271 5381 497 5458 expendimus,
515 5401 583 5448 non
597 5384 743 5449 modicas
755 5385 874 5449 fecisse
886 5403 1064 5450 noscamur
1118 5387 1398 5466 magnificentiam
1420 5387 1631 5450 studebamus
1650 5385 1690 5447 ad
1714 5385 1914 5463 perfidorum
1937 5410 1942 5419 ·

308 5559 350 5639 (c)
365 5566 515 5626 Guarinus.
552 5565 594 5643 (1)
605 5532 780 5656 Guillelmus.
819 5567 1003 5646 (1111111111.
1043 5569 1090 5647 (d)
1105 5571 1274 5648 leopoldus.
1313 5569 1351 5647 (1)
1367 5571 1546 5632 Innocentio.
1586 5567 1803 5646 ([111111111.
