3952 6294
234 191 293 254 483
857 188 1032 254 HONORII
1055 188 1099 249 111
1121 190 1268 254 OPERA.
1846 188 1901 260 tet

235 351 416 415 claustrum
443 351 548 416 libere
577 351 784 429 permittatis,
812 350 1025 428 disciplinam
1082 351 1125 414 cii
1140 351 1245 414 nostri
1258 351 1300 414 ad
1325 349 1471 416 debitum
1495 350 1713 429 perducatur
1728 345 1898 412 effectum.

233 449 359 517 ordinis
381 452 642 528 acceptaremus
666 450 764 514 aliter
789 449 940 520 iaciendo
963 450 1026 514 tri-
1082 450 1274 526 Eaprcpter,
1292 449 1404 514 dilecti
1424 449 1459 516 in
1487 449 1637 512 Domino
1667 445 1745 518 tilii,
1775 447 1898 510 vestris

231 545 341 610 buatis
366 548 490 613 eisdem
514 547 689 610 audaciam
710 548 916 613 detrectandi
942 549 1024 612 obe·
1075 546 1178 622 justis
1204 547 1482 624 postulationibus
1505 551 1608 624 graio
1647 547 1897 610 concurrentes

231 643 365 708 dientiac
373 647 502 723 iugum,
519 647 552 708 et
567 645 714 721 ipsorum
731 644 887 710 abbatum
912 647 1023 724 potes·
1079 657 1231 717 assensu,
1254 661 1413 724 personas
1435 647 1565 712 vestras
1582 644 1754 706 stlocum
1772 641 1808 704 in
1833 659 1897 722 quo

230 743 330 810 tatem
345 741 585 820 quodammodo
605 743 781 805 enervatis.
803 743 887 806 illud
911 745 1024 806 autem
1079 740 1193 805 divino
1206 743 1286 804 estis
1299 743 1456 822 obsequio
1471 741 1666 818 mancipati
1682 757 1763 806 oum
1787 742 1898 805 omni-

230 841 411 910 districtius
436 839 636 914 iuhibemus,
664 855 706 909 ne
741 857 801 918 pro
831 841 1024 922 relaxandis
1078 837 1139 900 bus
1154 839 1250 902 bonis
1266 857 1339 918 quae
1353 841 1389 904 in
1403 841 1669 919 praesentiarum
1693 838 1890 903 rationabi-

230 937 582 1005 excommunicationis
605 937 778 1000 sententiis
804 940 1023 1017 promulgatis
1079 936 1156 998 liter
1170 938 1346 1015 possidetis
1361 941 1420 1000 aut
1431 940 1465 1001 in
1480 937 1637 1002 futurum
1648 936 1760 1016 justis
1772 937 1893 1009 modis,

228 1035 375 1112 inipsos,
391 1051 522 1112 poenam
535 1036 764 1114 pecuniariam
777 1037 934 1112 exigatis,
947 1053 1023 1100 cum
1078 1035 1256 1111 praestante
1285 1036 1436 1103 Domino,
1463 1035 1620 1113 poteritis
1640 1034 1805 1114 adipisci,
1830 1035 1890 1098 sub

227 1147 293 1197 non
308 1132 454 1196 habeant
472 1132 654 1215 proprium,
679 1149 741 1200 nec
762 1134 896 1201 illorum
924 1135 1023 1214 culpa
1077 1130 1166 1195 beati
1192 1133 1283 1197 Petri
1302 1137 1339 1196 et
1357 1135 1472 1196 nostra
1499 1133 1721 1210 protectione
1748 1133 1896 1210 suscipi·

228 1229 346 1298 debeat
360 1230 395 1294 in
416 1230 567 1296 ecclesiae
584 1247 653 1292 suae
670 1230 879 1309 dispendium
893 1232 1022 1295 redun-
1077 1245 1162 1294 mos.
1180 1230 1377 1308 Specialiter
1390 1234 1501 1294 autem
1523 1232 1564 1294 de
1585 1231 1823 1304 Attenburea,
1852 1231 1893 1297 de

225 1326 317 1392 dare.
334 1329 453 1390 Datum
468 1326 555 1404 apud
579 1327 701 1390 Urbem
714 1329 880 1402 Veterem,
897 1328 1023 1394 duode·
1076 1329 1289 1402 Annenusen,
1306 1327 1347 1396 ds
1360 1329 1544 1402 Hoizbairu,
1560 1331 1596 1394 et
1618 1329 1665 1397 de
1694 1327 1889 1404 Lebzingen

227 1423 314 1486 cimo
331 1423 399 1486 kal.
415 1425 560 1502 augusti,
577 1424 789 1503 pontificatus
803 1427 911 1490 nostri
933 1443 1021 1490 anno
1076 1425 1267 1492 ecclesiast
1282 1425 1377 1492 bonae
1390 1427 1558 1493 memorie
1569 1429 1611 1488 H.
1629 1425 1795 1491 ecclesiae
1811 1440 1887 1488 ves-

227 1523 358 1604 quartc.
1075 1523 1136 1586 tra
1162 1521 1350 1603 praeposito,
1374 1523 1415 1586 ad
1442 1539 1539 1602 quern
1552 1523 1716 1604 ipsarum
1747 1522 1888 1588 donatio

517 1654 725 1744 CLXXXV
1076 1619 1273 1697 pertinebat,
1287 1620 1344 1700 pia
1363 1619 1676 1686 vobisliberalitate
1687 1635 1886 1694 concessas,

1075 1717 1255 1783 dioecesani
1268 1717 1414 1798 episcopi
1428 1717 1470 1782 ad
1492 1717 1555 1782 hoc
1578 1717 1774 1782 accedente
1802 1733 1887 1786 con-

370 1791 423 1850 Ad
442 1790 629 1865 Oaffltulum
649 1791 874 1867 Aufflssteme·
1075 1830 1186 1888 sensu,
1203 1815 1290 1878 sicut
1304 1831 1361 1881 ees
1372 1819 1462 1896 juste
1477 1832 1517 1878 ac
1535 1815 1683 1895 pacisce
1698 1815 1883 1894 possidetis

519 1902 627 1974 ²1i'uiii
643 1903 722 1960 iiio.
1074 1910 1167 1974 vobis
1179 1912 1212 1975 et
1226 1927 1285 1994 per
1298 1927 1357 1974 vos
1372 1913 1657 1976 ecclesiaevestrae
1677 1913 1886 1976 auctoritate

397 2007 520 2068 [nonum
534 2008 619 2067 norea,
635 2009 753 2070 xxxiii,
765 2024 783 2068 ¹·
795 2009 849 2075 sa]
1073 2009 1262 2086 apostolica
1273 2009 1517 2084 confirmamus,
1523 2013 1558 2074 et
1565 2010 1753 2088 praesentis
1765 2009 1883 2086 scripti

227 2107 284 2180 ipsi
308 2107 445 2164 ecclesias
468 2107 497 2165 in
523 2107 715 2177 inaniores,
739 2107 925 2179 Annenusen,
949 2109 1016 2168 lici·
1074 2105 1257 2181 patrocinio
1273 2107 1525 2172 communimus.
1535 2107 1630 2171 Nulli
1641 2123 1730 2184 ergo
1742 2107 1884 2174 omnino

259 2194 352 2252 ΖΜΝ
368 2195 582 2268 etbebzingen.
599 2194 635 2254 ab
658 2197 693 2254 ii.
710 2197 840 2256 wsslffliae
853 2199 929 2272 dug.
944 2214 1016 2270 pro·
1073 2202 1245 2265 bom-inum
1279 2203 1377 2269 liceat
1414 2204 1500 2268 banc
1549 2206 1714 2281 paginam
1756 2204 1882 2266 ababa

260 2284 354 2358 positu
368 2283 462 2342 eidam
475 2283 607 2355 dimitat
628 2283 788 2345 confirmat.
1073 2299 1288 2376 protectionis
1323 2303 1356 2368 et
1390 2301 1655 2366 confirmationis
1673 2301 1881 2378 intringere,

263 2392 441 2464 Honorius,
458 2391 533 2466 etc,
550 2392 679 2455 dilectis
694 2392 774 2456 tiliis
791 2393 935 2470 capitulo
949 2398 1020 2457 Au·
1072 2397 1124 2458 rel
1140 2413 1225 2458 ausu
1239 2399 1416 2464 temerario
1426 2399 1650 2464 contrairesi
1668 2398 1751 2478 quis
1766 2398 1878 2461 autem

224 2489 385 2566 gustensi,
402 2488 583 2554 salutemet
592 2489 808 2567 apostolicam
818 2490 1019 2557 benedictio·
1073 2494 1136 2556 boc
1148 2496 1312 2558 attentare
1327 2497 1587 2575 presumpserit,
1603 2496 1880 2574 indignationem

226 2602 314 2649 nem.
1071 2590 1307 2666 omnipotentis
1349 2591 1408 2654 bei
1446 2592 1479 2653 et
1508 2591 1685 2656 beatorum
1728 2590 1824 2654 Petri
1848 2590 1881 2652 et

266 2685 347 2746 Cum
362 2698 383 2745 a
396 2682 492 2746 nobis
511 2683 634 2761 petitur
657 2685 743 2763 qnod
763 2685 890 2764 justum
912 2688 963 2749 est
987 2688 1020 2752 et
1073 2687 1170 2748 Pauli
1185 2688 1410 2766 apostolorum
1423 2690 1495 2767 etus
1510 2705 1546 2750 se
1560 2689 1696 2752 noverit
1710 2689 1878 2753 incursu-

227 2781 413 2848 bonestnm
430 2783 498 2844 tam
521 2781 616 2858 vigor
633 2783 798 2861 aequitatis
817 2800 916 2860 quam
937 2785 1018 2847 ordo
1070 2800 1157 2846 rum.
1174 2787 1292 2848 Datum
1302 2785 1390 2867 apud
1408 2785 1528 2851 Urbem
1543 2788 1715 2860 Veterem,
1728 2787 1793 2851 ΧΠ
1807 2783 1876 2850 iai.

230 2877 336 2954 exigit
350 2876 547 2950 rationis-tii
559 2877 592 2938 id
606 2893 665 2956 per
675 2879 935 2944 sollicitudinem
949 2880 1020 2944 om·
1072 2883 1217 2958 augusti.
1227 2883 1442 2963 pounncatus
1454 2883 1561 2956 nestri
1570 2899 1661 2958 anno
1672 2882 1811 2964 quarto.

727 3513 957 3648 LIBER
1013 3513 1357 3664 QUINTUS

952 3824 1155 3845 m

421 4073 487 4163 bb
524 4075 715 4177 QUINTO
754 4075 975 4168 HONORII
1012 4077 1073 4168 ΠΙ
1111 4081 1476 4176 somnolentos
1512 4088 1668 4182 inno,

257 4329 348 4399 Quam
364 4329 392 4388 in
405 4345 481 4390 anno
496 4331 668 4404 precedenti
682 4332 770 4392 multo
785 4331 821 4394 de
832 4333 973 4392 Frederici
988 4330 1019 4392 in
1109 4337 1292 4414 Promuigate
1307 4341 1394 4416 igitur
1406 4339 1457 4402 init
1468 4341 1498 4406 in
1508 4343 1628 4404 Basilica
1637 4343 1775 4405 Vaticana
1788 4354 1866 4401 coos·

222 4426 423 4500 imperatorem
435 4427 1016 4502 incoronationcdictascriptaveiuerant,
1074 4434 1167 4494 titutio
1194 4437 1351 4510 imperialis
1373 4437 1409 4501 de
1423 4439 1610 4515 abrogatione
1629 4449 1658 4500 et
1676 4439 1865 4502 destructone

223 4523 284 4595 ipse
310 4538 376 4582 eom
398 4525 487 4583 mutto
512 4533 541 4583 et
568 4525 746 4586 nobilissimo
771 4528 908 4592 comitutu
931 4527 1020 4602 Alpes
1074 4532 1202 4595 emnium
1215 4541 1387 4595 statutorum
1400 4551 1434 4594 ac
1444 4537 1683 4599 consuetudinum
1702 4545 1799 4598 conns
1816 4549 1861 4595 ac-

223 4619 376 4690 transieus,
390 4621 533 4681 Veronam
550 4625 687 4695 pervenit,
701 4623 797 4698 ibique
808 4624 944 4684 subsistit.
959 4627 1017 4687 bit·
1073 4628 1176 4695 ctesias
1185 4631 1231 4690 vel
1245 4631 1469 4697 ecdedasticam
1483 4633 1652 4708 libertatem,
1668 4643 1697 4694 at
1709 4637 1784 4696 inter
1796 4632 1861 4690 mis·

222 4722 298 4773 teras
311 4714 349 4772 de
358 4729 433 4774 novo
445 4717 481 4779 ad
490 4719 657 4779 Pontificem
668 4720 770 4782 &exit
781 4722 925 4796 inquibus
937 4738 1020 4788 uam
1073 4740 1170 4787 sarum
1201 4728 1341 4790 solemnia
1371 4731 1565 4799 anathematis
1598 4733 1771 4796 sententiam
1804 4727 1863 4787 ruit

222 4819 251 4870 et
264 4811 455 4870 obedientiam
466 4817 902 4888 etreverentinmtestarivoiuit.
913 4819 1020 4889 Quibus
1074 4825 1217 4886 Honorius
1235 4826 1371 4893 adversos
1386 4827 1536 4888 haereticos
1552 4843 1654 4898 omnes
1666 4837 1696 4892 et
1717 4827 1860 4890 baresm-

224 4909 365 4983 perlectis,
377 4911 521 4968 Honorius
533 4913 679 4985 rescripsit
690 4914 726 4972 ad
734 4917 901 4991 ‚episcopum
910 4920 1018 4984 Tuscu*
1073 4935 1137 4980 rum
1158 4919 1294 4982 fautores.
1314 4925 1395 4996 Quod
1416 4923 1508 4986 ioedus
1533 4926 1685 4994 sacedotii
1705 4933 1736 4986 ct
1756 4919 1860 5000 imperii

221 5007 318 5066 tanum
339 5014 367 5065 et
381 5007 750 5102 Matrinumcnpciianun,
765 5013 808 5076 eis
824 5011 976 5086 mandans,
989 5022 1020 5079 ut
1075 5032 1131 5078 nou
1144 5019 1233 5078 semei
1246 5027 1344 5094 postea
1360 5021 1527 5088 diedericus
1539 5024 1659 5082 aiusmse
1672 5021 1791 5087 videtur.
1810 5013 1861 5078 Sed

221 5104 387 5177 capitularia
403 5104 534 5178 quedam
550 5105 942 5185 Fredericoproponerentur‚
956 5127 1020 5186 quaa
1074 5111 1137 5174 baec
1154 5116 1334 5195 imperatoris
1357 5121 1504 5180 coronatio
1524 5121 1607 5198 quasi
1628 5119 1750 5193 primum
1774 5120 1860 5184 totum

223 5203 252 5259 in
272 5203 333 5276 ipsa
350 5200 396 5262 die
411 5201 645 5277 incoronationis,
661 5205 715 5262 sub
734 5206 851 5266 nomine
866 5208 1018 5282 imperiali,
1075 5219 1151 5270 must
1161 5214 1320 5276 intermina
1333 5215 1417 5290 buius
1432 5217 1500 5279 anni
1515 5218 1610 5280 varios
1620 5223 1752 5279 eventus.

224 5300 253 5356 in
265 5299 387 5366 Basilica
399 5300 537 5374 principis
549 5300 750 5375 Apostolorum
758 5301 980 5378 publicarentur,
992 5313 1020 5366 et
1109 5312 1182 5378 Dum
1198 5311 1347 5376 hereticos
1368 5314 1469 5373 acriam
1490 5313 1620 5382 Pontifex
1632 5313 1858 5387 persequabatur,

223 5397 309 5456 simul
320 5405 489 5456 tractaretur
509 5397 546 5457 de
569 5399 740 5458 necessitate
755 5401 962 5475 crucesignatis
990 5405 1019 5462 iu
1075 5414 1332 5482 temperamentum
1349 5410 1478 5472 adhibuit
1491 5425 1560 5486 erga
1580 5411 1760 5477 toacbimum
1777 5409 1856 5470 ebbo·

224 5495 338 5554 Oriente
347 5496 557 5570 quamprimum
566 5495 763 5556 subveniendi.
1074 5511 1143 5578 tem;
1158 5505 1239 5578 cuius
1253 5508 1489 5566 commentarium
1502 5509 1531 5566 in
1549 5511 1662 5568 Petrum
1677 5505 1858 5568 bombardun
