4090 6316
281 331 321 391 55
901 327 1077 389 HONORH
1099 327 1143 388 tlt
1166 315 1314 388 OPERA.
1890 329 1937 389 56

280 489 389 580 ipsum
403 487 468 578 sibi
480 475 669 566 benigniter
692 498 840 558 serrare,
857 486 944 548 sicut
966 473 1099 564 ipsum'
1169 489 1219 551 Ex
1240 487 1334 566 parte
1357 486 1554 576 dilectorum
1580 487 1723 552 tiliorum
1744 487 1875 550 abbatis
1895 490 1936 550 et

281 599 324 646 ex
338 586 457 647 nostra
477 583 657 646 donatione
683 583 792 645 iuerat
809 585 994 656 assecutus,
1019 579 1098 646 aut
1130 586 1312 647 conventus
1351 585 1464 647 Sancti
1499 586 1636 648 Martini
1672 585 1714 646 de
1752 586 1934 650 Pannonia

280 681 539 759 resignationem
562 681 709 758 ejusdem
733 681 882 758 recipere
915 671 1074 758 dignare·
1095 734 1097 742 .
1130 680 1225 747 nobis
1241 684 1291 744 est
1303 675 1413 744 oblata
1430 673 1576 764 querela,
1596 683 1681 760 quod
1699 683 1837 762 populos
1852 684 1936 744 Bis-

273 783 455 841 ·mur.·Nos
478 781 579 856 igitur
594 777 800 841 attendentes
822 779 930 856 ipsius
947 779 1074 856 magis·
1130 796 1285 842 senorum
1309 780 1349 841 de
1375 767 1455 842 uilla
1479 779 1934 860 Nognolmtesprimiensis

279 878 324 940 tri
342 873 625 954 praeeminentiam
646 877 796 938 scientiae
815 879 916 954 atque
934 893 1073 947 morum,
1131 863 1283 940 direcesis
1298 863 1444 939 decimas
1459 878 1529 939 vini
1542 878 1591 940 ‘ad‘
1611 895 1669 940 eos
1684 878 1724 939 de
1740 881 1817 956 jure
1832 894 1935 954 spec-

280 963 439 1052 quantum
455 975 560 1052 ipsius
580 973 770 1036 sollicitudo
785 974 1000 1036 ambianensi
1021 990 1077 1035 ec-
1130 977 1239 1038 tantes
1250 969 1367 1038 contra
1378 975 1543 1052 justitiam
1565 976 1723 1048 detinent,
1740 977 1773 1038 et
1788 975 1930 1037 reddere

280 1072 390 1133 clasiae
405 1072 510 1149 potest
520 1072 664 1134 existere
677 1071 857 1144 fructuosa,
875 1071 1077 1148 resignatio·
1131 1073 1374 1135 conuadicunt.
1383 1073 1527 1150 Ideoque
1540 1073 1733 1136 discretioni
1742 1074 1861 1134 restrae
1870 1089 1933 1150 per

281 1185 356 1230 nem
369 1169 560 1247 praedictam
574 1169 737 1231 instanter
752 1168 895 1231 oblatam
910 1169 955 1232 ab
966 1185 1006 1231 eo
1021 1169 1075 1230 cui
1130 1170 1332 1248 Apostolica'
1350 1170 1474 1248 scripta
1501 1171 1715 1242 maneamne,
1744 1173 1929 1249 quatenos,

279 1267 389 1343 potius
416 1270 544 1344 majora
573 1265 725 1328 conterre
759 1267 932 1340 vellemus,
964 1267 1096 1343 utpote
1131 1268 1282 1346 partibus
1311 1269 1512 1340 convocatis,
1542 1267 1685 1331 audiatis
1714 1283 1865 1341 causam,
1883 1271 1932 1341 et,

273 1364 335 1442 'qui
355 1364 462 1440 magis
489 1365 639 1426 noscitur
666 1379 739 1426 esse
762 1363 894 1440 dignus,
925 1365 1076 1442 recipere
1131 1355 1504 1444 appellatione'remota,
1522 1363 1589 1428 tine
1604 1365 1714 1428 debito
1727 1367 1933 1438 terminetis,

279 1461 491 1554 denegantes,
520 1461 597 1539 quia
624 1449 827 1554 praescriptae
858 1463 977 1524 litterae
1016 1467 1077 1539 'per
1115 1460 1291 1526 'iacientes
1323 1463 1410 1540 quod
1436 1451 1654 1526 decreveritis
1673 1477 1933 1541 percensuram

278 1558 505 1636 obreptionem
521 1560 697 1638 quamdam
710 1560 853 1622 obtentae
878 1557 1022 1630 inerant,
1033 1558 1075 1621 ad
1131 1560 1392 1623 ecclesiasticam
1421 1560 1562 1622 tirmiter
1594 1561 1777 1623 observari.
1813 1561 1933 1622 'testes

279 1645 441 1738 quosdam
449 1655 580 1733 Judices
596 1659 636 1718 de
652 1649 772 1736 quibus
789 1657 831 1718 ad
848 1671 996 1734 praesens
1010 1674 1076 1720 non
1132 1661 1241 1720 autem
1266 1659 1324 1735 qui
1345 1657 1469 1721 tuerint
1492 1659 1665 1731 nominati,
1694 1659 1723 1720 si
1744 1673 1784 1719 se
1804 1659 1928 1734 gratia,

278 1755 470 1834 poteramus
499 1742 709 1832 aliquatenus
732 1769 806 1816 esse
828 1743 1078 1832 6611111116-
1132 1755 1208 1818 odio
1222 1757 1277 1818 161
1289 1745 1658 1828 timore'subtranerint,
1673 1770 1814 1818 censura
1825 1756 1932 1816 imili

279 1851 355 1912 darn
379 1851 421 1912 ad
446 1837 608 1914 decanum
638 1851 912 1914 suessionensem
940 1855 973 1914 et
999 1869 1076 1914 suos
1132 1851 1355 1932 appellatione
1369 1855 1531 1925 cessante,
1542 1854 1670 1934 cogatis
1684 1854 1818 1916 veritati
1833 1854 1935 1915 testi·-

278 1949 480 2038 conjudices,
496 1950 615 2028 quibus
627 1965 706 2012 vero
723 1950 764 2012 ad
791 1951 876 2012 alios
903 1967 960 2012 eas
984 1967 1079 2012 asse-
1132 1953 1280 2013 monium
1296 1951 1481 2028 perhibere.
1499 1951 1635 2024 Quodsi
1656 1967 1723 2013 non
1744 1965 1860 2013 omnes
1875 1951 1931 2012 hi's

277 2035 428 2110 rentibus
453 2048 633 2124 delegatas,
667 2063 711 2110 ne
734 2049 820 2136 idem
850 2049 1010 2124 magister
1037 2050 1077 2110 de
1133 2049 1356 2126 exsequendis
1379 2049 1556 2126 potueritis
1571 2049 1744 2122 interesse,
1759 2049 1823 2110 duo
1844 2063 1928 2108 ves-

277 2145 385 2221 gratia
399 2144 462 2206 sibi
475 2145 907 2232 lactareportetangustias
921 2147 956 2208 et
978 2145 1075 2207 labo·
1131 2150 1219 2209 trum
1244 2162 1283 2208 ea
1305 2146 1523 2208 nihilominus
1545 2147 1780 2224 exsequantur.
1807 2148 1928 2209 Datum

274 2257 341 2316 res,
355 2243 547 2304 discretioni
560 2243 680 2305 restrae
693 2243 799 2320 ipsum
813 2231 953 2305 decerta
965 2243 1077 2305 scien·
1132 2243 1299 2314 Laterani,
1327 2245 1372 2304 IX
1395 2243 1462 2304 kal.
1490 2244 1687 2317 decembris,
1712 2243 1931 2324 pontificatus

275 2339 324 2400 tia
337 2339 492 2400 duximus
509 2339 791 2428 committendum,
811 2357 870 2417 per
886 2341 1076 2417 Apostolica
1131 2343 1237 2404 nostri
1250 2356 1338 2404 anno
1350 2342 1460 2403 tertio.

275 2435 371 2497 uobis
382 2437 505 2514 scripta
521 2437 745 2514 precipiendo
761 2437 968 2510 mandantes,
987 2453 1075 2516 qua·
1606 2441 1608 2446 '

275 2535 373 2595 tenus
388 2535 424 2594 in
444 2535 577 2596 irritum
598 2519 755 2596 reuocato
784 2535 812 2597 si
839 2535 918 2613 quid
950 2535 1074 2608 forsan,
1300 2547 1302 2555 ·
1467 2519 1590 2606 XLIX
1670 2539 1679 2559 ’“

276 2632 363 2708 quod
379 2647 446 2693 non
460 2631 637 2704 credimus,
652 2633 1073 2709 perlitterasmemoratas,
1191 2655 1243 2716 Ad
1267 2655 1543 2716 mammem
1570 2655 1865 2728 archrgpmopnm
1902 2691 1908 2700 ,

277 2729 320 2790 fid
336 2729 491 2807 pfaesaios
515 2729 678 2790 decanum
708 2731 741 2792 ei
769 2731 877 2792 SOCiOS
907 2746 995 2803 SUOS,
1022 2731 1075 2792 VOl
1171 2787 1182 2798 κ
1244 2752 1531 2812 etBeyacrammm
1546 2753 1633 2812 Δ(1.8.
1648 2751 1810 2828 [effatum.

275 2825 360 2887 alios
382 2826 515 2904 judices
542 2843 767 2905 quoscumque
794 2827 949 2901 directas,
976 2829 1077 2891 tuerit
1392 2817 1657 2932 24n0vemb·4'248
1794 2863 1823 2918 Δ·

278 2925 485 2996 attentatum,
503 2925 678 3002 praelatum
700 2925 894 3002 magistrum
918 2926 954 2988 in
976 2927 1077 2988 deca·
1163 2979 1291 3044 [bouquet
1309 2981 1368 3032 Bw
1382 2979 1530 3031 desilistor.
1546 2916 1642 3034 'him
1661 2916 1692 3044 'p
1709 2949 1759 3028 *⁶73
1785 2979 1884 3043 Rem

276 3023 374 3084 natus
389 3022 539 3098 praedicti
554 3024 777 3100 possessione,
795 3024 830 3084 in
845 3041 944 3102 quam
960 3025 1077 3086 611616-
1292 3017 1299 3038 ’
1415 3057 1460 3110 lib.
1472 3057 1514 3117 111,
1530 3015 1569 3126 ip.
1582 3017 1652 3123 ,ω’
1760 3018 1768 3032 '
1889 3016 1897 3042 '

276 3119 375 3180 ritate
399 3121 512 3181 nostra
539 3119 692 3182 inductus
720 3119 823 3182 tuisse
856 3121 1074 3196 dignoscitur,
1131 3157 1291 3220 (luidonem
1315 3156 1352 3215 de
1376 3155 1552 3227 llontelont,
1580 3149 1705 3214 Simonis
1733 3133 1925 3227 mmmm,

276 3215 406 3278 sumam
442 3215 619 3318 9¹¹ju⁸lib⁰t
652 3217 926 3279 ⁶⁰¹¹tmdi⁰ti⁰¹¹is
961 3217 1076 3280 mia*
1166 3248 1250 3306 ducta
1275 3260 1364 3303 uxore
1390 3245 1552 3312 Petronilla,
1582 3245 1746 3318 bigorrensi
1770 3245 1926 3311 comitissa,

277 3313 362 3384 culo,
380 3312 574 3385 defendatis,
591 3314 625 3375 et
638 3311 770 3375 faciatis
786 3313 937 3376 erinnem
954 3317 1075 3378 aueto—
1167 3336 1315 3394 eseuum
1335 3333 1370 3392 ee
1386 3333 1477 3392 cums
1494 3333 1676 3407 sequerere,
1692 3331 1766 3390 seire
1781 3332 1926 3390 raesen-

276 3411 376 3473 ritate
402 3412 517 3473 nostra
549 3411 688 3488 pacifica
722 3411 829 3488 ipsius
864 3413 1076 3490 possessione
1166 3425 1242 3482 ribus
1252 3427 1382 3491 Nunonc,
1401 3422 1458 3480 lilio
1472 3423 1589 3490 sanctii,
1604 3422 1717 3480 comitis
1730 3421 1926 3480 Rossilioncn·

276 3509 433 3586 gaudere.
459 3509 577 3570 Datum
601 3509 769 3581 Laterani,
792 3511 822 3571 X
848 3511 914 3574 kal.
938 3511 1075 3572 decem·
1166 3514 1222 3583 sis‚
1246 3519 1275 3571 et
1297 3513 1374 3570 Will.
1398 3510 1557 3570 liaimundo
1586 3509 1623 3568 de
1648 3511 1849 3568 ltontecatano
1870 3509 1925 3582 (o),

205 3663 210 3668 .
277 3605 359 3680 bris,
376 3605 586 3686 pontificatus
602 3607 707 3668 nostri
722 3607 935 3670 annotertio.
1166 3600 1284 3660 mandat
1309 3601 1461 3670 Honorius,
1481 3606 1513 3657 ut
1533 3597 1838 3658 excommunicationis
1860 3598 1929 3656 irre

1026 3721 1029 3728 .
1093 3693 1095 3703 '
1165 3691 1275 3749 tiautur
1289 3689 1412 3748 vinculo.
1526 3717 1530 3722 ·

592 3767 759 3854 XLVIII
1170 3799 1338 3861 Honorius
1362 3797 1587 3874 episcopus...
1616 3794 1802 3858 venerabili
1829 3793 1927 3856 fratri

348 3903 401 3963 Ad
426 3901 699 3982 Strtponicnscm
725 3903 759 3964 ct
781 3903 1005 3964 recreassent
1131 3897 1384 3974 archiepiscopo
1409 3895 1629 3957 auxitanensi
1657 3892 1718 3972 (b),
1747 3894 1781 3955 et
1806 3892 1928 3954 dilecto

569 3999 786 4074 praepositos.
1131 3994 1201 4055 tilio
1215 3997 1251 4055 Β.
1270 3994 1359 4056 tituli
1381 3993 1579 4054 Sanctorum
1595 3991 1759 4054 lobannis
1778 3992 1812 4053 61
1830 3990 1928 4051 Pauli

539 4111 574 4169 23
587 4111 720 4169 novemb.
737 4111 815 4168 1218,
1132 4091 1240 4169 presb.
1257 4091 1361 4162 card,
1377 4093 1415 4150 A.
1434 4090 1467 4149 S.
1484 4090 1604 4165 legato,
1617 4088 1769 4161 salutern,
1783 4089 1846 4149 etc.

325 4195 327 4204 ⁴
420 4217 499 4282 [pom
510 4217 643 4282 pungam
654 4217 725 4274 pist„
738 4217 804 4282 pipp,
815 4217 857 4275 pp,
870 4217 936 4280 150¹]
1172 4188 1393 4250 Pl'aeselliilllli
1403 4186 1497 4248 vobis
1508 4187 1709 4250 auctoritaie
1720 4187 1925 4256 mandamus,

279 4313 396 4372 Mandat
419 4313 449 4371 ut
473 4329 591 4372 causam
614 4312 724 4371 abbatis
742 4319 772 4370 61
797 4320 956 4370 conventus
980 4314 1076 4372 Sancti
1132 4287 1295 4362 ‘luamus
1318 4287 1505 4357 Nu¹¹⁰¹¹⁰m⁹
1537 4285 1639 4345 mium
1666 4283 1800 4346 mitis
1822 4285 1927 4345 ΜΟ·

315 4403 429 4480 Martini
444 4402 478 4459 de
501 4404 649 4461 Pannonia
669 4401 916 4476 conquerentium,
933 4401 1009 4474 quod
1024 4417 1073 4476 po·
1129 4383 1169 4445 iii
1200 4382 1260 4463 (1),
1294 4384 1327 4445 ei
1358 4381 1590 4444 Whillsslffium
1621 4381 1852 4474 Raimufflium
1886 4381 1926 4442 de

315 4491 373 4562 pult
397 4492 580 4549 bissenorum
604 4492 640 4550 de
668 4493 731 4550 villa
762 4489 907 4565 Nogholm
932 4491 1074 4564 Vesprun.
1130 4483 1376 4553 Montecatano,
1391 4495 1558 4542 aceorum
1573 4479 1761 4556 complices,
1778 4477 1926 4556 quiess-

314 4576 399 4635 dioec.
416 4577 544 4636 decimas
565 4582 623 4638 vini
645 4581 681 4639 ad
701 4596 752 4639 eos
775 4580 812 4638 de
834 4579 898 4654 jure
913 4585 1076 4652 spectantes
1131 4582 1218 4642 trum
1235 4580 1277 4641 de
1292 4578 1402 4640 Lurda
1417 4595 1476 4656 per
1489 4577 1651 4640 satellites
1667 4593 1745 4639 suos
1762 4576 1926 4637 munitum

313 4673 412 4724 ⁰⁰¹¹²it
443 4667 582 4738 justitiam
616 4668 755 4739 detinent,
789 4669 920 4738 11111111,
950 4661 1077 4742 panibus
1132 4678 1295 4749 tenentes,
1322 4675 1474 4738 ecclesiae
1494 4677 1555 4737 Dei
1572 4691 1613 4737 ac
1632 4675 1766 4752 negotio
1785 4675 1876 4751 pacis
1896 4676 1929 4734 et

313 4755 492 4824 ⁰⁰¹¹V⁰⁰⁸i¹⁸²
507 4763 536 4813 ⁰³
550 4756 607 4813 ¹¹⁰0
622 4755 716 4814 ⁰⁸¹³¹¹⁰
732 4759 893 4816 seminent.
1132 4775 1208 4838 fldei
1230 4775 1392 4852 patenter,
1417 4774 1503 4836 sicut
1522 4773 1722 4850 accepimus,
1741 4771 1927 4834 adversan-

320 4871 500 4943 llonorius,
520 4873 595 4945 etc,
613 4872 744 4934 dilectis
759 4871 837 4934 liliis
854 4875 1075 4950 strigoniensi
1130 4875 1198 4944 tur,
1220 4871 1286 4933 nisi
1313 4887 1333 4934 a
1356 4870 1451 4932 vobis
1473 4870 1664 4932 commoniti
1689 4869 1730 4931 ab
1754 4869 1928 4947 iniquitate

275 4971 313 5032 'et
325 4969 493 5033 lauriensi
509 4969 709 5047 praepositis,
729 4961 825 5032 etss...
840 4970 1076 5034 archidiacono
1132 4956 1329 5049 hujusmodi
1355 4955 1574 5046 resipuerint,
1606 4967 1926 5039 excommunicatos,

278 5067 459 5142 lauriensi,
482 5067 621 5130 salutem
637 5069 670 5132 et
686 5066 903 5145 apostolicam
919 5068 1078 5132 benedic-
1133 5068 1358 5147 appellatione
1380 5067 1520 5140 remota,
1542 5065 1673 5144 publice
1697 5065 1875 5137 nuncietis,
1897 5067 1929 5126 et

279 5165 415 5228 tionem.
1133 5165 1264 5228 iactatis
1282 5179 1342 5242 per
1363 5162 1626 5235 Narbonensem,
1641 5165 1928 5224 terraconensem

317 5313 359 5386 (o)
379 5316 528 5375 Mcncade.
569 5315 606 5390 (a)
627 5315 734 5374 Garsiae
749 5315 784 5373 de
797 5315 874 5374 l'tlrt.
1134 5314 1221 5373 tuisse
1233 5313 1344 5372 ridetur
1359 5313 1433 5372 inter
1450 5314 1610 5372 Petronillae
1626 5326 1749 5394 sponsos
1768 5311 1927 5378 dissidium,

316 5389 358 5462 tl)
379 5389 472 5456 Nunc,
490 5387 826 5454 iltiusSanctii,comitis
844 5385 1076 5454 Russiliouensts,
1133 5399 1253 5458 otiorum
1287 5385 1797 5442 116166111666116661616111616666
1818 5383 1930 5441 censuit

280 5457 426 5530 sponsalia
449 5458 494 5515 vel
516 5457 690 5514 matrimonii
711 5457 873 5530 pactionem
893 5455 999 5513 iecerat
1012 5469 1078 5512 cnm
1134 5471 1255 5513 amoven
1296 5471 1335 5524 m,
1353 5453 1671 5513 confirmatoGuidonis
1684 5455 1845 5526 septimum
1860 5467 1925 5526 pos-

182 5589 185 5599 ,
280 5529 447 5598 Petronius,
465 5529 631 5603 bigorrensi
652 5528 813 5610 comitissa5
834 5527 937 5588 codem
953 5541 1021 5584 vero
1036 5526 1095 5584 vi»
1133 5529 1238 5585 teriora
1262 5533 1400 5595 tractatu,
1434 5541 1520 5598 mrem
1543 5526 1645 5584 recitet
1670 5525 1846 5592 1161161166,
1874 5527 1928 5582 tl

280 5606 376 5670 vente,
394 5598 863 5668 (11116,11116116(1611611161οηί
884 5599 968 5666 tilius,
987 5598 1076 5654 comi·
1134 5599 1249 5666 Anecd,
1267 5599 1321 5655 col.
1341 5597 1405 5655 set.
1424 5599 1464 5656 lle
1503 5611 1539 5655 ua
1555 5611 1586 5654 16
1600 5593 1740 5668 legendus
1757 5595 1927 5664 trisselius,

283 5669 382 5729 lissam
399 5669 452 5728 sibi
468 5670 662 5744 copuleverat,
679 5685 756 5728 anno
773 5669 851 5730 1111.
867 5666 937 5728 lnde
949 5673 1077 5727 eruntum
1134 5674 1143 5696 ·
1171 5671 1223 5728 ¹¹¹,
1239 5683 1267 5742 p.
1284 5613 1635 5741 asserentisque.)
1782 5693 1784 5698 v
