4088 6306
77 361 131 420 2⁴5
678 354 907 416 EPISTOLAE.
931 355 1008 414 LIB.
1031 355 1087 414 111.

76 515 856 592 henneviamuniversaecaruisingresso,prae-
1196 540 1423 629 CCXXXIII

76 617 171 676 dictus
185 617 222 677 R.
239 614 385 676 castrum
397 614 517 690 ipsum,
537 614 570 674 et
587 612 728 683 obsides,
748 612 855 674 eidem

74 715 139 788 regi
157 713 293 774 reddere
313 711 490 788 denegavit
512 711 637 788 pluries
662 710 853 788 requisitus.

75 809 248 886 Quinetiam
278 807 413 869 adauae
440 807 646 870 infidelitatis
673 807 854 884 nequitiam

74 905 275 982 palliandam,
298 905 339 966 ad
369 907 480 983 partes
516 905 775 975 transmarinas,
802 903 854 964 vel
1210 895 1241 952 Η
1256 895 1421 967 junillilll.

75 1005 182 1081 polius,
204 1005 241 1064 ut
264 1002 397 1076 dicitur,
417 1003 453 1064 in
481 1002 675 1081 Hispaniam
700 1002 854 1063 simulata
1084 1007 1311 1073 [wmdmphnn.
1325 1009 1416 1059 minor.
1430 1008 1451 1070 l,
1466 1007 1534 1071 eol]

74 1105 235 1165 devotione
266 1119 303 1164 se
333 1099 551 1174 transferens,
574 1102 688 1164 dolose
714 1101 855 1164 intendit
910 1109 1003 1181 llogul
1016 1107 1165 1165 allatores
1179 1108 1361 1179 presentium
1375 1106 1411 1163 de
1429 1106 1570 1164 hlinorum
1586 1101 1703 1162 fratrum

75 1201 235 1278 praedictos
263 1197 396 1261 obsides
424 1199 584 1272 liberare,
609 1201 767 1277 tanquam
795 1215 855 1277 per
944 1196 1066 1269 collegio
1081 1196 1249 1265 existentes,
1264 1196 1403 1268 recipiant
1421 1193 1705 1252 sicutcathollcosel

73 1299 167 1374 ipsius
193 1298 382 1360 affectatam
412 1296 663 1374 negligentiam,
690 1313 763 1374 quae
787 1298 855 1358 uti·
946 1284 1054 1343 fidele&

73 1411 128 1472 que
140 1395 251 1470 aperta
267 1393 318 1454 est
328 1393 466 1466 malitia,
478 1407 650 1454 erasums.
667 1392 707 1454 Et
718 1395 764 1465 ut,
778 1407 855 1470 qua·
949 1394 1127 1465 Honorius,
1148 1395 1224 1466 etc„
1244 1392 1505 1471 archiepiscopis
1520 1391 1553 1454 et
1573 1390 1703 1468 episco-

73 1493 128 1552 lem
140 1491 304 1554 fidelitatis
317 1489 473 1553 affectum
483 1505 684 1568 ergaregem
699 1489 851 1562 habebat,
910 1491 971 1568 pis,
1001 1489 1186 1563 abbatibus,
1215 1490 1368 1562 decanis,
1397 1487 1642 1552 archidiaconis
1671 1486 1704 1547 et

938 677 986 736 Ad
1000 679 1284 750 archiepiscopos,
1298 676 1331 738 ct
1344 679 1529 750 episcopos,
1545 673 1681 734 abbates

1030 774 1064 834 et
1076 777 1161 836 allos
1173 776 1396 836 ecclesiarum
1407 772 1582 848 praemlos.

72 1589 237 1652 exhibebat
252 1589 300 1669 (l)
317 1589 352 1650 in
364 1588 495 1662 effectu,
511 1589 595 1652 tales
610 1589 729 1666 inipso
744 1591 854 1650 castro
909 1588 984 1650 aliis
999 1587 1215 1650 ecclesiarum
1232 1587 1378 1665 praelatis
1396 1586 1537 1649 salutem
1551 1587 1585 1647 et
1598 1600 1702 1661 apos-

71 1687 196 1759 dimisit,
214 1689 272 1765 qui
297 1704 365 1751 non
387 1688 493 1749 solum
520 1685 658 1765 praeiato
686 1685 757 1763 regi
780 1702 855 1749 cas-
908 1686 1041 1748 tolicam
1056 1684 1330 1747 benedictionem.

71 1787 149 1845 irum
161 1786 193 1846 et
199 1783 330 1847 obsides
343 1785 482 1848 reddere
492 1787 724 1862 aspernantur,
738 1801 852 1847 rerum
948 1785 1028 1845 Cum
1041 1783 1152 1846 dilecti
1163 1783 1224 1844 lilii
1238 1783 1341 1845 irater
1350 1780 1559 1849 Franciscus,
1576 1781 1609 1842 et
1621 1778 1704 1840 socii

69 1881 170 1954 eliam,
192 1883 374 1960 proditorie
388 1883 608 1957 rebellantes,
626 1884 731 1961 ipsius
746 1884 855 1946 homi·
908 1884 979 1958 elus
995 1881 1113 1945 devita
1126 1881 1159 1942 et
1171 1881 1334 1956 religione
1353 1881 1519 1942 Minorum
1537 1877 1704 1948 Fratrum,

69 1995 120 2040 nes
145 1979 308 2043 hostiliter
338 1984 593 2060 persequuntur,
618 1980 773 2060 et'(qu0d
795 1983 854 2044 vix
908 1979 1045 2057 abjectis
1059 1979 1261 2042 vanitatibus
1277 1977 1514 2055 hujusmundi,
1529 1975 1703 2053 elegerunt

69 2075 192 2138 credere
210 2075 396 2157 possemus)
409 2078 472 2140 h'oc
494 2079 685 2156 perpetrant
699 2094 765 2140 non
780 2079 853 2141 sine
908 2078 985 2139 ritae
994 2078 1082 2139 viam
1095 2094 1114 2139 a
1127 2078 1277 2139 Romana
1290 2076 1437 2138 Ecclesia
1450 2075 1568 2136 merito
1581 2088 1699 2151 appro-

70 2173 165 2250 ipsius
179 2175 326 2252 episcopi
347 2175 487 2236 consilio
516 2177 549 2237 et
572 2192 721 2249 assensu,
740 2193 851 2238 cuma
908 2175 1028 2247 batam,
1066 2175 1107 2236 ad
1135 2175 1311 2236 serendum
1338 2174 1465 2236 semina
1493 2171 1587 2234 verbi
1621 2171 1698 2240 Dei,

70 2271 218 2347 praedicto
247 2271 350 2334 fratre
374 2289 436 2334 suo
470 2272 678 2350 dispositioni
705 2273 852 2351 ejusdem
908 2273 1131 2350 apostolorum
1144 2272 1308 2349 exemplo,
1327 2272 1477 2334 diversas
1497 2269 1703 2331 circumeunt

69 2368 236 2432 credantur
251 2385 324 2431 esse
337 2369 505 2432 commissi
523 2388 530 2426 ε
545 2370 631 2448 quod
644 2387 687 2432 ex
699 2387 739 2434 eo
752 2372 855 2449 siqui·
909 2371 1108 2443 mansiones,
1123 2369 1374 2433 universitatem
1385 2370 1530 2431 vestram
1544 2381 1701 2443 rogamus

69 2465 132 2526 dem
158 2468 371 2544 praesumitur
398 2464 624 2546 probabiliter,
650 2470 747 2547 quia,
777 2486 852 2532 cum
907 2471 940 2531 et
961 2469 1178 2530 exhortamur
1199 2469 1234 2529 iu
1258 2467 1397 2529 Domino
1425 2481 1484 2544 per
1512 2463 1702 2544 Apostolica

69 2563 110 2622 illi
130 2563 195 2625 sint
221 2565 257 2624 in
277 2579 337 2625 sua
358 2565 495 2627 dioecesi
510 2565 691 2639 constituti,
713 2581 771 2628 eos
786 2583 852 2628 non
907 2565 1004 2627 vobis
1019 2565 1143 2644 scripta
1169 2565 1374 2638 mandantes
1395 2565 1558 2642 quatenus
1579 2562 1703 2624 latores

69 2660 163 2720 solum
193 2675 259 2722 non
285 2662 447 2739 reprimit,
474 2679 589 2724 rerum
619 2665 719 2726 etiam
741 2664 852 2726 iorere
907 2663 1120 2740 praesentium
1136 2662 1177 2724 de
1194 2663 1427 2739 praedictorum
1442 2661 1581 2722 iralrum
1596 2659 1702 2721 colle-

71 2756 290 2819 iarerabiliter
301 2775 366 2820 non
379 2759 518 2822 desistit.
906 2761 961 2836 gio
976 2761 1169 2832 existentes
1194 2777 1268 2822 cum
1285 2760 1399 2820 advos
1422 2757 1578 2819 duxerint
1594 2755 1701 2817 decli-

104 2857 178 2915 Cum
194 2855 298 2932 igitur
310 2871 446 2918 causam
456 2857 605 2934 praedicti
617 2859 707 2936 regis
721 2859 849 2937 pupilli,
907 2859 1065 2930 nandum,
1081 2858 1171 2935 ipsos
1186 2857 1355 2934 recipiatis
1371 2857 1456 2918 sicut
1471 2853 1654 2917 catholicos
1671 2853 1704 2914 et

69 2953 279 3029 cmcesignati
303 2955 337 3016 et
365 2954 522 3016 custodiae
546 2955 851 3033 sedisapostolicae
907 2955 1036 3030 iideles3
1051 2955 1135 3018 alias
1151 2956 1199 3016 cis
1214 2955 1255 3017 ad
1271 2941 1492 3016 reverentiam
1506 2951 1652 3014 divinam
1667 2951 1701 3012 et

70 3049 219 3123 derelicti,
237 3051 390 3112 omnibus
410 3053 516 3114 modis
540 3053 717 3116 defendere
730 3057 851 3117 tenea·
907 3053 1054 3114 nostram
1069 3052 1265 3114 exhibentes
1289 3067 1349 3112 vos
1370 3049 1568 3112 favorabiles
1594 3051 1628 3111 et
1641 3046 1702 3108 be-

68 3163 141 3218 nur,
154 3149 262 3210 eidem
280 3149 437 3226 episcopo
449 3167 510 3228 per
527 3152 649 3231 scripta
666 3153 778 3215 nostra
789 3153 850 3215 lir-
906 3152 1036 3228 nigros:
1063 3151 1182 3212 Datum
1207 3152 1252 3212 111
1279 3149 1354 3211 idus
1369 3147 1469 3227 junii,
1489 3146 1701 3225 pontificatus

68 3246 153 3308 miter
173 3246 324 3308 dedimus
351 3248 385 3308 in
414 3249 600 3326 praeceptis,
629 3252 666 3312 ut
694 3251 851 3328 praedicto
906 3249 1012 3310 nostri
1027 3247 1237 3310 annotertio.

68 3343 127 3419 regi
156 3346 303 3406 castrum
329 3357 425 3406 suum
447 3347 480 3408 et
499 3346 629 3409 obsides
655 3347 748 3410 reddi
773 3365 853 3426 pro-

68 3443 173 3504 curet:
192 3441 379 3504 detentores
399 3458 514 3506 eorum
537 3443 704 3521 spirituali
718 3447 751 3507 et
767 3447 852 3508 tem·
1197 3433 1419 3522 CCXXXIV

67 3539 162 3612 porali
178 3539 386 3602 districtione
398 3541 612 3618 compellens,
624 3542 672 3604 ita
687 3543 772 3621 quod
784 3560 851 3606 nun
907 3579 958 3640 Aa
972 3581 1153 3640 ,hm-versos
1169 3578 1333 3653 malos
1352 3579 1574 3638 emptarum
1592 3589 1700 3651 moa.

66 3635 162 3744 solum
184 3637 276 3748 nulla
291 3653 334 3699 ex
355 3637 418 3700 hoc
433 3640 549 3700 contra
564 3655 599 3700 se
615 3640 720 3715 possit
741 3641 853 3718 suspi—
945 3680 1030 3739 llum
1045 3679 1200 3738 dmm
1212 3676 1245 3737 εἰ
1254 3677 1447 3749 movim
1461 3675 1660 3736 Comum..

66 3747 392 3806 croexor1r1,rerum
411 3736 511 3798 ctiam
525 3753 585 3797 sua
609 3738 730 3799 exinde
747 3739 853 3816 possit
1198 3797 1229 3854 fl
1242 3795 1315 3870 junii
1331 3797 1411 3854 lm·

65 3829 308 3909 circumspectio
327 3833 564 3894 commendari.
593 3835 754 3905 Quocirca
778 3836 851 3898 dis-

1032 3903 1161 3967 [Theiuem
1171 3905 1239 3954 lion
1249 3901 1394 3966 hungaria,
1403 3902 1424 3960 1,
1433 3900 1473 3960 sl,
1484 3915 1512 3951 n.
1524 3899 1577 3966 oh]

65 3929 194 3991 crationi
210 3929 330 3991 restrae
345 3943 406 4006 per
417 3931 606 4007 Apostolica
624 3932 747 4010 scripta
763 3950 853 3995 man-

66 4022 182 4095 damus,
199 4027 362 4104 quatenus
380 4028 567 4090 detentores
592 4031 693 4091 castri
709 4031 743 4093 ep
757 4029 851 4092 obsi.
907 4011 973 4071 Illos
995 4017 1092 4068 monol
1113 4025 1145 4067 se
1163 4009 1341 4066 concessisse
1353 4007 1479 4081 Ugolino
1494 4007 1641 4066 colocensi
1659 4021 1701 4064 ar·

65 4119 132 4182 pum
153 4121 387 4200 pmffictofflm
413 4125 454 4186 ad
479 4125 721 4189 restitutionem
737 4142 852 4190 eorum
942 4099 1126 4172 cbieplsccpo
1135 4099 1176 4156 uli
1185 4098 1270 4172 pallio
1284 4105 1313 4156 el
1327 4097 1391 4155 aliis
1401 4096 1534 4170 insigniis
1542 4093 1698 4170 archiepi-

66 4219 194 4293 pretato
209 4221 281 4297 regi
293 4221 437 4284 debitam
453 4221 638 4285 faciendam
654 4239 714 4302 per
728 4241 851 4288 censu·
942 4187 1089 4260 copalibus
1103 4187 1132 4243 iu
1147 4194 1205 4244 tola
1221 4185 1379 4260 provincia.

65 4318 645 4397 ramecclesiasticam,appellatione
656 4323 850 4399 postposita,
947 4295 1615 4404 H⁰¹¹⁰si¹¹⁸⁰Pi⁸⁰⁰P¹J⁸⁸0ffl¹P³⁰rV⁰P¹¹m
1629 4291 1699 4402 ⁰05·

65 4416 273 4492 compellatis,
290 4419 323 4480 et
337 4419 502 4495 supernis
516 4417 694 4496 inquiratis
708 4420 853 4498 diligen,
908 4391 1161 4455 Venerabilibus
1183 4391 1343 4454 iratribus
1366 4391 1530 4452 universis
1553 4389 1701 4467 praelatrs

66 4511 122 4571 pu,
138 4515 330 4587 veritatem,
344 4517 387 4587 et,
416 4531 490 4594 Μ
506 4516 713 4590 inveneritis,
732 4519 773 4579 ,d
790 4535 851 4580 ΗΘΒ
906 4490 1124 4552 ecclesiarum
1139 4489 1301 4566 regalium
1311 4487 1464 4550 dioecesis
1474 4488 1509 4550 et
1520 4486 1700 4564 provinciae

65 4607 196 4673 fideliter
210 4611 398 4686 remittatis,
416 4615 462 4686 up,
479 4629 539 4691 per
555 4609 852 4679 vestrampelafio,
907 4588 1097 4650 colocensis
1113 4588 1254 4648 salutem
1270 4587 1303 4648 et
1314 4584 1530 4663 apostolicam
1543 4583 1701 4646 benedic·

65 4720 130 4768 uem
164 4708 337 4784 instructi,
374 4711 593 4788 procedamus
621 4727 722 4789 super
747 4713 790 4774 iis
816 4715 853 4776 ut
906 4685 1042 4748 flmm-
1155 4781 1162 4794 .
1477 4780 1484 4794 η

61 4804 214 4876 justitiam
236 4803 426 4869 rideremus
442 4809 599 4885 expedire
625 4806 685 4889 (2).
708 4811 799 4882 Quod
822 4811 851 4871 si
946 4785 1026 4843 cum
1058 4781 1246 4844 ⁰⁰¹¹³t¹t¹¹tae
1272 4795 1332 4859 90¹¹
1360 4782 1542 4858 Untiffiam
1568 4780 1700 4857 regales

64 4913 122 4961 non
134 4904 311 4978 omnem„
331 4919 382 4978 ea,
405 4905 685 4984 pratereppsoope‚
702 4925 776 4970 „um
788 4923 850 4970 30,
905 4879 1055 4942 ecclesiae
1070 4879 1106 4940 in
1118 4879 1356 4956 temporalibus
1365 4879 1449 4957 regi,
1462 4879 1496 4941 et
1511 4878 1586 4942 Sedi
1599 4883 1701 4957 Apos-

65 5011 129 5059 rum
143 5001 260 5074 altero,
277 5001 339 5064 eto,
455 4993 466 5010 ·
905 4977 1013 5041 tolicae
1028 4977 1062 5038 in
1079 4976 1307 5054 spiritualibus
1322 4976 1414 5038 nullo
1429 4976 1618 5054 pertineant
1633 4991 1699 5037 me·

98 5097 212 5160 Datum
225 5100 350 5172 Romae,
361 5099 401 5161 ad
416 5101 572 5162 sanctum
579 5103 725 5175 petrum,
740 5101 852 5181 ponti,
905 5075 1028 5146 diante,
1052 5074 1277 5136 venerabilem
1300 5074 1436 5137 tratrem
1458 5075 1607 5136 nostrum
1622 5075 1697 5134 llu-

66 5189 172 5256 firatus
187 5197 292 5258 nostri
304 5212 392 5258 anno
403 5197 514 5260 temp),
905 5173 1055 5250 goliuum
1070 5171 1588 5249 colocensemarchiepiscopum,
1601 5185 1697 5248 quem

905 5269 1135 5349 amplexamur
1150 5256 1305 5346 specialis
1329 5269 1519 5332 dilectionis
1537 5266 1696 5342 brachiis,

97 5409 134 5484 tl)
154 5413 317 5473 [inhiberet.
900 5419 1051 5490 pessimum
1061 5419 1185 5476 tedebat.
1195 5419 1274 5490 Hupo
1286 5419 1319 5475 dc
1326 5417 1475 5476 leziniaco
1481 5416 1584 5488 junior
1593 5416 1700 5488 nerra

94 5485 120 5555 (1
125 5499 133 5554 r
154 5485 224 5543 lude
238 5493 330 5543 ortum
342 5483 429 5544 luisse
440 5487 468 5544 in
481 5487 605 5546 Helena
618 5487 723 5546 bellum
739 5489 783 5546 vel
798 5503 849 5562 pro
903 5491 1050 5547 obsidebat.
1067 5492 1100 5547 El
1114 5489 1184 5546 inira
1198 5506 1206 5546 :
1221 5491 1255 5546 lu
1269 5491 1392 5546 recorda
1407 5489 1594 5545 translatione
1604 5489 1700 5546 Sancti

65 5553 181 5614 henrico
195 5558 308 5640 liupila
322 5573 402 5630 rege,
417 5560 462 5616 rel
477 5567 574 5616 contre
586 5574 661 5627 eum,
678 5559 762 5617 docel
779 5563 846 5618 Ber·
902 5561 1059 5625 Martialis,
1080 5561 1227 5633 pacificato
1246 5565 1284 5617 erl
1308 5575 1414 5631 pererra
1429 5560 1507 5631 apud
1527 5560 1697 5617 Uzcrcbiam

65 5627 160 5705 nardus
183 5630 270 5696 llern,
289 5627 333 5711 his
353 5628 447 5712 verbis
470 5629 505 5686 ad
520 5645 626 5686 annum
652 5631 718 5688 1211
735 5647 742 5688 :
759 5631 849 5687 (luido
902 5648 944 5689 mc
954 5633 1214 5704 presentandum
1227 5631 1284 5702 suit
1298 5631 1418 5688 reddito.
1488 5629 1653 5706 (bouquet.)

65 5699 413 5757 cumdeambularemus
426 5701 633 5758 commilitibus
644 5703 705 5758 ruis
714 5716 848 5773 puerum
