3952 6350
893 283 1069 377 uououu
1092 285 1136 344 111
1158 255 1332 348 oruaa.'
1847 288 1896 348 osi

585 472 771 560 doxxtv

389 609 444 668 Ad
454 609 609 680 priorem
627 605 660 668 et
678 607 810 680 fratres
828 607 960 667 ordinis

530 704 817 764 Praedicatorum.

579 824 680 896 aljan.
698 825 776 883 lati.

438 930 552 994 [tripolis
571 930 637 981 Bull.
653 932 796 990 predicat,
811 932 849 991 lt,
863 932 914 998 le]

316 1035 449 1094 Prohibet
463 1051 500 1096 ne
513 1037 577 1110 quis
593 1038 666 1096 votis
679 1038 854 1096 solemnibus
873 1038 1034 1108 adstrictus,

330 1127 394 1183 siue
405 1127 508 1198 prioris
520 1126 565 1184 sui
582 1127 706 1196 licentia,
721 1127 757 1184 ab
770 1126 869 1184 ordine
878 1126 1015 1185 discedet.

318 1243 1067 1320 Honoriusepiseopus,servusservorumbei,

273 1339 409 1400 *dilectis
444 1339 523 1400 filiis
555 1341 661 1418 priori
694 1343 727 1401 et
755 1340 913 1402 fratribus
943 1341 1069 1403 ordinis

277 1436 549 1508 Praedicatornm,
565 1438 706 1498 salutem
728 1437 760 1499 et
781 1437 996 1514 apostolicam
1010 1439 1070 1500 be-

277 1534 511 1596 bedictionem.

318 1641 398 1700 Cum
412 1641 440 1702 is
461 1641 517 1717 qui
533 1640 710 1703 ecclesiam
725 1657 818 1702 suam
833 1657 919 1703 nova
939 1657 1069 1718 semper

276 1737 371 1812 prole
395 1737 572 1809 foecundat,
590 1737 704 1799 voleus
721 1739 793 1800 haec
812 1739 969 1800 moderna
983 1742 1068 1800 tern-

276 1849 358 1910 pora
383 1835 589 1896 conformare
619 1835 795 1912 prioribus,
823 1838 857 1898 et
879 1837 1066 1912 regularem

275 1931 377 1993 uitam
400 1932 551 2009 professi,
580 1933 672 1994 verbi
692 1935 751 1994 Dei
772 1934 995 1996 exhortationi
1008 1950 1068 1994 va-

253 2029 367 2102 cetis,
411 2029 675 2106 evangelizantes
701 2046 762 2107 per
798 2029 910 2092 orbem
946 2047 1066 2092 nomen

277 2126 408 2186 Domini
433 2127 512 2187 Jesu
537 2125 671 2200 Christi,
696 2127 893 2189 auctoritate
920 2144 1067 2204 praesen-

273 2222 356 2282 tium
370 2223 570 2296 inhibemus,
592 2239 635 2284 ne
650 2224 723 2302 quis
740 2227 814 2301 post
825 2225 951 2286 ordinis
965 2226 1065 2287 vestri

274 2319 512 2396 professionem
522 2321 593 2381 sine
602 2320 724 2398 prioris
738 2323 789 2382 sui
805 2321 953 2383 discedat
968 2323 1067 2383 licen-

272 2416 332 2486 tia,
367 2418 400 2477 et
432 2417 655 2479 discedentem
685 2418 809 2495 absque
844 2420 1065 2480 communium

273 2513 459 2574 litterarum
483 2516 670 2576 vestrarum
692 2516 847 2577 cautione
873 2517 984 2577 nullus
1003 2533 1065 2578 au-

275 2609 352 2670 deat
365 2611 522 2671 retinere.
540 2611 632 2671 Nulli
643 2627 733 2687 ergo,
744 2613 806 2674 etc.

314 2697 431 2767 Datum
460 2709 626 2780 Laterani,
645 2709 675 2769 Χ
705 2708 864 2770 kalendas
889 2707 1064 2784 februarii,

1127 444 1246 522 quibus
1268 447 1394 508 temere
1416 446 1606 520 molestari;
1623 443 1855 514 molestatores,
1873 445 1898 504 si

1126 543 1182 617 qui
1195 543 1330 614 fuerint,
1344 543 1526 613 monitione
1538 543 1787 620 premissaper
1797 557 1897 602 ceusu·

1125 641 1476 712 ramecclesiesticam,
1489 640 1713 717 appellatione
1721 639 1896 716 postposita,

1126 737 1253 800 ratione
1267 739 1391 812 praevia
1406 739 1664 814 compescentes.
1679 737 1795 798 Datum
1812 739 1897 797 Late·

1125 833 1209 904 rani,
1224 836 1268 894 IX
1290 833 1357 896 kal.
1381 833 1551 906 februarii,
1573 831 1784 910 pontificatus
1808 835 1897 895 noshi

1124 945 1212 992 anno
1228 931 1353 1006 quinto.

1163 1040 1206 1096 Iu
1218 1039 1374 1097 eumdem
1389 1040 1529 1098 modum
1543 1036 1702 1114 scriptum
1718 1037 1769 1098 est
1779 1036 1818 1098 ad
1831 1039 1900 1098 Bar·

1124 1131 1336 1195 tholomaeum
1347 1133 1487 1196 electum
1498 1135 1612 1196 eodem
1628 1134 1693 1196 die.

1429 1337 1615 1426 ccxxvi

1124 1469 1175 1528 Ad
1189 1469 1370 1543 Hisponem
1389 1471 1638 1545 hipponensem
1664 1469 1698 1530 et
1719 1473 1901 1531 Geraestum

1380 1567 1663 1628 Valentinertsem.

1416 1687 1520 1760 tojam
1540 1689 1618 1746 l‘ltl.

1283 1800 1377 1865 [Gallia
1389 1801 1543 1859 Christiana,
1556 1803 1598 1858 lV,
1611 1803 1672 1852 inst.
1683 1803 1753 1870 203]

1122 1906 1236 1966 blaudat
1248 1909 1291 1966 eis
1305 1916 1335 1964 ut
1349 1907 1384 1964 de
1401 1907 1458 1966 vita
1469 1915 1498 1966 et
1510 1909 1654 1967 miraculis
1670 1909 1795 1978 Roberti,
1805 1911 1849 1984 qui
1859 1909 1902 1968 fuit

1156 1997 1265 2069 primus
1291 1995 1379 2055 abhas
1411 2005 1570 2056 conventus
1601 1999 1803 2067 Molismensis,
1823 1998 1900 2056 infor·
1969 2049 1970 2052 ,

1157 2097 1244 2144 ment.

1161 2193 1521 2271 Honoriusepiscopus,
1537 2196 1899 2264 servasservorumbei,
1969 2235 1970 2266 1

1121 2290 1368 2352 venerabilibus
1390 2290 1546 2353 fratribus
1571 2291 1778 2368 Lingonensi
1798 2293 1901 2353 etva-

1123 2387 1311 2458 lentlnensi,
1326 2387 1579 2450 Matisconensis
1591 2388 1759 2461 dioecesis,
1773 2390 1900 2451 salutern
1969 2405 1970 2484 q

1121 2486 1154 2546 et
1168 2485 1383 2560 apostolicam
1398 2485 1674 2548 benedictionem.
1969 2497 1970 2578 ζ

1161 2583 1333 2644 Gloriosus
1352 2585 1438 2644 Deus
1458 2583 1493 2643 in
1520 2584 1650 2645 Sanctis
1671 2585 1755 2655 suis,
1777 2599 1901 2661 quorum
1969 2579 1970 2638 l

1121 2680 1249 2740 animas
1266 2682 1336 2756 jam
1358 2679 1558 2754 glorificavit
1583 2680 1619 2741 in
1638 2681 1733 2742 coelis
1761 2696 1902 2742 nonnun-

1121 2792 1219 2853 quam
1235 2791 1375 2853 corpora
1391 2777 1534 2838 honorat
1559 2778 1719 2850 interris,
1737 2777 1857 2840 faciens
1868 2793 1901 2838 ea
1969 2799 1970 2842 i

1121 2873 1216 2948 quiesi
1240 2872 1471 2948 participantia
1487 2888 1639 2949 supernae
1661 2873 1781 2949 gloriae
1794 2873 1900 2934 diriuis

1120 2969 1291 3029 miraculis
1304 2984 1491 3041 coruscare,
1511 2971 1639 3047 quihus,
1654 2972 1813 3047 tanquam
1825 2970 1902 3030 veri·
1969 2961 1970 3036 l

1121 3066 1901 3141 dicislinguis,sanctinotamfaciantfiliishomi·
1969 3093 1970 3130 t

1121 3179 1198 3222 num
1208 3163 1900 3241 Deipotentiam,etgloriammaguillceutia
1969 3165 1970 3178 ³

1069 3275 1071 3280 ·
1120 3259 1214 3334 regni
1241 3263 1327 3336 ejus,
1354 3262 1387 3321 et
1421 3277 1481 3322 nos
1514 3260 1555 3322 ed
1584 3263 1833 3324 venerationem
1860 3261 1900 3322 eis

568 3343 674 3416 241³st
693 3345 770 3402 ¹²2¹·
1120 3356 1263 3416 debitam
1291 3356 1522 3427 exhihendam,
1547 3373 1728 3434 eorumque
1754 3357 1899 3432 suffragia
1969 3359 1970 3408 l

409 3447 607 3512 [uouermpte.
619 3449 863 3512 permutatam,
873 3450 926 3515 ³l·]
1120 3452 1326 3529 imploranda
1346 3451 1463 3516 merito
1478 3455 1667 3516 incitemur.
1682 3456 1778 3516 Unde
1790 3455 1901 3532 gaude·

272 3556 315 3612 Ex
338 3556 452 3613 testium
484 3555 709 3628 depositionibus
741 3557 884 3614 invenitur
915 3557 1062 3616 Bartholo·
1120 3566 1192 3610 mus
1207 3550 1450 3622 intromiscet
1464 3551 1583 3628 issfljlts
1598 3543 1754 3614 laudiblts
1769 3552 1900 3614 delecta·
1969 3551 1970 3644 J

308 3645 511 3701 meuselectus
521 3645 834 3716 Quinqueecclesieusis
843 3647 994 3718 episeopus
1004 3646 1061 3704 suf·
1119 3661 1203 3718 mur,
1218 3648 1302 3724 quod
1314 3648 1400 3708 sicut
1414 3647 1526 3710 dilecti
1540 3649 1601 3710 filii
1614 3650 1768 3710 universi
1775 3649 1898 3710 abbates
1969 3647 1970 3650 ’

306 3732 429 3790 detentis
457 3731 545 3790 Γῦῑῦθθ
572 3733 664 3791 &talis
691 3735 1065 3807 temperamentumque
1119 3745 1349 3805 cisterciensis
1378 3744 1505 3805 ordinis
1533 3745 1568 3805 in
1592 3747 1745 3820 generali
1768 3745 1899 3822 capitulo
1969 3767 1970 3810 1

307 3821 472 3893 lmindssde
487 3821 541 3879 ¹¹⁰⁰
560 3821 690 3880 ³¹³⁸⁰¹li¹·
1119 3841 1321 3917 congregati,
1362 3856 1423 3902 uec
1452 3857 1518 3903 nou
1537 3841 1640 3903 abbas
1668 3844 1701 3905 et
1731 3843 1899 3905 conventus
1969 3869 1970 3920 q

313 3939 479 3998 Honorius
489 3939 981 4016 episcopus,servusservorum
991 3941 1061 4012 Dei,
1119 3938 1342 4000 Molismensis
1370 3939 1440 3999 suis
1464 3939 1559 4000 nobis
1580 3940 1700 4001 litteris
1715 3939 1899 4004 intimarunt
1969 3939 1970 4024 ξ

272 4035 519 4096 uenerabilibus
549 4036 706 4097 fratribus
733 4038 971 4113 vesprimiensi
992 4042 1061 4100 et...
1119 4034 1225 4096 felicis
1252 4035 1492 4096 recordationis
1518 4035 1692 4108 uouemus,
1708 4037 1767 4114 qui
1787 4038 1898 4114 primm
1969 4049 1970 4130 q

270 4131 425 4207 Agriansi
441 4131 616 4208 episcopis,
629 4133 769 4194 salutem
794 4135 827 4194 et
847 4135 1063 4212 apostolicam
1119 4132 1341 4194 Molismensis
1359 4133 1552 4194 monasterii
1565 4133 1754 4206 fuitabbas,
1767 4135 1899 4212 primus·

272 4229 545 4291 benedictionem.
1118 4229 1896 4306 quefecitGisterciensisordinisfundamentum‚
1969 4221 1970 4288 ὲ

218 4360 223 4378 .
313 4327 581 4403 Depositionibus
597 4327 729 4388 testium
743 4329 950 4404 receptorum
962 4345 1063 4407 super
1118 4325 1203 4402 quod
1232 4325 1344 4386 divina
1367 4326 1476 4402 gratia
1495 4326 1637 4389 faciente
1657 4329 1898 4390 crevitiutem-
1969 4401 1970 4414 ἵ

271 4437 323 4494 eo,
341 4423 426 4500 quod
441 4423 641 4485 venerahilis
656 4424 760 4486 frater
773 4425 886 4486 noster
900 4427 1063 4505 Quinque-
1117 4423 1206 4499 plum
1220 4423 1368 4484 sanctum
1382 4424 1417 4484 in
1433 4424 1582 4496 Domino,
1604 4425 1765 4502 religiose
1780 4427 1894 4493 vivens,
1969 4447 1970 4486 i

272 4519 485 4582 ecclesiensis
498 4522 672 4598 episcopus
687 4521 859 4582 dicebatur
872 4524 979 4584 aetatis
993 4541 1063 4586 sus·
1116 4523 1209 4582 tauta
1220 4520 1311 4582 fulsit
1321 4521 1641 4595 gratiameritorum,
1653 4523 1742 4602 quod
1753 4521 1896 4584 Dominus

266 4618 377 4680 tinere
392 4617 563 4692 defectum,
581 4619 713 4697 quando
736 4618 798 4680 fuit
815 4618 851 4679 in
871 4619 1060 4696 episcopum
1116 4619 1194 4680 tunc
1216 4619 1319 4679 multa
1348 4619 1381 4679 et
1409 4633 1529 4693 magna
1556 4633 1616 4696 per
1643 4632 1720 4681 eum
1750 4617 1896 4681 miracula
1969 4701 1970 4706 ἵ

269 4713 421 4776 ecclesis
443 4714 805 4792 Quinqueecclesiensis
829 4717 965 4790 electus,
982 4718 1061 4779 dili·
1116 4716 1283 4791 operatus,
1299 4714 1409 4776 adhuc
1435 4717 1509 4792 post
1521 4718 1594 4792 ejus
1620 4716 1753 4778 felicem
1774 4717 1894 4782 obitum,
1969 4781 1970 4796 ,

268 4815 387 4889 genter
421 4813 578 4888 inspectis
600 4834 608 4874 ε
629 4814 706 4891 quia
744 4813 934 4876 invenimus
968 4815 1061 4875 suffl-
1111 4813 1156 4873 ad
1170 4812 1381 4888 sepulchrum
1394 4812 1510 4888 ipsius,
1522 4811 1562 4873 ad
1576 4813 1801 4875 ostensionem
1816 4825 1895 4873 sano
1969 4831 1970 4854 ἢ

268 4911 396 4972 cientes
418 4909 602 4986 probatum,
631 4912 724 4972 illum
757 4913 863 4989 ipsius
889 4913 1060 4974 electionis
1115 4911 1220 4971 titatis
1231 4910 1376 4985 ejusdem
1393 4909 1549 4984 dignatur
1569 4911 1703 4986 operari
1717 4913 1851 4987 majora,
1867 4909 1896 4966 ut
1969 4975 1970 4984 ἵ

265 5015 415 5085 tempore
439 5006 542 5067 fuisse
571 5007 765 5071 sufficientis
793 5011 922 5082 eustatie,
952 5009 1059 5086 ipsum
1116 5023 1212 5083 quem
1227 5006 1333 5066 virtus
1347 5021 1474 5067 morum
1489 5007 1677 5068 honestavit
1687 5008 1722 5068 in
1736 5007 1895 5076 aiamim·

267 5121 369 5182 super
382 5105 445 5166 hoc
471 5105 511 5165 de
538 5105 676 5166 fratrum
705 5109 894 5167 nostrorum
920 5108 1060 5168 consilio
1116 5104 1384 5164 culorumvirtus
1397 5102 1493 5164 uobis
1509 5103 1657 5166 insinuet
1673 5104 1705 5164 in
1724 5105 1830 5182 patria
1844 5102 1895 5162 ho-
1969 5147 1970 5154 .

266 5203 423 5264 duximus
435 5203 842 5280 absolvendum;ideoque
860 5203 1060 5267 fraternitati
1115 5202 1240 5262 norari.
1279 5203 1388 5272 Quare
1420 5201 1519 5260 iidem
1553 5201 1648 5262 nobis
1679 5199 1894 5279 supplicarunt

263 5302 388 5361 uestrae
415 5315 474 5377 per
499 5299 689 5376 apostolica
711 5300 832 5376 scripta
851 5301 1057 5372 mandamus,
1115 5299 1289 5369 instanter,
1305 5299 1340 5360 ut
1355 5313 1429 5359 cum
1451 5299 1525 5358 luce
1540 5298 1664 5358 clarius
1678 5302 1790 5375 pateat
1800 5298 1893 5374 ipsum

265 5399 426 5474 quatenus
442 5397 527 5468 illos,
544 5397 663 5474 quihus
683 5397 893 5474 episcopatus
910 5399 963 5459 sui
979 5415 1059 5460 cura
1114 5396 1281 5457 inordina
1303 5395 1529 5457 confessorum
1552 5409 1694 5470 regnare
1712 5397 1748 5456 iu
1763 5393 1892 5456 ecclesia

264 5494 415 5556 noscitur
437 5510 512 5556 esse
538 5494 727 5565 commissa,
764 5509 830 5554 non
860 5497 1060 5571 permittatis
1115 5492 1894 5570 triumphanti,euminmilitantiecclesiasano·
1969 5577 1970 5580 Ἴ

266 5607 366 5667 super
385 5591 533 5670 ejusdem
557 5592 768 5668 episcopatus
784 5592 924 5669 justitiis
938 5593 980 5653 ab
994 5593 1059 5654 ali·
1115 5595 1223 5654 torum
1237 5589 1387 5664 catalogo
1413 5589 1601 5650 adscribere
1616 5590 1818 5652 deberemus.
1833 5589 1891 5647 Vs-
1969 5647 1970 5658 ,

274 2803 486 2880 pontificatus
501 2819 590 2866 auno
608 2805 734 2882 quinto.

590 2992 755 3080 dcxxv

274 3126 326 3184 Ad
345 3125 531 3185 liebertum
552 3128 839 3198 Vesprtmt'eusem
854 3127 888 3187 et
904 3130 1065 3190 Thermum

465 3225 671 3296 reomensem
688 3226 871 3298 eptseopos.
