4066 6290
139 303 198 365 841

138 460 211 534 Dei,
220 459 404 524 venerabili
420 460 514 522 tratri
528 461 563 521 c.
575 460 729 538 episcopo
742 460 928 532 portuensi,

137 558 338 635 Apostolicaa
353 557 446 619 Sedis
460 557 580 632 legato,
598 557 738 618 salutem
754 557 786 618 61
798 558 932 634 aposto-

138 656 240 716 licam
260 652 535 716 benedictionem.
561 654 641 714 Cum
664 652 699 713 in
723 655 812 714 terra
834 654 930 728 lega-

137 753 243 815 tionis
255 753 320 813 tuae
333 751 428 812 multi
439 751 506 813 sint
517 750 588 812 6616
600 750 735 812 666166
747 750 930 825 regulares,

138 865 200 928 per
232 864 371 926 quorum
405 847 666 925 perversitatem,
701 846 862 916 ecclesiae,
897 847 932 906 in

139 946 260 1024 quibus
282 945 477 1017 consistunt,
502 943 571 1006 sere
590 945 625 1004 16
652 944 881 1021 spiritualibus
901 946 933 1007 et

137 1043 377 1120 temporalibus
397 1043 463 1103 sint
484 1041 651 1118 collapsae,
672 1041 858 1102 collocandi
875 1056 932 1102 eos

137 1142 175 1203 in
190 1141 268 1201 aliis
282 1140 365 1202 locis
385 1139 425 1200 66
446 1138 675 1215 poenitentiam
696 1138 930 1215 peragendam,

137 1253 180 1300 ac
195 1235 371 1299 ordinandi
387 1236 519 1297 easdem
538 1235 698 1297 ecclesias
718 1235 759 1296 de
781 1235 932 1312 personis

137 1333 362 1410 regularibus
389 1348 449 1394 seu
471 1333 571 1396 etiam
593 1331 811 1404 secularibus,
837 1332 933 1409 prout

137 1430 289 1508 pensatis
305 1431 453 1490 locorum
468 1429 501 1490 61
514 1430 698 1505 temporum
714 1428 934 1489 circumstan-

137 1528 197 1590 tiis
220 1527 345 1589 videris
368 1525 536 1602 expedire,
566 1524 705 1586 liberam
729 1513 790 1587 tibi
814 1539 934 1586 conce-

138 1625 250 1686 dimus
269 1624 466 1702 auctoritate
492 1623 705 1699 praesentium
726 1623 930 1698 potestatem.

137 1723 260 1784 Datum
278 1719 429 1792 Viterhii,
454 1720 563 1782 idibus
584 1720 779 1793 decembris,
800 1720 934 1796 pontili-

138 1821 236 1882 catus
248 1817 354 1880 nostri
369 1833 458 1879 anno
472 1819 596 1895 quinto.
614 1835 632 1878 a

180 1915 230 1977 Ad
255 1915 408 1976 decorem
433 1915 535 1989 igitur
567 1914 682 1974 domus
709 1912 839 1974 1166161
868 1929 932 1976 vo-

138 2011 247 2074 lentes
269 2011 480 2088 promodulo
504 2009 617 2072 nostro
640 2009 819 2086 plantanda
838 2009 935 2086 plan-

137 2111 226 2181 tare,
245 2111 277 2170 et
296 2107 477 2168 secundum
492 2107 687 2184 potestatem
706 2107 933 2184 praescriptam

139 2203 339 2282 extirpanda
359 2203 543 2280 extirpare3
567 2204 772 2266 attendentes
796 2219 932 2264 monas-

137 2304 262 2366 terium
274 2301 385 2362 Sancti
397 2301 545 2362 Gervasii
557 2301 596 2362 de
607 2300 933 2372 Fossa,Arelatensis

138 2396 933 2474 dioecesis,obculpamabbatis,etm0nachorum

138 2496 307 2575 quondam
328 2495 407 2557 dicti
431 2493 623 2555 monasterii
646 2494 692 2555 tta
706 2509 788 2554 esse
809 2493 935 2570 collap-

138 2611 226 2665 sum,
249 2593 334 2670 quod
354 2593 412 2654 vix
429 2591 564 2668 adjiciet
581 2593 617 2653 ut
636 2592 803 2668 resurgat,
820 2592 934 2653 consi-

138 2689 830 2766 666661666116661113661666666616661
847 2705 936 2749 nun-

138 2805 242 2867 quam
269 2803 328 2865 per
353 2787 443 2847 viros
472 2787 562 2846 illius
590 2785 808 2862 professionis
832 2787 935 2862 possit

138 2887 265 2947 dictum
278 2884 515 2946 monasterium
529 2883 690 2960 reparari,
706 2883 848 2959 denique
861 2899 935 2944 666

138 2997 202 3062 per
216 2985 344 3060 lapsum
355 2983 502 3058 ipsorum
519 2981 662 3042 civitam
679 2979 934 3040 abominabilem

139 3078 211 3138 6161
232 3078 353 3154 populo
373 3077 408 3136 in
430 3075 586 3147 derisum,
603 3076 636 3135 et
656 3074 697 3134 ab
713 3074 837 3134 616666
852 3089 935 3134 con-

138 3174 342 3251 temptibiles
370 3172 545 3243 habentur,
575 3171 719 3233 exclusis
744 3171 874 3247 penitus
904 3171 936 3232 et

138 3275 302 3350 perpetuo
316 3270 433 3332 abbate
449 3271 481 3331 et
493 3269 664 3330 monachis
679 3268 843 3345 quondam
857 3267 936 3328 dicti

139 3368 347 3440 monasterii,
365 3367 443 3444 etin
457 3367 532 3427 aliis
548 3366 630 3426 locis
646 3365 687 3425 ad
707 3365 936 3442 poenitentiam

139 3466 364 3544 peragendam
389 3463 601 3532 collocandis,
637 3463 693 3539 qui
725 3461 877 3532 abbatiae,
897 3464 937 3524 61

139 3561 366 3632 monachatui,
386 3562 418 3621 et
428 3561 509 3638 juri,
526 3559 612 3636 quod
632 3558 797 3620 habebant
811 3559 846 3618 in
862 3575 936 3619 mo-

138 3661 290 3726 nasterio
318 3659 436 3720 timore
472 3657 703 3734 probationum
734 3655 875 3724 inducti,
904 3659 937 3716 et

138 3757 351 3835 propriorum
374 3754 548 3816 criminum
574 3753 698 3814 conscii
719 3753 937 3814 renuntiare-

139 3849 935 3924 runtinmanibusvenerabilisiratrisHugonis,

142 3950 347 4014 Arelatensis
369 3947 625 4024 archiepiscopi;
652 3947 776 4007 dictum
798 3963 936 4006 66666-

140 4049 263 4112 terium
279 4047 318 4108 ad
335 4045 529 4122 religionem
549 4043 783 4106 canonicorum
799 4043 936 4119 regula-

141 4147 231 4208 rium
246 4144 401 4206 duuimus
420 4142 655 4214 reducendum,
672 4157 745 4202 cum
769 4156 827 4217 per
848 4141 957 4216 ipsos*

145 4243 266 4304 melius
281 4244 314 4303 et
334 4241 466 4302 facilius
485 4239 526 4300 ad
547 4241 666 4300 statum
682 4239 857 4314 pristinum
873 4253 936 4299 va-

145 4340 214 4401 leat
228 4337 388 4414 reparari.
405 4337 592 4398 statuentes
605 4336 690 4411 quod
705 4335 826 4395 ibidem
841 4334 940 4394 insti-

140 4438 280 4499 tuantur
288 4435 428 4512 quatuor
437 4432 599 4502 canonici,
608 4432 686 4492 licet
699 4448 795 4502 6666,
805 4433 939 4508 propter

142 4533 357 4596 insolentiam
382 4529 522 4601 abbatis
548 4531 581 4592 ct
602 4529 838 4590 6666666666
860 4527 935 4588 dict'

142 4629 351 4700 monasterii,
363 4627 527 4705 quondam
541 4627 598 4688 vix
611 4626 674 4686 duo
690 4625 844 4686 monachi
855 4641 937 4701 pos-

142 4729 219 4790 sent
241 4727 275 4787 16
298 4726 413 4787 66666
429 4723 630 4784 monasterio
651 4723 861 4791 commorari,
883 4721 938 4798 qui

33 4889 36 4893 .
143 4826 247 4888 etiam
261 4823 320 4884 Dei
335 4822 455 4884 timore
470 4836 607 4896 prorsus
623 4818 751 4894 abjecto
771 4834 838 4888 non
855 4821 940 4880 1666-

144 4937 245 5000 quam
258 4921 293 4980 in
309 4917 520 4986 monasterio,
535 4916 593 4976 sed
606 4916 697 4976 velut
709 4914 743 4974 16
755 4915 938 4990 prostibulo

143 5016 330 5080 residentes
351 5015 391 5075 de
411 5014 558 5090 ipsorum
581 5011 832 5074 couversatione
853 5011 939 5072 reli-

144 5115 238 5192 gioni
251 5129 317 5174 uon
334 5111 463 5173 modica
478 5109 652 5172 eveniebat
664 5109 834 5180 66166116,
857 5114 889 5169 61
905 5107 940 5168 16

146 5211 268 5291 populo
310 5223 414 5285 grave
453 5207 624 5268 oriebatur
664 5205 869 5276 scandalum,
908 5206 941 5266 61

146 5323 293 5374 enorme..
331 5306 488 5368 creantes
521 5303 738 5364 nihilominus
767 5303 940 5363 archidia-

148 5423 268 5469 conum
283 5405 318 5465 in
333 5403 474 5464 ecclesia
486 5399 684 5470 Arelatensi,
696 5401 753 5476 qui
769 5401 938 5476 perpetuo,

148 5503 247 5566 dictis
270 5499 442 5562 canonicis
465 5498 574 5558 eidem
602 5496 838 5558 archidiacono
863 5494 942 5556 sub-

149 5601 227 5662 ditis
240 5601 273 5662 et
286 5595 508 5659 obedientiam
521 5592 786 5672 promittentibus
799 5608 941 5670 pracesse

767 302 997 366 EPISTOLAE.
1020 303 1098 362 L1B.
1122 303 1160 362 V.

1719 305 1780 366 842

985 457 1104 522 debeat
1118 460 1152 522 et
1164 457 1333 536 prodesse.
1358 458 1404 520 Ad
1424 459 1649 537 provisionem
1669 461 1780 524 autem

986 555 1224 628 archidiaconi,
1247 557 1280 617 61
1296 556 1459 617 dictorum
1479 559 1620 634 quatuor
1635 558 1779 620 canoni·
1875 544 1878 552 ’

986 669 1100 714 corum
1132 653 1341 727 assignamus
1365 654 1519 730 quicquid
1540 655 1627 731 juris
1656 655 1779 719 dictum

986 749 1222 812 monasterium
1243 749 1397 822 hahebat,
1425 751 1478 812 vel
1498 751 1621 812 habere
1642 751 1781 814 debehat

987 847 1021 907 16
1034 847 1103 908 1616
1115 846 1249 908 dioecesi
1265 847 1462 920 Arelatensi,
1481 849 1618 925 excepta
1634 849 1776 910 ecclesia

988 945 1117 1006 Sanctae
1136 944 1268 1004 ceciliae
1283 945 1346 1006 sita
1364 947 1461 1021 juxta
1477 947 1622 1006 castrum
1645 962 1778 1018 novum,

987 1058 1084 1118 quam
1104 1039 1225 1120 [tortae
1245 1041 1385 1120 manate]
1403 1043 1637 1104 canonicorum
1658 1042 1779 1104 Arela-

987 1138 1313 1215 tensium.perpetuo
1337 1139 1543 1214 deputamus.
1566 1143 1613 1201 be
1637 1139 1780 1200 residuis

986 1251 1065 1297 vero
1084 1234 1179 1297 bouis
1194 1235 1300 1312 ipsius
1318 1236 1522 1308 monasterii,
1539 1237 1780 1308 monasterium

987 1332 1181 1393 monialium
1215 1333 1443 1396 cisterciensis
1467 1333 1593 1393 ordinis
1624 1333 1780 1394 duximus

987 1429 1254 1492 construendum.
1276 1432 1362 1490 Sane
1382 1446 1456 1491 cum
1475 1445 1535 1506 per
1553 1429 1728 1505 privilegia
1748 1431 1781 1492 et

986 1526 1209 1600 indulgentias
1229 1529 1453 1588 Romanorum
1468 1527 1663 1588 Pontidcum
1684 1527 1780 1588 nobis

987 1623 1173 1686 constiterit
1191 1623 1372 1695 evidenter,
1389 1624 1475 1701 quod
1494 1624 1616 1685 dicium
1639 1639 1777 1684 monas-

986 1721 1107 1782 terium
1121 1721 1161 1782 66
1176 1719 1271 1782 bouis
1286 1721 1484 1798 episcopalis
1501 1737 1623 1782 mensae
1643 1721 1685 1781 sit
1699 1721 1779 1780 sun-

988 1817 1111 1888 datum,
1143 1819 1175 1877 et
1200 1815 1240 1876 ad
1271 1818 1379 1892 ipsum
1408 1817 1694 1892 archiepiscopum
1722 1819 1780 1892 Jus

988 1915 1151 1990 pertineat
1170 1915 1377 1989 patronatus,
1400 1914 1490 1974 urhis
1510 1913 1643 1988 Hugoui
1660 1914 1781 1974 Arela-

987 2011 1074 2072 tensi
1097 2011 1359 2087 archiepiscopo,
1378 2013 1410 2070 et
1433 2025 1493 2086 per
1520 2025 1579 2070 vos
1602 2010 1724 2070 vestris
1745 2010 1781 2070 iu

963 2151 964 2156 ,
990 2109 1181 2183 perpetuum
1198 2106 1447 2168 successoribus
1462 2107 1683 2179 concedimus,
1705 2108 1741 2168 ut
1760 2122 1781 2167 6

989 2205 1081 2266 vobis
1097 2205 1212 2276 libere,
1234 2206 1265 2266 et
1279 2204 1403 2281 absque
1418 2204 1680 2264 contradictione
1695 2219 1780 2282 qua-

989 2301 1078 2372 libet,
1100 2301 1369 2372 archidiaconus,
1382 2301 1414 2364 et
1432 2301 1509 2362 dicti
1525 2302 1783 2386 6616666666-

989 2399 1057 2460 6161
1074 2399 1246 2474 regulares
1269 2399 1485 2460 instituantur
1503 2397 1636 2458 ibidem.
1656 2398 1780 2458 Archi-

989 2496 1147 2558 diaconus
1161 2511 1241 2558 vero
1256 2496 1350 2557 vobis
1372 2496 1541 2572 promittat
1560 2494 1782 2556 obedientiam
1855 2501 1857 2506 ⁴

989 2594 1188 2665 manualem,
1210 2596 1244 2656 et
1268 2594 1435 2670 tamquam
1463 2591 1560 2668 patri,
1588 2592 1782 2656 6111616166

988 2693 1141 2753 teneatur
1157 2693 1193 2752 in
1208 2690 1371 2757 omuibus,
1388 2690 1420 2751 et
1435 2705 1494 2766 per
1508 2689 1619 2751 omniu
1636 2688 1779 2750 obedire.

989 2787 1036 2849 Ad
1052 2788 1114 2848 hoc
1130 2787 1281 2848 volumus
1294 2789 1327 2847 et
1340 2785 1546 2856 mandamus,
1562 2786 1598 2846 ut
1612 2785 1784 2861 66616611-

989 2883 1147 2945 tutionem
1162 2882 1451 2944 archidiaconatus
1469 2897 1567 2958 quam
1585 2880 1618 2942 in
1640 2881 1782 2942 ecclesia

989 2979 1175 3042 Arelatensi
1188 2979 1327 3040 fecimus
1341 2979 1469 3040 nullum
1481 2979 1539 3040 ilat
1552 2977 1783 3054 praeiudicium

990 3078 1065 3138 aliis
1079 3077 1295 3152 dignitatibus
1305 3092 1362 3138 seu
1377 3055 1607 3152 personatibus
1620 3076 1654 3136 in
1667 3075 1783 3138 66666

990 3174 1131 3236 66616616
1157 3175 1336 3235 666666116.
1369 3175 1486 3234 Datum
1519 3173 1668 3245 Biterris,
1694 3188 1782 3234 anno

990 3272 1170 3332 Dominicae
1195 3271 1438 3332 incarnationis
1460 3270 1636 3331 millesimo
1658 3270 1784 3330 duceu-

992 3369 1108 3432 tesimo
1123 3369 1294 3444 vigesima,
1307 3370 1380 3428 XIV
1393 3367 1552 3428 kalendas
1568 3367 1690 3428 martii.

1031 3466 1122 3527 Nulli
1134 3481 1225 3542 ergo,
1238 3468 1313 3535 etc„
1327 3466 1448 3526 nostrae
1462 3463 1722 3526 confirmationis
1735 3464 1784 3524 in·

993 3563 1148 3638 integere.
1166 3565 1284 3624 Datum
1299 3563 1466 3634 Laterani,
1484 3563 1599 3624 octavo
1613 3561 1686 3623 idus
1694 3561 1783 3638 junii

993 3660 1218 3738 annoquiuto.

1283 3883 1496 3971 dcccxli

1013 4035 1496 4099 6666661666616666661666
1510 4035 1628 4096 Sarcctt
1646 4036 1766 4096 Pontii

1190 4135 1323 4193 ordtrcts
1338 4132 1585 4193 cisterciensis.

1288 4253 1304 4310 7
1317 4252 1389 4326 junii
1406 4253 1484 4310 raet.

1139 4356 1232 4434 [Gallie
1242 4367 1393 4426 Cirristiane,
1409 4367 1428 4425 1,
1442 4367 1559 4416 instrum.
1574 4365 1640 4430 lah]

994 4486 1133 4545 Fundatio
1148 4484 1337 4544 Parthenonis
1351 4484 1447 4542 Sancti
1463 4483 1537 4540 Petri
1555 4481 1784 4542 6661666666.

1033 4619 1200 4680 Honorius
1210 4617 1395 4694 episcopua,
1409 4631 1524 4677 servus
1534 4617 1785 4690 servorumDei,

994 4718 1123 4778 dilectis
1145 4717 1179 4775 16
1202 4713 1332 4776 Christo
1356 4712 1532 4774 abbatissae
1554 4715 1587 4775 61
1610 4715 1787 4776 conventui

995 4815 1107 4876 Sancti
1124 4812 1233 4874 Ponti-i
1246 4811 1475 4872 cisterciensis
1490 4811 1628 4884 ordinis,
1644 4811 1785 4874 salutem

994 4912 1026 4973 61
1040 4910 1255 4987 apostolicam
1268 4907 1544 4968 benedictionem.

1032 5011 1078 5068 Ea
1091 5023 1164 5084 quae
1180 5020 1238 5082 per
1254 4993 1381 5082 legatos
1394 5005 1488 5066 Sedis
1504 5002 1702 5080 Apostolicaa
1716 5020 1788 5081 pro·

993 5105 1070 5172 vide
1089 5103 1296 5174 ordinantur,
1320 5103 1394 5173 etc,
1412 5102 1496 5163 utin
1511 5101 1651 5177 epistola
1668 5117 1791 5178 praeca·

995 5201 1085 5264 denti
1109 5215 1215 5274 usquc
1239 5200 1280 5260 ad
1302 5198 1531 5275 poenitentiam
1554 5197 1788 5274 peragendam,

996 5297 1210 5367 collocandis,
1230 5297 1266 5356 16
1282 5295 1424 5357 ecclesia
1438 5293 1551 5356 Sancti
1566 5295 1656 5356 Petri
1676 5295 1716 5356 de
1731 5296 1792 5356 Al-

996 5410 1151 5458 666666
1166 5393 1361 5454 Tolonensis
1377 5391 1529 5453 dioecesis
1551 5393 1790 5454 monasterium

996 5465 1190 5554 martialium
1220 5489 1450 5552 cisterciensis
1474 5489 1601 5549 ordinis
1633 5488 1790 5552 duximus

996 5587 1264 5659 construendum,
1281 5585 1366 5664 quod
1383 5585 1620 5648 monasterium
1635 5585 1792 5648 volumus
