3978 6292
256 279 313 344 am
867 279 1043 340 nononn
1065 279 1109 339 111
1131 281 1279 344 ornan.
1837 291 1892 350 392

257 425 439 515 praemissis
460 438 602 502 emilite
625 439 794 502 nominato
809 453 922 502 coram
934 439 1050 501 eodem
1105 439 1233 514 fixisse,
1269 459 1343 504 cum
1380 444 1420 504 ad
1454 443 1717 524 prosequendum
1746 447 1892 509 eamdem

257 535 421 598 cardinali
434 537 616 599 conventus
629 536 739 610 tuerit,
756 538 917 615 quodnon
932 536 1050 598 nisiad
1104 536 1323 601 sufficientem
1354 543 1600 618 procuratorem
1629 557 1694 604 non
1726 544 1892 616 miserint,

184 656 188 666 1
257 632 499 709 impetrandum
509 636 541 696 et
551 635 842 698 contradicendum
855 636 1051 712 procurator
1105 638 1287 698 memorato
1302 639 1407 700 milite
1419 639 1526 715 ipsam
1548 641 1768 716 personaliter
1781 655 1895 718 prose·

258 728 367 794 ruerat
387 731 567 804 institutus,
580 731 665 794 sictut
686 748 728 794 ex
747 732 867 794 litteris
887 731 1049 792 dictorum
1104 734 1236 810 quante,
1266 735 1355 811 ipsos
1376 736 1416 796 ad
1441 737 1665 799 restituendas
1688 753 1852 814 expensas
1874 753 1894 798 a

258 827 386 888 abbatis
417 832 451 891 et
474 830 654 892 conventus
685 829 833 891 constitit
866 829 1048 900 evidenter,
1102 833 1251 908 tempore
1272 832 1507 910 appellationis
1535 833 1639 897 iactas
1666 835 1774 896 eidem
1800 835 1893 898 militi

257 926 456 1003 supplicavit
475 925 646 990 humiliter
660 927 747 988 idem
768 927 875 1000 miles,
888 925 1048 988 utcontra
1103 927 1372 999 condemnantes,
1390 931 1582 1009 eodemque,
1596 933 1682 994 sicut
1687 933 1816 1009 justum
1830 931 1895 993 lue-

256 1023 346 1099 ipsos
360 1025 516 1101 tanquam
531 1024 744 1086 contumaces
758 1024 937 1101 procedere
949 1022 1050 1084 debe·
1103 1024 1158 1098 rit,
1175 1027 1328 1102 primitus
1350 1029 1515 1101 restituto,
1537 1029 1682 1090 audiatis
1700 1043 1849 1101 causam,
1864 1032 1894 1091 et

257 1135 379 1192 remus,
403 1136 443 1182 ac
465 1121 547 1184 dure
569 1122 736 1200 aliquibus
750 1123 785 1182 in
800 1121 975 1192 mandatis,
993 1120 1049 1197 qui
1104 1123 1327 1200 appellatione
1341 1130 1480 1198 remota,
1498 1126 1564 1186 line
1576 1126 1686 1188 debito
1697 1125 1891 1198 terminetis,

257 1217 389 1278 eosdem
404 1234 464 1295 pro
486 1233 525 1280 eo
539 1218 637 1296 quod,
654 1219 695 1280 ad
709 1218 970 1296 prosequendam
985 1231 1049 1294 ep·
1103 1219 1274 1293 iacientes,
1298 1224 1385 1298 quod
1408 1223 1634 1296 decreveritis,
1657 1223 1894 1284 inviolabiliter

258 1315 471 1391 pellationem
489 1317 657 1387 emissam,
676 1317 923 1393 procuratorem
941 1315 1049 1375 minus
1104 1316 1287 1380 observari.
1303 1321 1417 1382 Testes
1430 1322 1552 1392 autem,
1572 1323 1634 1383 eto.
1651 1321 1764 1382 Nullis
1776 1319 1894 1382 litteris

257 1410 412 1473 idoneum
424 1413 723 1490 destinarunt‚ipso
734 1413 882 1474 eamdem
895 1427 1050 1489 persona·
1103 1414 1312 1477 obstantibus
1323 1417 1892 1496 praeterassensumpartiumasede

257 1509 334 1571 liter
347 1511 579 1588 prosequente,
592 1510 861 1572 in'resarciendis
876 1509 940 1570 sibi
950 1508 1048 1571 dam·
1103 1512 1293 1590 apostolica
1324 1515 1521 1590 impetratis.
1557 1516 1647 1587 Quod
1681 1516 1711 1576 si
1736 1530 1806 1576 non
1825 1529 1893 1575 om-

257 1607 309 1667 nis
327 1610 361 1669 et
372 1607 528 1684 expensis
549 1607 705 1684 legitimis
721 1607 992 1678 condemnantes,
1009 1622 1049 1668 eo
1104 1625 1175 1682 nes,
1193 1613 1254 1699 etc.
1277 1611 1395 1672 Datum
1406 1613 1557 1685 viterbii,
1575 1615 1650 1674 Vlll
1669 1612 1745 1674 Kal.
1770 1611 1889 1679 Martii,

257 1704 360 1780 prius,
376 1703 461 1766 sicut
471 1707 598 1782 justum
610 1703 720 1776 fuerit,
733 1704 897 1776 restituto,
914 1719 1049 1766 causam
1105 1707 1315 1786 pontificatus
1331 1711 1435 1772 nostri
1450 1727 1538 1774 anno
1553 1713 1682 1788 quarto.

256 1800 393 1863 audiant
417 1817 518 1878 super
546 1803 609 1869 his,
633 1819 707 1879 quae
724 1804 837 1863 contre
855 1799 1049 1878 saepedlctos

256 1897 407 1960 abbatem
430 1900 463 1960 et
484 1902 682 1961 conventum
704 1898 861 1976 praelatus
881 1897 977 1959 miles
992 1915 1050 1960 ra·
1403 1889 1597 1976 LXXXVI

255 1996 463 2059 tionabiliter
477 1996 610 2058 donent
622 1995 847 2075 proponenda.
1026 2091 1032 2103 Ι
1064 2065 1067 2072 ⁴
1162 2033 1214 2090 Ad
1238 2031 1494 2107 cmmesiwatos
1513 2031 1675 2092 Hammo
1695 2031 1834 2104 pomos·

294 2092 342 2153 Ad
364 2091 435 2154 haec
457 2095 658 2154 memoratus
672 2093 854 2154 monachus
876 2090 1049 2168 proposuit

254 2206 298 2250 ex
312 2191 463 2261 adverso,
480 2189 566 2267 quod
584 2206 658 2250 cum
675 2205 763 2266 saepe
785 2189 975 2250 nominatus
990 2189 1049 2248 mi·
1393 2153 1428 2212 ²4
1448 2153 1503 2212 seb·
1525 2154 1605 2211 ¹²²⁰·

255 2287 303 2348 les
318 2303 430 2348 coram
445 2287 613 2364 praedictis
624 2285 794 2364 judicibus
807 2285 940 2347 eosdem
953 2285 1049 2346 abba·
1146 2267 1294 2334 [aspondi
1314 2269 1406 2320 Μ·
1423 2269 1492 2330 ⁰⁰⁰¹r
1506 2269 1539 2318 ’ἃ
1559 2281 1621 2320 ⁸⁸¹¹·
1637 2267 1706 2327 ¹²¹⁹,
1721 2267 1735 2332 ⁸
1751 2268 1792 2328 ¹⁸2
1806 2265 1854 2328 η]
1975 2275 1976 2348 l

253 2388 320 2447 tem
348 2386 380 2446 et
405 2385 602 2446 conventum
628 2399 729 2460 super
751 2383 893 2460 quadarn
922 2397 1049 2459 posses·
1121 2377 1161 2432 De
1176 2375 1306 2448 ῡθβῑῑῡθθ
1326 2377 1463 2433 damiate
1478 2373 1646 2472 grendetto;
1662 2371 1873 2431 ¹10V³⁸¹¹h⁸1di⁸

255 2483 359 2554 sione,
381 2497 420 2542 ac
436 2480 534 2541 rebus
559 2480 635 2542 aliis
657 2481 816 2542 traxisset
841 2479 875 2539 in
899 2493 1045 2550 cansam,
1339 2463 1486 2536 pollicetur
1501 2464 1653 2522 fl⁰ss⁰l¹l¹⁸·

256 2581 354 2656 prout
367 2578 520 2656 superius
541 2578 591 2639 est
611 2593 818 2654 expressum,
834 2577 934 2638 iidem
953 2577 1048 2638 exci—
1143 2579 1678 2642 Deestinttium.-litsihumanae
1692 2577 1889 2640 conditionis
1975 2571 1976 2660 ξ

256 2677 377 2755 piendo
397 2691 510 2738 coram
531 2675 655 2738 eisdem
671 2674 840 2751 judicibus
862 2689 1048 2751 proponere
1102 2677 1278 2738 intirmitas
1289 2693 1355 2738 non
1366 2677 1510 2738 suldciat
1521 2677 1639 2752 dignas
1650 2679 1763 2752 grates
1777 2675 1888 2738 exsol-
1975 2671 1976 2760 l

257 2775 471 2844 curaverunt,
486 2773 543 2834 sed
557 2773 598 2834 ad
611 2771 877 2849 respondendum
888 2771 975 2832 dicto
991 2772 1049 2830 mi·
1102 2791 1180 2836 vere
1191 2775 1330 2835 Domino
1345 2777 1413 2834 Deo
1426 2775 1550 2844 nostro,
1565 2789 1665 2850 super
1676 2771 1889 2834 inenarrabili
1975 2763 1976 2828 l

197 2917 199 2924 .
256 2871 308 2932 liti
320 2869 355 2930 in
368 2885 483 2932 eorum
497 2869 672 2945 praesentia
687 2885 753 2930 non
767 2867 960 2935 teneri‚tum
970 2867 1048 2944 quie
1103 2872 1189 2934 dono
1200 2875 1274 2949 ejus
1287 2873 1320 2933 et
1335 2871 1545 2934 multitudine
1560 2870 1800 2931 misericordiae
1813 2885 1887 2941 sum,
1975 2857 1976 2948 t

257 2968 344 3030 ultra
366 2968 448 3029 duas
467 2966 584 3030 diaetas
597 2967 637 3028 ad
650 2966 812 3043 judicium
830 2964 1049 3027 trahebantur
1103 2985 1202 3046 quam
1216 2970 1249 3030 in
1265 2969 1417 3046 captione
1436 2969 1595 3030 Damiatae
1618 2967 1696 3029 tecit
1709 2967 1887 3037 nobiscum,

256 3068 372 3128 contra
388 3064 539 3127 instituta
554 3064 692 3124 concilii
704 3064 882 3140 generalis,
890 3065 959 3125 tum
970 3063 1048 3138 quia
1103 3069 1136 3130 et
1150 3083 1225 3128 cum
1242 3067 1318 3127 aliis
1333 3064 1566 3128 invocantibus
1582 3081 1701 3126 nomen
1717 3068 1803 3141 eius,
1818 3079 1889 3140 gra-
1975 3057 1976 3148 }

257 3164 458 3238 litterae,per
472 3161 1050 3238 quasconveniehantur,mencen-
1103 3181 1160 3227 res
1182 3164 1313 3225 labores
1333 3164 1473 3234 vestros,
1496 3179 1534 3223 ac
1553 3161 1669 3238 longas
1682 3160 1886 3230 afflictiones,
1975 3151 1976 3164 ¹

257 3261 425 3321 municato
447 3259 579 3321 fuerant
601 3259 795 3335 impetratae,
812 3257 868 3318 sed
889 3273 962 3318 cum
985 3272 1050 3318 see-
1104 3264 1136 3324 et
1150 3262 1305 3323 continua
1321 3259 1469 3336 pericula
1484 3259 1669 3328 miseratus,
1684 3259 1828 3336 receptis
1843 3257 1890 3317 ta-

135 3433 139 3442 ,
259 3357 379 3435 pedicti
401 3357 531 3433 jndices
556 3356 616 3416 has
642 3355 808 3430 legitimas
836 3354 1048 3431 exceptiones
1103 3375 1178 3420 men
1200 3358 1257 3418 din
1281 3356 1476 3420 desideratis
1495 3357 1594 3433 hujus
1615 3349 1740 3417 laetitiae
1756 3355 1887 3426 nuntiis,

258 3469 374 3516 eornm
395 3453 569 3515 admittere
588 3452 782 3522 noluissent,
805 3451 885 3513 dicti
900 3450 1002 3513 abbas
1016 3452 1050 3512 et
1103 3458 1172 3518 toto
1194 3457 1313 3516 mentis
1338 3455 1460 3516 annisu
1474 3453 1676 3529 dignationis
1696 3445 1819 3513 divinae
1836 3451 1889 3511 he·

257 3649 405 3724 gravari,
426 3649 574 3708 nostram
599 3646 802 3708 audientiam
827 3647 1046 3723 appellarunt,
1104 3649 1299 3712 confitentes
1326 3649 1451 3721 eidem,
1482 3649 1514 3709 et
1541 3647 1709 3708 mirabilia
1738 3651 1811 3724 eJus
1835 3659 1888 3724 pro

257 3746 424 3822 iidemque
453 3743 644 3820 hujusmodi
675 3743 866 3804 eorumdem
898 3743 1049 3819 appella·
1104 3747 1225 3808 nostrae
1242 3744 1471 3823 possibilitatis
1493 3743 1625 3804 modulo
1640 3745 1846 3814 enarrantes,
1860 3741 1889 3802 et

142 3851 143 3854 ’
257 3843 348 3906 tione
359 3843 545 3919 contempta
560 3843 795 3918 processerunt
806 3841 842 3900 in
852 3840 1049 3902 dictacausa
1104 3841 1396 3920 processionaliter
1407 3841 1533 3917 gratias
1555 3845 1588 3902 et
1606 3841 1722 3900 laudes
1744 3838 1885 3902 exsolvi-
1975 3859 1976 3864 ¹

258 3553 458 3621 conventuS,
490 3550 671 3612 sentientes
700 3550 735 3609 in
764 3548 817 3608 bis
840 3548 985 3610 indebite
1013 3563 1049 3610 se
1105 3553 1533 3619 nedoloassurreximus,et
1547 3551 1660 3612 intoto
1675 3549 1888 3612 cordenostro

259 3957 432 4019 perperam
449 3940 564 4002 contra
579 3954 647 4000 eos.
666 3939 872 4014 Quapropter
885 3951 1051 3998 memora·
1104 3957 1189 4012 mus,
1201 3941 1234 4002 et
1247 3939 1374 4001 exsolvi
1386 3937 1615 4000 mandavimus
1627 3954 1685 4014 per
1699 3953 1815 4000 omnes
1825 3935 1886 3996 iere

259 4041 312 4102 tus
340 4037 524 4098 monachus
553 4036 743 4113 postulavit,
773 4035 809 4095 ut
836 4035 991 4096 revocato
1014 4034 1050 4094 in
1112 4038 1303 4115 provincias
1330 4036 1549 4107 christianas,
1584 4035 1795 4096 insinuantes
1823 4033 1886 4094 eis·

259 4135 390 4197 irritum
414 4133 583 4210 quidquid,
601 4133 676 4208 post
688 4130 944 4208 appellationem
964 4146 1051 4208 prae-
1105 4137 1179 4198 dem
1196 4135 1354 4214 quantum
1370 4147 1458 4194 nunc
1470 4133 1596 4208 egeatis
1608 4131 1819 4194 :multitudine
1839 4143 1888 4190 so·

259 4235 405 4304 missam,
436 4231 631 4294 attentatum
661 4229 768 4290 luerat
798 4229 913 4291 contra
948 4227 1052 4289 abba·-
1106 4234 1243 4296 ciorum.

259 4334 325 4394 tem
338 4333 372 4393 et
385 4329 582 4392 conventum
595 4326 781 4403 prmdictos,
805 4341 939 4388 causam
954 4341 1050 4387 eam·
1146 4331 1226 4390 Cum
1239 4343 1299 4390 ros
1313 4327 1463 4404 oporteat
1474 4327 1508 4388 et
1521 4325 1688 4389 civitatem
1706 4324 1886 4402 praedictam

259 4429 333 4490 dem
354 4427 584 4502 delegeremus
605 4422 771 4500 aliquibus
795 4422 1049 4494 terminandam,
1106 4422 1267 4495 incolere,
1292 4422 1325 4483 et
1358 4420 1568 4492 convicinae,
1596 4421 1669 4480 sine
1693 4419 1812 4496 quibus
1834 4416 1886 4478 illa
1975 4429 1976 4436 ¹

260 4525 317 4603 qui
331 4524 456 4585 eisdem
472 4539 490 4583 a
506 4522 593 4584 dicto
613 4521 718 4582 milite
737 4520 858 4581 damna
881 4520 1049 4591 resarciri,
1105 4521 1243 4584 retineri
1268 4520 1325 4581 vix
1352 4520 1473 4596 posset,
1494 4517 1683 4580 Christiano
1707 4515 1841 4586 nomini,
1862 4509 1885 4572 si
1975 4543 1976 4616 q

259 4623 294 4684 et
316 4636 491 4698 expensas,
510 4635 593 4695 quas
617 4619 652 4678 in
676 4633 778 4680 causa
801 4617 916 4678 eadem
944 4617 1051 4678 coacti
1106 4619 1247 4694 desuper
1274 4617 1386 4678 datum
1415 4613 1527 4683 inerit,
1558 4613 1752 4691 subjugare,
1783 4611 1885 4674 fideles
1975 4621 1976 4676 ἶ

259 4719 339 4782 sunt
352 4718 473 4787 lacere,
494 4717 628 4792 propter
644 4716 751 4792 ipsam
770 4715 902 4776 restitui
921 4714 1050 4777 tacien-
1106 4715 1148 4777 ad
1176 4728 1369 4776 succursum
1401 4711 1547 4774 vestrum
1575 4725 1634 4788 per
1656 4711 1786 4772 litteras
1815 4723 1885 4768 noe·
1975 4717 1976 4724 ’

260 4817 322 4888 tes,
337 4813 709 4876 excommunicationem
722 4812 884 4889 prolatam
897 4812 1051 4888 inipsnm
1106 4815 1176 4876 tras
1194 4812 1344 4874 animare
1367 4808 1563 4880 studuimus,
1588 4809 1622 4869 et
1636 4823 1696 4884 per
1716 4808 1805 4869 viros
1823 4805 1885 4866 ido-
1975 4833 1976 4888 1

261 4929 366 4990 usque
390 4910 430 4971 ad
451 4909 711 4971 satisfactionem
736 4909 935 4985 condignam
956 4908 1051 4970 face·
1107 4925 1187 4972 neos
1210 4907 1439 4970 mandavimus
1468 4905 1628 4976 animari,
1659 4905 1764 4966 laetam
1791 4917 1884 4980 prop·
1975 4913 1976 4992 l

261 5010 336 5074 rent
349 5005 588 5070 inviolabiliter
599 5007 781 5068 observari.
797 5007 881 5078 Quia
896 5021 975 5068 vero
988 5021 1052 5069 no-
1106 5009 1159 5070 ter
1175 5007 1239 5068 hoc
1257 5023 1279 5067 a
1296 5003 1459 5082 principio
1483 5003 1708 5079 indulgentias
1730 5003 1883 5062 innoran-

261 5108 313 5170 bis
331 5121 433 5182 super
449 5103 630 5182 premissis
651 5119 718 5165 non
739 5103 845 5181 potuit
866 5103 939 5166 fleri
955 5105 1052 5180 plone
1107 5106 1168 5174 tes,
1196 5120 1236 5166 ac
1259 5102 1464 5172 mandantes
1490 5100 1528 5161 ut
1556 5098 1618 5172 illi,
1648 5099 1705 5176 qui
1724 5102 1794 5176 Jam
1820 5092 1884 5156 sunt
1975 5165 1976 5190 ἶ

262 5205 354 5276 ddes,
377 5204 418 5265 de
438 5217 578 5264 assensu
600 5201 715 5263 militis
736 5203 770 5264 et
787 5201 942 5263 monachi
966 5217 1055 5278 prm-s
1107 5202 1217 5265 crucis
1254 5199 1426 5262 caractere
1459 5197 1630 5273 insigniti,
1665 5199 1823 5272 cogantur
1849 5187 1883 5250 ad
1975 5199 1976 5264 l

260 5303 423 5366 dictorum
437 5299 630 5361 discretioni
648 5302 767 5362 vestrae
786 5315 846 5376 per
860 5299 1053 5376 apostolice
1106 5295 1320 5374 exsequenda
1341 5293 1496 5356 celeriter
1508 5293 1587 5354 vota
1607 5305 1705 5352 sna...
1720 5292 1771 5353 Ne
1787 5287 1882 5350 autem
1975 5309 1976 5384 q

261 5399 386 5475 scripta
402 5397 608 5469 mandamus,
624 5399 796 5474 quatenus,
811 5397 840 5456 si
852 5395 947 5458 vobis
961 5411 1055 5458 cons·
1107 5393 1284 5457 occasione
1300 5393 1399 5455 terrm
1422 5388 1731 5464 vobis-jamdetaea
1747 5385 1880 5451 nomino,
1975 5395 1976 5474 l

259 5495 365 5558 titerit
378 5492 483 5555 dictos
498 5492 651 5555 abbatem
671 5495 704 5554 et
722 5492 920 5554 conventum
938 5492 1055 5569 appel·
1107 5494 1160 5554 vel
1175 5483 1262 5553 sicut
1276 5503 1459 5567 speramus,
1474 5488 1510 5548 in
1526 5483 1815 5563 posterumdandae
1825 5479 1881 5541 ali·
1975 5577 1976 5580 Ἴ

260 5591 378 5656 lationi
404 5605 473 5650 suae
503 5589 728 5665 supradictum
762 5589 939 5650 terminum
967 5605 1055 5665 prae·
1109 5607 1184 5667 qua,
1205 5587 1289 5666 quod
1308 5587 1403 5658 absit,
1426 5586 1513 5647 inter
1534 5597 1592 5646 vos
1615 5583 1719 5659 possit
1737 5575 1880 5644 dissensio
