4066 6290
85 373 146 434 873
689 373 907 442 EPISTOLAE
930 374 1027 436 SINE
1048 377 1132 474 ΒΙΕοἱ
1672 379 1733 440 874

125 532 208 596 Cum
239 547 299 594 vos
333 533 501 611 tamquam
531 532 692 610 speciales
723 534 881 605 Romanae
936 549 1050 596 eorum
1067 534 1230 597 sustinere
1245 535 1280 596 in
1293 535 1539 613 patientianon
1560 537 1729 610 debemus,

85 629 245 692 Ecclesiae
259 629 346 692 tilios
364 630 684 708 restrae,religionis
703 631 827 693 intuitu
849 631 882 693 et
936 633 1070 709 quibus,
1101 633 1259 710 quantum
1289 649 1401 696 coram
1437 637 1504 696 Deo
1536 650 1729 712 possumus,

86 726 355 790 consideratione
379 727 529 806 obsequii
556 727 642 806 quod
660 731 728 792 Deo
748 727 883 790 tervan·-
937 731 1121 808 praescripti
1130 730 1280 808 obsequii
1291 733 1324 793 ot
1335 731 1598 794 suaadevotionis
1608 732 1732 794 intuitu

85 825 138 886 ter
152 825 343 901 impenditis
367 826 401 885 in
424 825 652 887 ultramarinis
676 826 825 904 partibus
847 825 882 887 in
937 827 971 888 in
986 828 1349 905 suatenemurjustitia
1362 830 1548 905 providere,
1564 829 1733 892 universi-

85 920 281 983 detensione
303 922 478 984 christiani
504 923 661 998 nominis,
692 923 880 1000 diligamus,
935 926 1128 988 tativestrae
1148 939 1208 1004 per
1233 927 1424 1002 Apostolica
1446 927 1570 1003 scripta
1594 927 1734 987 manda-

84 1020 210 1081 vestris
234 1020 388 1098 precibus
409 1020 562 1084 inclinati
586 1021 782 1084 auctoritate
796 1036 884 1098 praa·-
937 1039 1010 1086 mus
1028 1023 1126 1100 atque
1141 1022 1371 1100 praecipimus,
1395 1023 1551 1101 quatinus
1574 1039 1596 1085 a
1620 1023 1735 1100 capel-

85 1117 232 1178 sontium
246 1117 340 1180 robis
353 1118 575 1194 indulgemus,
593 1119 629 1182 ut
643 1119 767 1180 nemini
783 1118 883 1180 liceat
936 1121 1024 1182 lanis
1033 1120 1261 1194 ecclesiarum,
1275 1137 1347 1198 quac
1358 1121 1455 1200 pleno
1467 1123 1545 1198 jure
1553 1124 1622 1198 jam
1634 1121 1731 1182 dictis
1775 1161 1782 1172 -

85 1214 160 1275 sine
173 1214 329 1276 mandato
343 1217 484 1278 Romani
496 1216 661 1293 pontificis
683 1215 833 1293 speciali,
847 1216 882 1276 in
937 1217 1096 1280 tratribus
1106 1221 1185 1278 sunt
1198 1233 1376 1290 concessae,
1390 1235 1452 1278 nec
1464 1217 1655 1280 fidelitatem
1669 1233 1731 1278 nec

84 1327 156 1384 voe,
174 1312 387 1390 presbyteros
410 1315 444 1375 et
468 1311 572 1376 laicos
586 1315 726 1386 vestros,
744 1329 883 1390 quorum
938 1313 1159 1377 obedientiam
1175 1315 1330 1390 exigatis,
1348 1316 1426 1392 quia
1440 1316 1569 1378 tantum
1586 1317 1735 1377 Romano

84 1410 182 1474 vobis
195 1410 300 1488 aliqui
314 1411 431 1486 gratis,
445 1412 505 1473 alii
519 1427 598 1474 uero
612 1410 653 1474 ad
668 1411 793 1473 solidos
807 1426 882 1472 ser·
938 1411 1088 1489 pontifici
1109 1413 1188 1475 sunt
1208 1412 1365 1490 subjecti,
1387 1413 1428 1474 ab
1450 1413 1518 1474 illis
1537 1427 1617 1474 varo
1639 1415 1737 1489 jura-

85 1507 193 1580 uiunt,
238 1508 592 1572 excommunicationis
626 1509 681 1572 uel
714 1507 884 1570 interdicti
938 1512 1085 1573 mentum
1107 1509 1277 1572 fidelitatis
1299 1525 1365 1571 uon
1381 1511 1549 1588 quaeratis,
1574 1509 1630 1572 sed
1654 1509 1736 1570 obe-.

85 1606 287 1668 seutentiam
301 1607 582 1682 promulgar03et,
595 1607 765 1685 siquando
778 1605 883 1666 invos
939 1604 1072 1670 dientiae
1096 1607 1169 1669 sitis
1189 1608 1409 1684 promissione
1425 1607 1581 1680 contenti,
1606 1606 1734 1679 scituri,

84 1704 139 1765 vel
151 1703 188 1765 in
200 1703 804 1781 eosabaliquohujusmodisententia
817 1703 884 1766 lata
939 1703 1038 1780 quod,
1068 1705 1098 1764 si
1130 1720 1188 1766 eos
1221 1706 1294 1782 post
1324 1705 1555 1766 inhibitionem
1588 1705 1746 1770 nostram,

84 1800 200 1872 fuerit,
215 1817 280 1862 non
296 1801 476 1864 obmittatis
495 1802 654 1864 ecclesias
675 1802 885 1878 frequentare
939 1800 1736 1878 indebitegravaveritis,n0nsineruborevestro

84 1901 144 1960 aut
158 1899 294 1961 servitio
310 1899 426 1960 domus
439 1901 558 1961 vestrae
568 1899 622 1961 vol
635 1899 756 1960 divinis
766 1897 885 1959 officiis
940 1897 1022 1986 ipsis
1037 1899 1237 1971 curabimus,
1257 1899 1392 1960 auctore
1407 1899 1556 1969 Domino,
1581 1896 1738 1974 provide·

84 1995 264 2068 interesse,
281 2013 356 2057 cum
378 1996 569 2074 hujusmodi
593 1996 759 2058 sententia
777 1995 822 2057 sit
835 1995 885 2055 ir·
940 2010 988 2055 re.
1005 1995 1223 2071 Privilegium
1237 1996 1324 2056 enim
1338 1998 1484 2056 meretur
1498 1995 1661 2063 amittere,
1679 1994 1735 2070 qui

83 2093 154 2154 rita
169 2093 301 2170 penitus
322 2095 355 2156 et
372 2094 494 2155 inanis.
512 2094 604 2155 Nulli
619 2110 699 2170 ergo
714 2093 886 2154 hominum
940 2093 1117 2156 commissa
1126 2092 1343 2154 sibiabutitur
1350 2093 1522 2170 potestate.
1534 2093 1734 2163 Datumetc.

85 2190 191 2253 liceat
212 2190 300 2253 bano
325 2192 480 2268 paginam
509 2196 633 2252 nostrae
660 2189 886 2253 concessionis

83 2287 274 2364 intringere
288 2289 343 2350 uel
363 2289 394 2350 ei
410 2304 493 2349 ausu
510 2289 688 2351 temerario
707 2288 884 2351 contraire.

85 2385 120 2446 Si
140 2385 216 2462 quis
232 2387 342 2460 autem
363 2385 427 2447 hoc
446 2387 609 2448 attentare
624 2385 884 2463 praesumpserit,

83 2482 355 2558 indignationem
381 2483 616 2560 omnipotentis
640 2483 699 2543 Dei
720 2484 752 2545 et
777 2482 888 2544 beato·

83 2596 164 2641 rum
183 2580 273 2642 Petri
289 2581 322 2642 et
336 2581 433 2641 Pauli
448 2580 673 2657 apostolorum
688 2583 760 2658 ejus
775 2595 811 2641 se
832 2596 888 2641 no·

84 2675 179 2738 verit
194 2677 417 2738 incursurum.
439 2677 568 2748 Datum,
586 2679 648 2740 etc,

449 2961 530 3050 VH

122 3073 481 3190 Adurcbt'eptscopm,
505 3115 688 3186 episcopor,
714 3111 850 3172 ablutas

206 3212 341 3273 stultos
359 3214 582 3273 ecclesiarum
600 3210 776 3285 prolatos.

264 3349 401 3416 [strehllru
413 3349 485 3410 anic,
500 3365 527 3414 p.
540 3349 596 3410 aas,
611 3361 637 3399 n.
652 3347 718 3412 mu]

88 3469 238 3527 lionorius
253 3470 293 3526 lll
308 3474 386 3525 vetat
399 3468 531 3539 praelatos
546 3481 562 3524 a
577 3464 733 3539 capellanis
750 3463 887 3522 ecclesia·

124 3573 192 3616 rum
209 3557 300 3614 ordini
315 3555 491 3614 theutonico
511 3557 595 3628 pleuo
611 3555 674 3627 iure
687 3567 888 3612 concessarum

126 3645 297 3703 fidelitatem
316 3653 364 3703 aut
380 3644 571 3702 obedientiam
585 3645 718 3717 exigera;
731 3642 811 3717 jubet
827 3641 887 3699 illo·

126 3749 193 3792 rum
208 3733 368 3796 obedientia
384 3747 448 3791 esse
458 3739 618 3790 contentos.

130 3860 303 3922 Honorius
315 3855 888 3936 episcopusservusservorumDei,

87 3957 342 4022 uenerabilibus
377 3956 536 4019 iratribus
569 3953 829 4030 archiepiscopis
858 3954 891 4014 et

88 4056 261 4134 episcopis
277 4056 310 4116 et
327 4055 457 4116 dilectis
469 4053 548 4116 tiliis
563 4051 748 4122 abbatibus,
768 4051 892 4128 priori-

88 4155 169 4225 buS,
197 4151 453 4223 archidiaconis,
482 4150 618 4213 decanis
632 4151 665 4212 et
687 4149 763 4210 altis
779 4149 890 4210 eccle-

90 4253 223 4314 siarum
233 4250 396 4327 praelatis,
412 4249 452 4309 ad
464 4265 546 4324 quos
559 4248 677 4310 litterae
693 4247 765 4308 istae
779 4261 892 4322 perve-

90 4349 227 4420 nerint,
241 4347 381 4408 salutem
400 4347 434 4408 et
449 4346 663 4423 apostolicam
673 4343 892 4406 .benedicti0·

90 4462 192 4509 nem..

134 4543 376 4605 Dilectifilii...
398 4542 557 4618 magister
578 4542 612 4603 et
630 4540 752 4603 tratres
775 4539 891 4599 domus

89 4641 272 4718 hospitalis
303 4640 432 4702 Sanctae
461 4641 578 4700 Mariae
610 4637 892 4699 Tbeutonicorum

91 4736 394 4812 Hierosolymitani
418 4735 491 4812 post
506 4735 683 4796 concilium
699 4731 893 4808 multiplici-

92 4837 150 4896 ter
168 4830 310 4906 satigati,
331 4831 368 4892 ut
387 4830 552 4901 asserunt,
580 4843 699 4904 gravas
725 4826 893 4904 querimo-

92 4930 174 4992 nias
190 4929 352 5004 coguntur
363 4928 398 4988 in
411 4926 525 4988 nostro
534 4925 700 4988 auditorio
714 4923 890 5000 replicare.

1290 2373 1391 2462 ἮΠ

962 2528 1013 2588 Ad
1026 2526 1237 2602 mapparum
1256 2527 1289 2588 et
1304 2525 1436 2601 fratres
1447 2525 1636 2599 bospttutts,
1652 2522 1716 2584 ctc.
1733 2579 1736 2586 .

1112 2654 1566 2723 pmmmuwumffl

943 2741 1737 2836 mmmmummumwmmmmmc

922 2907 927 2914 .
977 2862 1129 2919 clesiarum
1143 2875 1260 2917 suarum
1279 2859 1444 2926 redditibus,
1464 2859 1612 2931 assignato
1627 2866 1738 2916 tanturn

953 2947 957 2952 ’
978 2949 1101 3017 vicariis,
1119 2947 1195 3006 unde
1221 2949 1341 3005 honeste
1363 2948 1463 3005 vivant
1482 2954 1510 3005 ct
1536 2947 1629 3004 debita
1650 2961 1737 3022 praes·

978 3045 1047 3108 tent,
1065 3039 1136 3094 alias
1150 3043 1276 3094 utantur.

977 3164 1149 3227 -llonorius
1160 3162 1346 3241 episcopus,
1357 3178 1472 3224 servus
1485 3177 1656 3224 servorum
1666 3161 1737 3234 Dei,

944 3262 1073 3324 dilectis
1089 3261 1168 3324 filiis
1191 3261 1349 3336 magistro
1365 3262 1397 3323 et
1414 3259 1573 3321 iratribus
1586 3257 1740 3336 hospita-

945 3360 996 3432 lis,
1014 3360 1089 3431 etc,
1104 3356 1244 3419 salutem
1257 3357 1289 3419 ot
1302 3355 1517 3434 apostolicam
1532 3355 1740 3418 benedictio·

945 3474 1032 3520 nem.
1243 3471 1246 3477 ·
1392 3517 1394 3522 .

983 3555 1087 3618 Justis
1098 3553 1279 3632 petentium
1290 3551 1465 3616 desideriis
1476 3551 1668 3630 dignumest
1677 3567 1737 3613 nos

946 3652 1076 3714 facilem
1100 3651 1248 3728 praebere
1274 3667 1473 3714 consensum
1495 3653 1529 3712 et
1555 3651 1641 3721 vota,
1666 3665 1740 3726 quae

945 3765 965 3812 a
988 3749 1128 3810 rationis
1147 3750 1280 3810 tramite
1303 3764 1370 3809 non
1394 3747 1595 3818 discordant,
1618 3744 1739 3808 ellectu

946 3847 1164 3924 prosequente
1175 3846 1350 3922 complere.
1366 3847 1558 3922 Eapropter,
1575 3842 1687 3906 dilecti
1703 3833 1739 3905 in

946 3944 1086 4006 Domino
1100 3943 1174 4015 dlii,
1199 3943 1319 4006 restris
1337 3944 1437 4020 justis
1462 3938 1740 4019 postulationibus

945 4041 1039 4118 grato
1055 4040 1291 4102 concurrentes
1302 4055 1452 4111 assensu,
1475 4038 1664 4116 Apostolrca
1680 4035 1756 4100 vo·'

945 4139 996 4200 bis
1019 4139 1215 4200 auctoritate
1233 4137 1455 4209 concedimus
1475 4138 1512 4198 ut
1525 4135 1560 4196 in
1575 4135 1739 4208 ecclesiis,

946 4253 1019 4314 quae
1034 4235 1127 4297 vobis
1142 4235 1183 4296 ad
1198 4231 1473 4295 sustentationem
1490 4249 1616 4305 eorum,
1633 4232 1689 4310 qui
1705 4221 1740 4293 in

946 4333 1179 4397 transmarinis
1195 4333 1342 4410 partibus
1358 4347 1417 4409 pro
1434 4329 1742 4392 detensionechris-

946 4432 1108 4494 tianitatis
1130 4429 1259 4492 animas
1282 4445 1360 4490 suas
1383 4445 1507 4506 ponere
1527 4443 1592 4488 non
1623 4426 1743 4488 lormi-

947 4531 1036 4602 dant,
1066 4529 1143 4590 sunt
1174 4542 1353 4597 concessae,
1388 4525 1561 4602 assignato
1586 4524 1739 4596 sicariis,

946 4627 1034 4688 unde
1048 4627 1187 4688 honeste
1201 4625 1317 4686 vivant
1341 4624 1373 4684 et
1396 4623 1431 4684 in
1457 4621 1693 4698 spiritualibus.
1709 4619 1745 4684 et

947 4722 1161 4802 synodalibus
1174 4721 1301 4800 possint
1315 4720 1479 4798 episcopis
1494 4723 1527 4781 et
1542 4735 1657 4780 eorum
1667 4720 1742 4780 oill-

948 4821 1088 4883 cialibus
1109 4819 1328 4897 respondere,
1338 4819 1438 4879 liceat
1452 4817 1548 4879 vobis·
1568 4820 1688 4880 caetera
1701 4817 1743 4878 ad

948 4935 1028 4980 usus
1040 4918 1179 4988 vestros,
1192 4916 1311 4993 quibus
1325 4916 1481 4993 deputata
1494 4916 1580 4988 sunt,
1597 4917 1747 4978 retinere

91 5033 125 5090 A
146 5025 329 5102 capellanis
351 5023 484 5101 quidem
505 5023 640 5085 illorum
656 5021 848 5086 fidelitatem
861 5019 894 5080 et
948 5019 1041 5078 salva
1060 5015 1287 5078 moderatione
1300 5013 1633 5089 Concilii‘generalis
1651 5011 1744 5073 Nulli

94 5123 322 5186 obedientiam
346 5123 466 5198 praeter
492 5121 626 5184 solitum
655 5118 826 5195 quaeritis,
849 5117 891 5186 et,
948 5130 1028 5191 ergo
1041 5114 1175 5175 omnino
1191 5111 1362 5172 hominurn
1378 5111 1477 5172 liceat
1487 5109 1573 5170 banc
1587 5111 1744 5186 paginam

94 5220 180 5300 quia
194 5221 313 5282 vestrae
326 5217 444 5279 nolunt
458 5215 819 5284 satiiacere-voluutati,
836 5228 893 5274 eos
949 5213 1071 5274 nostrae
1095 5210 1322 5272 concessionis
1345 5207 1531 5282 infringere
1544 5207 1597 5268 uel
1613 5207 1645 5268 ei
1660 5223 1745 5268 ausu

95 5335 161 5398 pro
183 5319 305 5380 vostrae
321 5316 502 5384 uoluntatis
515 5315 667 5378 ,arbitrio
694 5312 891 5382 molestetis,
949 5307 1127 5388 temerario
1143 5308 1320 5370 contraire.
1339 5306 1374 5366 Si
1389 5305 1463 5382 quis
1477 5307 1587 5366 autem
1610 5304 1673 5366 boc
1687 5307 1748 5366 ai-

96 5433 168 5480 non
195 5413 415 5484 attendentes,
445 5414 619 5492 quantum,
634 5411 677 5472 sit
699 5413 769 5488 jam
799 5408 895 5470 dictis
949 5407 1079 5469 tentare
1096 5403 1364 5482 *praesumpserit
1390 5401 1657 5477 indignationum
1673 5418 1746 5463 om-

97 5513 263 5576 iratribus
299 5511 567 5574 consideratione
604 5509 772 5586 obsequii,
809 5505 895 5584 quod
951 5503 1131 5580 nipotentis
1150 5502 1210 5564 Dei
1238 5502 1272 5562 et
1294 5499 1465 5562 beatorum
1487 5499 1578 5560 Petri
1599 5498 1747 5564 et'Pauli

97 5609 341 5674 christianitati
353 5607 543 5686 inpartibus
553 5605 787 5670 transmarinis
799 5603 898 5668 exbi-
952 5600 1176 5678 apostolorum
1201 5602 1273 5676 ejus
1299 5612 1335 5658 se
1368 5597 1499 5659 noverit
1518 5596 1748 5659 incursurum.

98 5706 194 5782 bert,
216 5705 440 5774 deserendum.
471 5705 554 5778 eria
589 5703 692 5780 igitur
717 5716 897 5778 matamors
925 5776 927 5784 ¹
952 5700 1082 5771 Datum,
1096 5698 1176 5764 etc..
