3952 6350
280 347 340 406 oba
898 351 1073 412 HONORII
1095 353 1139 412 111
1161 352 1307 414 OPERA.
1853 358 1901 418 661

282 503 401 577 dimne,
417 505 518 569 luerit
535 508 741 580 attentatum,
759 507 905 569 eamdem
921 509 1074 571 volumus
1128 509 1212 571 riam
1235 510 1355 572 haheat
1375 510 1579 586 malignandi
1601 513 1654 574 vel
1676 513 1903 591 quomodolibet

283 603 481 666 sententiam
507 619 573 666 non
603 605 727 666 tenere.
753 607 871 666 Datum
906 607 1071 678 Laterani,
1128 607 1219 684 ipsos
1245 606 1360 668 contra
1389 608 1554 683 justitiam
1590 609 1797 682 molestandi,
1823 611 1903 672 vobis

283 699 609 774 11111161161166111,
627 701 837 778 pontificatus
859 703 963 765 nostri
985 719 1073 764 anno
1129 719 1188 780 per
1214 703 1403 781 apostolica
1429 705 1552 781 scripio
1579 706 1775 767 mandamus
1797 708 1829 766 et
1846 706 1903 768 dis-
1958 719 1959 722 ’

283 794 408 872 quinto.
1128 801 1225 862 triete
1242 801 1463 877 praecipimus,
1478 803 1640 878 quatenus
1656 802 1808 864 omnibus
1821 819 1903 879 paro·

630 931 726 1019 CCV
1129 895 1258 958 chianis
1275 898 1396 959 vestris
1415 900 1612 960 auctoritate
1633 899 1903 976 apostolicaque

1130 993 1244 1054 bibere
1259 995 1392 1066 curetis,
1408 1010 1449 1056 ne
1464 1009 1484 1055 a
1500 996 1691 1056 memoratis
1707 995 1860 1057 1111111166
1872 998 1903 1057 (16

571 1066 784 1127 1116031611·
1129 1091 1314 1162 novalibus,
1331 1091 1384 1152 vel
1403 1092 1480 1153 aliis
1500 1094 1600 1154 terris
1615 1094 1689 1170 post
1701 1092 1825 1154 dictum
1838 1095 1904 1154 (161·

578 1185 778 1257 1811161211.
1130 1189 1243 1250 cilium
1268 1188 1454 1265 acquisitis,
1485 1205 1567 1265 quas
1594 1189 1739 1266 propriis
1770 1190 1903 1250 manibus
1958 1227 1959 1232 κ

465 1287 601 1354 [streniae.
613 1291 632 1341 1.
644 1305 675 1349 e,
686 1303 712 1355 p.
722 1291 777 1348 166,
788 1306 814 1340 n.
824 1289 892 1355 aas]
1130 1285 1182 1347 vel
1197 1286 1381 1362 sumptibus
1393 1285 1561 1357 excolunt,
1578 1301 1636 1346 seu
1653 1287 1694 1347 de
1711 1286 1904 1348 nutrimentis

281 1395 367 1454 16111
387 1396 423 1454 ab
445 1395 552 1453 ordinis
571 1397 738 1455 nieutona
758 1396 908 1454 novalibus
931 1397 976 1454 vel
995 1397 1076 1455 terris
1129 1382 1323 1442 animalium
1337 1383 1685 1454 suorumnullatenus
1698 1383 1905 1444 (1661116611-

318 1491 382 1556 post
396 1485 552 1542 concilium
573 1487 727 1557 acquisitis,
744 1501 816 1558 ques
835 1483 936 1543 tratres
955 1489 1075 1558 propriis
1129 1494 1208 1554 gare
1230 1480 1283 1540 vel
1310 1481 1509 1555 extorquere
1536 1481 1750 1557 praesumant
1779 1481 1858 1540 Nam
1880 1483 1903 1541 si

318 1580 367 1630 aut
391 1573 522 1630 manibus
548 1580 597 1631 aut
620 1574 780 1646 sumptibus
808 1575 919 1643 colunt,
949 1574 1075 1632 decimas
1129 1575 1170 1636 de
1185 1575 1359 1636 novalibus
1377 1577 1505 1638 tantum
1519 1577 1678 1638 vellemus
1697 1576 1905 1652 intelligi,ubi

318 1661 406 1732 exigi.
1130 1673 1282 1750 ponimus
1301 1673 1342 1734 de
1363 1673 1544 1746 laboribus,
1562 1674 1602 1735 (16
1626 1673 1802 1735 novalibus
1819 1689 1906 1751 pone·

323 1768 490 1829 Honorius
502 1770 686 1847 episcopus,
699 1785 814 1830 servus
823 1785 992 1831 servorum
1003 1773 1073 1844 Dei,
1128 1785 1250 1830 remus.
1272 1770 1356 1841 Quia
1379 1785 1458 1831 vero
1482 1786 1548 1833 non
1571 1771 1620 1832 est
1644 1771 1845 1832 conveniens
1863 1771 1905 1830 vel

283 1863 531 1926 venerabilibus
571 1864 728 1926 iratribus
760 1863 984 1944 [patriarchis]
1013 1865 1072 1944 (1),
1130 1867 1314 1937 honestum,
1334 1867 1370 1928 ut
1390 1869 1504 1930 contra
1525 1869 1647 1930 statuta
1672 1867 1769 1928 Sedis
1790 1869 1904 1944 aposto

283 1959 542 2038 archiepiscopis
562 1964 595 2024 et
613 1962 790 2039 episcopis,
806 1964 839 2025 et
853 1963 981 2024 dilectis
998 1963 1075 2024 tiliis
1130 1963 1203 2026 licae
1219 1964 1383 2035 veniatur,
1398 1979 1472 2041 quae
1489 1965 1639 2027 obtinere
1659 1964 1783 2026 debent
1801 1965 1903 2024 imno·

282 2055 467 2130 abbatibus,
478 2059 654 2134 prioribus,
667 2059 924 2132 archidiaconis,
940 2059 1074 2120 decanis
1129 2060 1229 2120 bilem
1253 2061 1453 2134 firmitatem,
1476 2062 1670 2124 mandamus
1695 2060 1792 2123 vobis
1820 2060 1906 2122 111111-
1958 2123 1959 2136 ,

282 2155 316 2214 ot
336 2153 411 2216 aliis
436 2155 651 2217 ecclesiarum
674 2157 832 2232 praelatis,
855 2157 895 2216 ad
913 2173 995 2234 quos
1020 2157 1076 2220 lit·
1128 2160 1246 2234 terque
1281 2159 1502 2235 praecipimus,
1531 2163 1578 2230 ut,
1609 2159 1638 2219 si
1670 2158 1730 2238 qui
1759 2159 1904 2228 canonici,

281 2249 363 2310 terae
378 2251 451 2312 istae
473 2254 694 2327 pervenerint,
712 2254 853 2314 salutem
868 2255 901 2315 61
916 2254 1076 2331 apostoli·
1130 2255 1255 2328 clerici,
1275 2255 1428 2316 monachi
1442 2255 1495 2316 vel
1512 2255 1590 2316 laici
1607 2257 1726 2318 contra
1749 2253 1905 2332 privilegia
1958 2261 1959 2310 l

283 2347 644 2410 cambenedictionem.
1131 2351 1224 2412 Sedis
1238 2352 1435 2428 Apostolicae
1458 2352 1634 2429 praedictos
1655 2352 1855 2414 decimarum
1872 2350 1903 2410 da
1958 2357 1959 2422 j

324 2443 407 2515 Quia
431 2447 625 2525 plerumque
645 2448 797 2510 veritatis
822 2449 997 2524 integritas
1016 2463 1076 2525 per
1130 2445 1315 2518 novalibus,
1343 2447 1396 2508 vel
1420 2449 1519 2509 terris
1544 2447 1725 2525 praedictis,
1751 2447 1906 2510 exactione
1958 2451 1959 2520 l

284 2541 445 2604 minorem
458 2543 711 2620 intelligentiam
725 2547 782 2607 aut
794 2545 953 2606 malitiam
967 2545 1077 2606 homi·
1128 2544 1352 2619 gravaverint,
1367 2545 1556 2616 canonicos,
1571 2545 1713 2607 clericos
1729 2547 1799 2607 sive
1813 2559 1906 2605 mona·
1958 2525 1959 2542 ¹

284 2655 362 2698 num
382 2639 592 2716 depravatur,
612 2657 677 2702 non
692 2641 824 2703 videtur
841 2643 1073 2717 incongruum,
1130 2641 1221 2712 chos,
1249 2641 1510 2704 contradictione
1538 2643 1572 2703 et
1603 2642 1827 2719 appellatione
1847 2657 1906 2702 ces-
1958 2655 1959 2726 l

284 2736 313 2796 si
337 2751 387 2808 aa,
409 2753 481 2815 quae
507 2753 574 2798 non
596 2739 772 2800 manifesta
799 2739 887 2801 dicta
909 2739 1072 2810 videntur,
1130 2741 1236 2810 sante,
1253 2737 1340 2800 sicut
1359 2740 1484 2815 justum
1508 2739 1620 2810 luerit,
1635 2740 1818 2801 monitione
1831 2753 1905 2814 pra·

283 2832 325 2893 ad
338 2849 467 2896 omnem
481 2834 707 2911 ambiguitatis
720 2836 910 2913 scrupulum
923 2852 1076 2897 amoven·
1130 2837 1232 2897 missa
1248 2836 1289 2897 ab
1305 2836 1414 2897 officio
1430 2837 1650 2912 suspendatis,
1666 2837 1773 2898 laicos
1787 2851 1905 2898 6116611.-
1958 2833 1959 2892 ἶ

282 2930 360 2991 dum
378 2932 563 2994 evidentius
576 2935 796 3010 exponantur,
804 2935 836 2995 et
851 2933 1075 2996 turbatoribus
1130 2931 1363 2993 municatlonis
1387 2932 1550 2992 sententia
1579 2931 1788 3008 percellatis,
1804 2933 1833 2992 al
1851 2930 1905 2990 1611

282 3028 433 3090 veritatis
461 3030 568 3092 omnis
604 3031 775 3094 auferatur
803 3031 1075 3092 contradictionis
1130 3028 1482 3090 excommunicationis
1495 3043 1593 3104 quam
1608 3029 1835 3105 suspensionis
1846 3042 1906 3087 sen·
1958 3027 1959 3086 l

282 3127 424 3198 occasio,
442 3129 604 3204 quatenus
619 3144 670 3198 ea,
688 3145 761 3205 quae
775 3128 863 3190 dicta
878 3131 965 3199 sunt,
982 3129 1074 3189 nulla
1131 3125 1267 3186 tentiam
1284 3125 1414 3186 faciatis
1437 3125 1596 3203 usquead
1618 3125 1755 3201 dignam
1772 3123 1906 3186 satisfac·
1958 3159 1959 3208 1

283 3222 417 3286 valeant
447 3222 698 3287 obumbratione
720 3225 856 3286 fuscari.
879 3227 1075 3302 Accepimus
1130 3222 1253 3284 tionem
1276 3222 1514 3284 inviolabiliter
1532 3222 1717 3294 observari,
1740 3223 1828 3284 salva
1847 3235 1905 3281 mo-
1958 3271 1959 3286 2

282 3321 403 3391 autem,
421 3322 519 3398 quod,
535 3338 609 3382 cum
629 3321 759 3383 dilectis
778 3321 894 3383 liliis...
915 3323 1074 3398 magistro
1131 3319 1301 3380 deratione
1319 3319 1458 3380 concilii
1479 3320 1658 3394 generalis.
1675 3321 1726 3380 nd
1747 3319 1816 3380 haec
1828 3316 1904 3378 vobis

282 3417 483 3480 etfratribus
496 3419 611 3479 domus
621 3419 803 3494 Hospitalis
817 3422 946 3480 Sanctae
959 3420 1075 3481 Mariae
1131 3417 1342 3493 praesentium
1375 3418 1572 3478 auctoritate
1600 3417 1797 3479 mandamus
1823 3417 1904 3490 atque
1958 3423 1959 3484 l

283 3515 561 3576 Theutonicorum
577 3515 869 3593 Hierosolymitani
883 3515 1075 3577 duxerimus
1130 3513 1352 3590 praecipimus,
1369 3515 1542 3590 quatenus,
1560 3513 1588 3574 si
1607 3514 1681 3590 quis
1700 3513 1736 3576 in
1753 3513 1905 3590 pradinas
1958 3595 1959 3600 ἵ

282 3613 540 3685 concedendum,
564 3615 600 3675 ut
621 3612 660 3674 de
687 3612 870 3686 laboribus,
894 3629 975 3690 quos
997 3628 1076 3690 pcc·
1129 3610 1250 3671 fratres
1271 3625 1388 3672 manus
1404 3610 1566 3672 violentas
1590 3611 1765 3688 injecerit„
1779 3625 1848 3676 eum
1865 3622 1905 3668 ac·

282 3711 363 3786 priis
388 3709 541 3770 manibus
559 3711 612 3772 vel
637 3711 822 3789 sumptibus
844 3711 1011 3782 excolunt,
1035 3710 1075 3773 (16
1130 3707 1238 3770 oensis
1257 3707 1404 3768 candelis
1427 3707 1568 3768 tamdiu
1588 3704 1902 3769 sicutexcommunl-
1958 3785 1959 3800 χ

281 3807 547 3884 possessionibus
560 3808 682 3870 habitis
694 3811 771 3871 ante
782 3809 965 3870 Concilium
978 3823 1075 3885 gene-
1130 3807 1239 3866 catum
1264 3804 1393 3881 publice
1417 3804 1576 3867 nuntietis
1598 3807 1631 3866 61
1648 3803 1782 3866 faciatis
1796 3803 1834 3864 ab
1847 3815 1905 3862 on-
1958 3837 1959 3856 1

280 3905 351 3966 rale
385 3906 511 3966 nemini
540 3907 685 3968 decimas
721 3907 851 3968 solvere
885 3907 1072 3978 teneantur,
1129 3902 1227 3964 nibus
1246 3903 1375 3962 cautius
1393 3901 1522 3975 evitari,
1539 3900 1642 3962 donec
1660 3898 1903 3977 congruesatis-

281 4001 414 4078 quidam
430 4002 470 4063 ah
486 4003 534 4063 eis
555 4003 772 4064 nibilominus
789 4004 862 4080 post
877 4002 1075 4064 celebratio-
1130 3999 1231 4061 iaciat
1255 3998 1421 4075 praedictis
1450 3998 1619 4070 iratribus,
1640 3999 1673 4060 et
1702 4015 1779 4060 cum
1803 3993 1903 4057 littaris
1958 4023 1959 4084 3

281 4115 357 4159 nem
369 4099 535 4176 generalis
547 4100 697 4170 concilii,
708 4099 1074 4176 contraindulgentiam
1129 4097 1308 4157 dioecesani
1328 4096 1474 4172 episcopi
1493 4095 1542 4156 rei
1557 4097 1734 4156 veritatem
1749 4095 1903 4157 continen-
1958 4105 1959 4178 1

281 4196 1076 4274 661161666161166,166166616616116116666-
1129 4192 1216 4253 tibus
1231 4192 1420 4268 Apostolico
1435 4207 1471 4252 se
1486 4194 1677 4268 conspectui
1695 4187 1900 4269 repraesentet
1958 4209 1959 4214 ¹

280 4293 485 4357 sessionibus
507 4294 642 4369 exigere
664 4309 703 4355 ac
725 4297 925 4371 extorquere
947 4309 1075 4370 praesu·
1129 4290 1246 4350 Datum
1260 4289 1427 4361 Laterani,
1444 4291 1502 4350 XV
1516 4289 1583 4348 kal.
1600 4289 1775 4362 februarii,
1791 4283 1903 4366 pontid·

280 4393 384 4464 munt,
406 4407 445 4452 ac
465 4407 567 4468 prava
589 4393 622 4454 et
645 4392 781 4453 sinistra
803 4390 1074 4467 interpretatione
1130 4388 1223 4448 catus
1238 4387 1343 4448 nostri
1359 4401 1446 4447 anno
1462 4387 1587 4463 quinto.
1958 4383 1959 4412 1

280 4489 461 4565 Apostolici
475 4490 640 4566 privilegii
654 4489 836 4564 capitulum
848 4490 1073 4566 pervertentes

281 4588 437 4650 asserunt
450 4588 491 4648 de
515 4587 689 4650 novalibus
705 4587 824 4648 (161616
848 4586 1000 4661 intelligi,
1018 4585 1073 4646 uhi
1464 4544 1580 4632 1111111
1958 4627 1959 4664 3

179 4725 183 4746 .
280 4685 431 4746 noscitur
451 4684 492 4746 de
509 4683 677 4747 laboribus
697 4699 771 4744 6666
792 4684 961 4760 scriptum.
986 4685 1076 4754 Quo·
1143 4678 1416 4754 Admapistrum
1429 4677 1617 4751 Hospitalis
1631 4679 1770 4740 Sanctae
1781 4674 1889 4738 uana
1958 4699 1959 4768 3

279 4783 371 4844 niam
396 4781 499 4857 igitur
519 4782 731 4843 manifestum
754 4781 804 4842 est
827 4779 991 4852 omnibus,
1018 4781 1073 4857 qui
1377 4773 1672 4836 meutoezmorum.
1958 4781 1959 4784 ’

279 4881 370 4942 16616
392 4881 536 4957 sapiunt,
558 4879 865 4956 interpretationem
885 4877 1073 4954 hujusmodi
1423 4885 1625 4959 1811161111.

279 4993 470 5056 perversam
494 4992 567 5038 6666
588 4978 621 5039 61
639 4976 823 5038 intellectui
839 4990 920 5036 sano
941 4977 1074 5036 contra·
1310 4991 1447 5056 [stellae
1459 4991 1476 5042 1.
1488 5005 1557 5055 e.,p.
1569 4991 1624 5050 ael,
1638 4991 1744 5057 11116]

279 5076 375 5149 riam,
391 5089 465 5136 0¹1m
488 5073 667 5136 1601111111
687 5073 867 5148 capitulum
886 5072 968 5132 illud
984 5087 1004 5132 a
1019 5085 1074 5132 ⁸0·
1128 5088 1263 5147 Ordinem
1278 5089 1485 5147 'theutonicum
1503 5087 1555 5145 sub
1571 5087 1742 5161 apostolieae
1761 5085 1835 5147 sedis
1848 5095 1897 5155 pro·

280 5173 407 5235 16116116
421 5172 624 5233 decimarum
642 5173 708 5233 tam
728 5169 768 5232 de
787 5169 885 5231 terris
900 5168 978 5241 illis,
991 5183 1073 5246 quas
1164 5178 1286 5235 tectione
1297 5176 1376 5251 jubet
1391 5191 1465 5247 esse,
1481 5177 1668 5250 conceditque
1681 5185 1712 5235 ut
1725 5175 1842 5246 undique
1853 5169 1897 5227 de·

279 5270 491 5332 deduxerunt
508 5269 560 5335 vol
576 5268 742 5330 deducunt
760 5267 800 5328 ad
824 5266 958 5338 cultum,
977 5282 1073 5343 quam
1164 5267 1239 5323 ricus
1261 5265 1399 5339 suscipiat
1419 5273 1448 5324 et
1470 5265 1568 5323 liberm
1595 5266 1747 5338 sepultura
1774 5256 1898 5337 privilegio

278 5369 320 5429 de
334 5369 434 5429 terris
454 5368 553 5430 etiam
569 5367 678 5438 6111116,
698 5381 780 5442 quas
802 5365 946 5442 propriis
966 5364 1075 5424 mani·
1164 5354 1281 5414 fruitur·

280 5466 342 5527 hus
359 5465 411 5526 vel
432 5463 616 5542 sumptibus
638 5463 804 5534 excolunt,
827 5461 922 5523 liberi
945 5462 1074 5538 penitus
1169 5463 1336 5526 Honorius
1345 5462 1531 5539 episcopus,
1542 5474 1830 5524 servusservorum
1840 5449 1896 5518 nei,

280 5563 348 5628 sint
363 5565 396 5625 et
409 5564 585 5633 immunes,
605 5576 646 5622 ne
661 5561 748 5621 ullus
764 5561 878 5622 contra
893 5575 950 5620 eos
966 5561 1074 5621 mate·
1131 5561 1290 5645 magistro
1311 5564 1344 5624 et
1366 5560 1525 5623 iratribus
1550 5560 1729 5636 Hospitalis
1751 5561 1782 5620 S.
1804 5548 1898 5614 blariae

316 5667 355 5742 (1)
373 5666 510 5726 Duellius.
