4088 6306
868 367 1044 430 HONORII
1068 369 1113 430 111
1134 371 1281 432 OPERA.
1835 369 1897 429 216

244 375 305 435 215

1093 528 1280 589 nostrum...
1302 527 1494 606 episcopum
1515 527 1549 590 et
1570 527 1709 589 dilectos
1730 527 1895 589 11116661·-

1094 624 1325 686 chidiaconum
1340 627 1409 685 et...
1427 625 1589 686 decanum
1606 624 1720 686 Sancti
1740 625 1894 686 Marcelli

1095 721 1256 782 Parisian.
1272 721 1400 782 litteras
1418 721 1640 798 impetrasset,
1659 722 1695 783 ut
1709 722 1758 782 eis
1774 723 1894 784 contra

1094 817 1249 894 praelatos
1271 818 1559 896 archiepiscopum
1580 823 1613 880 et
1633 818 1814 896 capitulum
1832 833 1893 878 es-

524 909 560 968 26
571 907 669 980 cltil'll
682 907 760 965 ¹2¹⁹·
1095 915 1167 976 sent
1181 914 1312 992 judices
1327 915 1501 994 speciales,
1518 915 1569 976 illi
1584 916 1760 976 occasione
1774 915 1896 990 hujus-

345 1025 505 1091 [Wurtvein.
520 1022 729 1080 Novesnhsidia,
744 1021 864 1086 ulpian,
875 1017 943 1084 llo]
1095 1011 1180 1072 modi
1195 1011 1463 1089 jurisdictionem
1478 1011 1541 1073 sibi
1560 1013 1752 1088 perpetuam
1773 1017 1895 1072 contra

247 1133 372 1202 pandat,
389 1139 419 1190 υς
430 1130 528 1189 domui
542 1129 577 1188 αθ
592 1131 674 1188 Novo
692 1129 791 1187 cmo
806 1125 987 1200 (pflumpufg
1005 1123 1041 1182 aa
1095 1123 1151 1168 eos
1171 1107 1316 1169 indebita
1331 1109 1543 1185 usurpantes,
1558 1110 1687 1170 tantum
1708 1109 1896 1170 extendunt

282 1222 385 1293 Bober)
398 1220 460 1277 ord.
473 1221 500 1278 s.
513 1217 806 1292 Augustwratlslav.
823 1212 1041 1280 dtoec,declmas
1095 1204 1222 1273 eadem,
1238 1206 1323 1283 quod
1343 1221 1408 1267 non
1425 1206 1531 1268 solum
1547 1221 1666 1268 causas
1678 1221 1751 1283 quae
1764 1205 1893 1266 inter...

282 1318 397 1368 cantum
420 1308 522 1381 viginti
545 1321 709 1365 mensorum
731 1304 879 1378 cujusdam
905 1303 1040 1371 nemoris,
1096 1302 1382 1381 archiepiscopum
1402 1304 1472 1365 et...
1495 1303 1697 1366 abbatissam
1723 1319 1785 1381 pro
1808 1304 1896 1364 tem-

281 1413 354 1470 quos
377 1395 593 1476 ilenricns'dux
613 1395 720 1452 Sileslae
740 1392 833 1450 eidem
855 1391 972 1449 daturus
993 1390 1040 1460 sit,
1096 1414 1175 1476 pop-0
1201 1401 1366 1472 oriuntur,
1394 1401 1540 1477 gostiunt
1559 1401 1752 1472 terminare,
1774 1415 1895 1462 vesum

281 1484 450 1544 cccccdcssi·
1095 1496 1195 1557 etiam
1222 1495 1313 1574 ipsos
1337 1497 1378 1558 ab
1409 1495 1459 1558 eis
1486 1513 1553 1558 non
1577 1497 1751 1576 patiuntur
1779 1499 1897 1574 petere

286 1595 466 1665 Honorius,
493 1592 569 1664 616,
594 1592 750 1668 episcopo
765 1591 798 1652 et
811 1589 941 1651 dilectis
964 1586 1042 1648 illlis
1091 1597 1169 1671 jura
1189 1610 1249 1655 sua
1270 1595 1305 1654 in
1332 1608 1446 1656 porum
1461 1610 1527 1655 non
1548 1595 1712 1656 [marcum
1732 1594 1897 1672 praejudj.

246 1690 392 1768 eapitulo
413 1688 695 1760 wratislaviensi,
708 1687 848 1749 salutem
861 1687 894 1748 et
908 1689 1043 1762 aposto·
1095 1691 1194 1762 cium,
1211 1693 1245 1753 et
1262 1705 1461 1766 gravamem
1483 1707 1586 1770 quare
1603 1691 1698 1752 nobis
1720 1691 1897 1754 humiliter

194 1864 196 1875 Ι
247 1786 346 1850 licam
361 1785 634 1848 benedictionem.
1095 1788 1304 1867 supplicavit,
1322 1789 1357 1850 ut
1375 1805 1451 1850 cum
1474 1804 1540 1849 uon
1555 1789 1600 1850 sit
1612 1788 1797 1850 verisimile
1811 1803 1897 1866 prae-

287 1885 433 1946 Dilcctus
453 1883 541 1945 filius
562 1881 685 1944 nobilis
701 1879 764 1954 Vir·
781 1881 957 1950 muricus,
974 1878 1042 1940 dcx
1095 1885 1218 1947 dictum
1236 1883 1445 1946 decessorem
1462 1886 1611 1947 nostrum
1627 1886 1726 1946 etiam
1739 1885 1814 1962 post
1829 1884 1894 1946 do-

246 1981 377 2043 silesiae
392 1981 488 2042 nobis
508 1980 680 2040 insinuare
698 1978 838 2049 curavit,
855 1977 940 2054 quod
957 1990 1040 2038 oon-
1095 1997 1223 2042 cassum
1239 1997 1335 2043 snum
1350 1983 1399 2042 eis
1414 1981 1560 2044 voluisse
1576 1983 1771 2059 perpetuare
1782 1971 1898 2059 jnrisss

245 2077 399 2140 siderans
421 2077 649 2156 paupertatem
664 2074 780 2136 domus
796 2072 836 2135 de
851 2074 945 2135 Novo
961 2074 1042 2134 Gas—
1095 2079 1272 2141 dictionem
1297 2079 1499 2156 hujusmodi,
1528 2078 1581 2140 vel
1606 2079 1706 2140 etiam
1731 2078 1894 2148 valuisse,

245 2177 297 2238 tro
323 2175 450 2238 ordinis
475 2177 508 2236 S.
536 2172 712 2248 Augustini
738 2173 859 2233 vestrae
887 2170 1041 2231 dioecesis
1096 2190 1277 2251 congruum
1294 2191 1394 2253 snper
1408 2175 1471 2237 hoc
1486 2176 1535 2237 eis
1555 2176 1770 2250 dignaremur
1782 2191 1899 2236 reme-

244 2274 377 2335 centum
391 2271 510 2348 viginti
538 2285 672 2331 mansos
698 2267 871 2346 quusdam
895 2264 1041 2328 nemoris
1096 2272 1186 2334 dium
1198 2272 1369 2335 adbibere.
1386 2273 1548 2344 Quocirca
1562 2272 1755 2333 discretioni
1770 2274 1896 2334 vestrae

245 2367 300 2430 sui
313 2367 363 2428 eis
384 2365 464 2428 dare
479 2364 651 2442 proposuit
663 2362 839 2424 dummodo
853 2377 913 2425 vos
928 2361 977 2422 eis
989 2375 1042 2422 θο-
1095 2385 1155 2447 per
1179 2369 1367 2447 Apostolioa
1394 2371 1517 2448 scripta
1540 2371 1748 2442 mandamllS,
1775 2371 1897 2446 quate-

246 2463 397 2525 rumdem
429 2476 622 2524 mansorum
656 2459 802 2521 decimas
835 2457 1039 2528 concedatis,
1095 2483 1169 2537 uus,
1196 2467 1225 2526 si
1247 2482 1318 2527 rem
1346 2467 1541 2528 inveneritis
1559 2467 1606 2528 ita
1626 2481 1710 2538 esse,
1734 2465 1897 2542 praedicto

247 2560 327 2623 licet
341 2563 448 2639 major
462 2574 539 2637 pars
554 2559 700 2619 vestrum
711 2557 746 2617 in
761 2555 951 2633 hujusmodl
967 2571 1043 2616 oon·
1096 2565 1250 2642 episcopo
1270 2566 1303 2625 et
1321 2563 1458 2640 collegis
1476 2563 1582 2640 ipsius
1602 2578 1702 2640 super
1721 2563 1785 2624 hoc
1810 2577 1898 2623 auc.

248 2657 400 2719 cessione
419 2655 606 2727 concordet,
621 2652 754 2732 quidam
774 2655 885 2715 tamen
906 2668 925 2715 a
946 2651 1040 2714 vobis
1095 2661 1229 2722 toritas
1250 2662 1363 2722 nostra
1385 2661 1552 2722 silentium
1576 2659 1765 2736 imponatis.
1797 2659 1897 2732 Quod

247 2755 394 2816 nondum
422 2752 633 2830 acquiescere
660 2750 836 2812 voluerint.
866 2751 916 2812 Ne
943 2749 1044 2826 igitur
1096 2758 1204 2820 sinon
1220 2755 1769 2834 0mnes‚0t0,natum110maeapud
1786 2759 1899 2822 sanc.

248 2851 339 2929 pium
363 2847 484 2913 nobilis
507 2847 656 2927 praedicti
681 2847 884 2925 propositum
909 2846 951 2907 cb
980 2846 1043 2908 hcc
1095 2856 1165 2917 tum
1195 2856 1339 2925 Petrum,
1366 2855 1460 2915 sexto
1478 2853 1545 2914 kal.
1569 2853 1661 2925 mail,
1681 2853 1898 2930 pontificatus

248 2946 414 3010 retardari
428 2945 608 3023 contingat,
632 2946 665 3007 et
683 2944 756 3022 ipso
775 2960 910 3007 nemore
932 2958 1044 3005 rema·
1097 2952 1203 3014 nostri
1215 2966 1302 3014 anno
1321 2951 1431 3013 terlio.

589 556 703 645 CCIV

264 695 317 756 Ad
327 692 557 756 Laurentium
572 693 769 765 episcopum
784 689 818 749 et
834 687 1021 761 capitulum

502 787 793 850 Wrcttstuvtense.

250 3045 349 3106 nante
362 3043 498 3116 inculto,
513 3058 573 3104 uec
587 3041 682 3104 vohis
698 3058 760 3104 nec
774 3041 933 3104 fratribus
946 3040 1042 3102 uicta

248 3141 365 3202 domus
380 3155 422 3202 ex
436 3157 476 3202 eo
491 3138 615 3217 aliquid
631 3139 784 3200 utilitatis
803 3139 950 3210 accedat,
965 3139 1043 3198 uni-

248 3237 441 3298 versitatem
459 3235 605 3298 vestram
629 3235 811 3311 rogandam
832 3234 988 3295 duximus
1011 3236 1044 3296 61

248 3333 458 3422 bortandem,
471 3347 531 3410 per
541 3331 731 3418 apostolica
745 3331 868 3409 scripta
881 3330 1044 3392 mandan-

248 3431 310 3502 tes,
323 3433 486 3507 quatenus
500 3427 667 3506 praedlctae
684 3427 796 3489 domui
810 3427 956 3488 decimas
971 3427 1044 3488 dic-

246 3527 356 3588 torum
390 3541 581 3587 mansorum
605 3524 813 3586 concorditer
839 3523 1041 3595 concedatis,

247 3623 439 3684 mandatum
460 3621 608 3683 nostrum
625 3621 738 3682 taliter
751 3621 931 3699 impleturi,
956 3619 1043 3697 quod

248 3718 349 3782 iidem
364 3719 485 3780 iratres
500 3717 634 3796 propter
654 3718 717 3779 hoo
736 3717 777 3778 ad
793 3733 853 3778 nos
868 3731 1043 3778 recurrere

248 3833 314 3878 non
327 3815 498 3894 cogantur.
521 3817 638 3877 natum
654 3816 767 3876 Romae
782 3813 868 3891 apud
885 3815 1043 3876 Sanctum

248 3915 383 3976 Petrum
397 3912 602 3976 Vllsalmali
615 3911 826 3990 pontificatus
839 3911 1043 3974 nostrianno

143 4089 150 4104 ι
247 4011 357 4074 tertio.

599 4133 694 4219 dcv
759 4123 763 4126 ’

246 4276 299 4337 Act
325 4277 504 4346 moeream,
526 4273 705 4335 cantorem
728 4273 762 4336 et
786 4273 1044 4334 thesaurarium

529 4372 763 4431 stromateas.

521 4482 557 4540 26
571 4483 668 4554 aprilis
684 4481 762 4539 1119.

275 4587 395 4652 [negat.
408 4585 453 4638 lib.
467 4585 512 4648 111,
522 4587 595 4651 epist.
607 4586 663 4636 121.
675 4587 732 4638 llss.
744 4586 779 4636 la
789 4585 866 4636 Porta
878 4583 913 4634 du
925 4581 1019 4646 rnen]

247 4692 381 4754 Prohibet
393 4707 429 4750 ne
447 4692 558 4766 judices
576 4693 649 4750 inter
667 4691 913 4764 archiepiscopum
934 4687 1040 4747 1161116-

282 4793 398 4853 magen.
415 4787 442 4838 et
455 4779 628 4838 abbatissam
642 4781 808 4837 monasterii
820 4779 935 4840 villaris
946 4784 1042 4834 exten·

281 4867 351 4925 dant
364 4869 486 4940 amplius
497 4881 578 4924 suern
591 4866 828 4939 jurisdictionem.

286 4984 466 5056 Honorius,
490 4983 566 5056 etc,
590 4983 720 5044 dilectis
738 4981 855 5043 liliis...
877 4981 1041 5043 decano...

247 5081 377 5145 cantori
389 5083 459 5142 61...
476 5079 688 5142 thesaurario
702 5078 875 5141 Ebroicen.

286 5177 496 5240 Venerabilis
519 5175 624 5241 frater
644 5176 795 5239 noster...
815 5173 1043 5250 archiepisco-

1434 3083 1551 3172 tovl

1187 3220 1240 3280 Act
1259 3218 1471 3292 stepponem
1499 3219 1797 3280 cantuariensem,

1381 3330 1415 3388 27
1431 3329 1510 3401 april.
1524 3328 1602 3387 1119.

1221 3434 1373 3499 [bullarium
1385 3436 1470 3487 Rom..
1481 3433 1543 3484 edit.
1554 3435 1629 3486 laur.
1645 3435 1687 3494 lll,
1700 3434 1769 3501 aaa]

1098 3531 1214 3591 Mandat
1226 3541 1258 3590 ut
1270 3533 1422 3590 lnior-ment
1434 3531 1470 3589 de
1484 3533 1541 3591 vita
1555 3539 1584 3590 et
1598 3533 1744 3590 miraculis
1764 3533 1898 3607 llugonls

1309 3619 1518 3678 lincolniensis
1539 3621 1677 3692 episcopt.

1138 3727 1303 3789 Honorius
1319 3726 1493 3805 episcopus
1507 3741 1623 3788 servus
1636 3741 1809 3788 servorum
1818 3727 1894 3800 Dei,

1097 3821 1344 3886 venerabilibus
1357 3823 1514 3884 tratribus
1528 3823 1779 3900 archiepiscopo
1800 3825 1893 3885 (lau-

1098 3921 1384 3988 tuarien.,sanctae
1397 3920 1554 3982 Romanae
1564 3920 1720 3982 Ecclesia
1730 3921 1897 3982 cardinali

1097 4019 1130 4078 et
1158 4019 1314 4095 episcopo
1346 4018 1578 4088 conventren,
1603 4019 1637 4079 et
1674 4017 1795 4079 dilecto
1824 4016 1896 4080 tilio

1097 4111 1210 4176 abbati
1223 4112 1264 4173 de
1280 4112 1438 4173 Fontibus
1452 4113 1643 4176 cistercien.
1657 4112 1795 4184 ordinis,
1808 4111 1897 4174 Ebo-

1098 4225 1209 4270 racen.
1239 4209 1404 4281 dioecesis,
1434 4209 1574 4271 salutem
1610 4209 1643 4270 et
1676 4209 1896 4286 apostolicam

1097 4305 1371 4367 benedictionem.
1509 4299 1514 4318 '

1137 4405 1217 4464 Cum
1246 4403 1404 4480 juventus
1447 4402 1614 4474 Ecclesiae,
1654 4403 1740 4464 sicut
1780 4401 1895 4478 aquila

1096 4499 1288 4572 renovetur,
1304 4515 1379 4562 cum
1394 4500 1499 4563 simus
1512 4501 1546 4559 in
1560 4514 1642 4575 quos
1655 4499 1737 4560 lines
1751 4499 1897 4560 saeculo-

1098 4612 1183 4667 rum,
1217 4595 1397 4657 secundum
1423 4595 1634 4672 Apostolum,
1675 4595 1893 4664 devenerunt,

1098 4693 1237 4754 innovat
1251 4691 1346 4768 signa
1367 4693 1535 4764 Dominus,
1553 4695 1586 4754 et
1610 4693 1762 4754 immutat
1785 4693 1895 4754 mira-

1097 4788 1177 4849 bilia
1196 4788 1372 4864 magnillce
1393 4789 1575 4850 mirificans
1597 4792 1729 4851 sanctos
1749 4805 1827 4850 suos
1851 4790 1894 4850 ad

1098 4886 1358 4946 confirmandam
1392 4885 1565 4947 catholicae
1590 4885 1667 4947 lidei
1702 4887 1893 4963 puritatem,

1097 4982 1130 5044 et
1144 4982 1342 5058 pravitatem
1361 4981 1553 5043 haereticam
1578 4983 1825 5056 confutandam,
1850 4984 1893 5045 ad

1097 5079 1354 5140 convertendum
1394 5079 1595 5151 incredulos,
1640 5079 1681 5140 ad
1725 5080 1894 5158 justornm

1098 5175 1283 5248 scientiam,
1297 5175 1330 5237 et
1343 5175 1443 5236 corda
1458 5175 1605 5237 bdelium
1618 5176 1653 5236 in
1667 5176 1718 5236 sui
1740 5177 1894 5238 condito-

248 5291 309 5354 pus
328 5277 361 5337 et
383 5274 495 5337 dilecti
514 5273 577 5335 lilii
596 5273 778 5350 capitulum
803 5269 1040 5347 Rotbomagen.
1097 5272 1145 5332 ris
1172 5286 1319 5333 amorem
1348 5273 1495 5334 suaviter
1535 5272 1793 5334 accendendum.
1838 5274 1894 5334 Sic

246 5371 447 5435 transmissa
480 5370 575 5432 nobis
607 5368 847 5446 conquestione
877 5367 1044 5428 monstra·
1097 5367 1185 5428 enim
1217 5367 1350 5445 fulgura
1376 5369 1412 5430 in
1441 5370 1587 5446 pluviam
1614 5369 1693 5432 tacit
1720 5370 1890 5440 Dominus,

247 5469 335 5540 runt,
354 5466 440 5545 quod
453 5483 568 5528 cum...
584 5464 754 5528 abbatissa
764 5463 958 5527 monasterii
971 5463 1044 5525 Vil-
1097 5479 1172 5526 cnm
1185 5464 1422 5526 miraculorum
1433 5465 1719 5528 coruscationibus
1732 5465 1889 5542 gloriosis

247 5566 329 5627 laris
340 5581 360 5626 a
373 5563 480 5626 felicis
491 5563 860 5626 memoriaelnnocentio
872 5575 956 5639 papa
967 5575 1044 5637 prae
1098 5561 1274 5622 ecclesiam
1289 5577 1383 5623 suam
1399 5564 1547 5626 sanctam
1562 5563 1718 5639 dignatur
1741 5561 1890 5624 salubri-

248 5663 424 5722 decessore
450 5661 562 5720 nostro
587 5659 628 5719 ad
655 5659 881 5720 venerabilem
908 5655 1042 5718 tratrem
1096 5657 1148 5718 tor
1174 5657 1377 5722 loecundaro.
1408 5660 1488 5732 Quis
1514 5661 1602 5722 enim
1626 5661 1745 5722 videns
1766 5661 1892 5722 electos
