3946 6304
80 371 128 436 581
693 369 922 432 EPISTOLAE.
946 373 1027 436 Lis,
1047 375 1085 435 V.

1642 375 1702 438 582

74 529 394 605 ditorem‚ccramquo
402 543 476 590 cum
483 527 605 604 singuli
614 530 847 606 procuratores
902 531 988 593 tioni
1001 533 1121 595 vestrae
1136 549 1195 610 per
1209 533 1398 610 apostolica
1418 534 1540 610 scripte
1561 533 1700 596 manda-

73 624 510 704 aliquandiudisceptassent,
521 626 597 703 quia
608 626 750 688 vidimus
761 626 848 704 quod
903 644 976 689 mus
985 631 1159 705 quatenus,
1168 627 1368 691 revocatoin
1378 631 1501 692 statum
1512 631 1658 693 debitum
1670 632 1699 692 si

75 721 203 800 provisio
218 723 429 784 Beivacensis
441 721 591 784 ecclesiae
613 723 708 785 nobis
724 725 850 802 princi·
903 726 980 802 quid
992 727 1107 788 contra
1121 727 1221 804 ipsos,
1234 728 1322 804 juris
1333 729 1448 790 ordine
1462 729 1697 806 praetermisso,

73 820 178 898 paliter
199 819 402 891 imminebat,
420 836 493 881 eam
512 820 618 892 vobis,
644 820 684 882 de
708 837 848 899 quorum
904 822 1030 885 lecistis
1052 825 1087 884 in
1108 825 1299 903 hujusmodi
1317 826 1460 902 negotio,
1482 827 1605 888 auditis
1626 844 1700 905 quee

73 917 265 978 rectitudinis
284 918 355 979 zelo
370 919 403 980 et
426 918 566 980 rationis
588 918 705 994 vigore
727 919 848 980 lauda·
905 923 1015 998 partes
1028 922 1184 983 duxerint
1198 925 1422 1000 proponenda,
1436 924 1565 986 sublato
1581 925 1699 1002 appel-

72 1013 228 1075 biienobis
238 1015 465 1092 testimonium
478 1015 682 1092 perhibetur,
693 1017 850 1078 duximus
905 1017 1039 1081 lationis
1054 1019 1234 1092 obstaculo,
1251 1021 1382 1082 ratione
1397 1023 1521 1098 praevia
1535 1024 1701 1099 proceda-

72 1111 602 1188 oommrttenuam‚pernpostotica
618 1113 852 1190 scriptaman-
905 1117 959 1178 tis
986 1117 1131 1190 Quodsi
1160 1133 1225 1179 non
1258 1134 1372 1180 omnes
1397 1119 1449 1182 his
1481 1121 1701 1196 exsequendis

72 1207 173 1270 dantes
188 1209 220 1268 et
244 1207 445 1270 obtestantes
466 1225 527 1287 per
546 1211 744 1286 sanguinem
771 1213 851 1273 Jesu
906 1214 1056 1290 poteritis
1081 1214 1256 1288 interesse,
1281 1217 1317 1277 tu
1339 1231 1390 1287 ea,
1406 1216 1510 1278 irater
1533 1217 1700 1294 episcope,

73 1305 191 1376 christi,
205 1307 366 1382 quatenus
379 1305 538 1370 hahentes
546 1322 615 1384 prce
629 1308 734 1370 oculis
744 1307 850 1369 solum
906 1297 980 1374 cum
996 1327 1111 1374 eorum
1125 1311 1229 1376 altero
1252 1314 1469 1376 nihilominus
1493 1315 1700 1394 exsequaris.

73 1405 173 1474 heum,
184 1401 358 1475 beneficia,
371 1419 444 1481 quae
457 1404 496 1465 ad
508 1403 719 1467 donationem
728 1403 850 1467 Belua·
907 1408 1025 1470 Datum
1040 1411 1207 1480 Laterani,
1224 1413 1268 1472 ΙΙΙ
1282 1427 1359 1473 non.
1373 1411 1519 1475 decemb.
1535 1411 1704 1490 pontifica-

72 1500 167 1560 censis
179 1499 287 1576 electi,
297 1501 326 1562 si
339 1515 485 1577 prensens
496 1503 665 1594 existeret,
681 1503 853 1581 pertinen-
906 1508 959 1569 tus
970 1507 1075 1570 nostri
1089 1522 1177 1570 anno
1193 1509 1319 1586 quinto.

72 1597 147 1658 tibus
162 1597 312 1674 personis
332 1598 488 1661 litteratis
504 1601 536 1661 et
553 1601 712 1671 honestis,
724 1599 851 1662 etalias
1247 1665 1367 1756 CXVI

73 1693 186 1756 idoneis
220 1695 415 1768 conteratis,
441 1698 475 1758 et
501 1697 649 1758 vicissim
677 1698 852 1760 visitantes

72 1791 235 1864 civitatem,
266 1793 300 1854 et
314 1791 483 1854 dioecesim
498 1795 732 1856 belvacensem
748 1795 851 1856 lucris
907 1801 959 1860 Ad
975 1803 1256 1864 archidiaconum
1279 1805 1420 1874 Remea,
1448 1818 1492 1866 oc
1512 1807 1705 1870 Iohannem

72 1889 218 1951 studeatis
232 1891 405 1952 intendere
417 1893 616 1976 animarum,
633 1893 853 1954 ministrando
947 1899 988 1960 de
1003 1901 1155 1963 Portstts
1173 1900 1206 1962 ct
1227 1901 1274 1960 W.
1298 1903 1339 1962 dc
1364 1903 1505 1964 Lestcco
1521 1907 1704 1966 cartoutcos

72 1986 187 2063 populis
201 1987 359 2064 pabulum
380 1989 474 2050 verbi
489 1989 560 2061 Dei,
577 1993 610 2051 et
624 1989 853 2052 concessiones
947 1998 1081 2058 Eduen.

73 2085 291 2162 penitentium
306 2085 483 2158 audiendo,
500 2088 547 2149 ita
567 2088 652 2165 quod
666 2089 769 2149 heum
792 2103 854 2149 vo-
1173 2071 1334 2132 ³d⁰⁰0fflb·
1355 2073 1434 2134 ¹²²0·

71 2181 114 2242 bis
127 2182 246 2244 exinde
260 2184 414 2245 meritum
425 2187 635 2262 comparetis,
650 2185 684 2247 et
697 2201 758 2246 nos
776 2185 854 2246 dili·
931 2177 1051 2242 saepest,
1064 2175 1109 2228 ¹¹¹1·
1121 2177 1152 2238 V·
1165 2179 1239 2244 epist.
1253 2177 1308 2230 ἥδ·
1323 2181 1379 2230 ttss.
1398 2182 1435 2232 ua
1445 2183 1521 2234 rorte
1537 2183 1572 2234 cu
1585 2183 1679 2247 Theti]

72 2281 202 2354 gentiam
216 2283 362 2342 vestram
378 2281 541 2358 possimus
559 2283 677 2344 meritc
691 2297 853 2344 commen·
908 2283 1023 2344 Mandat
1050 2291 1082 2342 ut
1096 2292 1221 2344 statuant
1239 2301 1325 2360 super
1347 2288 1531 2362 requisitione
1554 2281 1705 2349 canonico

72 2377 150 2438 dare.
167 2379 285 2440 Datum
304 2379 471 2452 Laterani,
482 2381 582 2442 tertio
597 2395 702 2442 nonas
717 2380 853 2442 decem·
943 2373 1216 2433 rumPrimiacensis
1227 2375 1421 2450 ecclesiae,qui
1432 2376 1586 2452 dignitates
1600 2387 1628 2438 et
1638 2394 1703 2452 per·

73 2471 142 2546 bris,
157 2489 245 2537 anno
260 2475 387 2554 quinto,
943 2470 1063 2520 senatus
1077 2461 1106 2519 ln
1122 2463 1248 2536 ipsorum
1263 2465 1384 2522 ecclesia
1399 2466 1472 2540 erigi
1488 2465 1679 2538 postulabant.

949 2580 1127 2650 Honorius,
1145 2581 1219 2653 etc,
1237 2581 1365 2646 dilectis
1377 2581 1455 2644 tiliis
1468 2584 1705 2648 archidiacono

408 2655 509 2741 CXV

74 2785 118 2844 tc
138 2787 337 2848 tamensem
359 2789 565 2862 episcopum,
581 2789 699 2849 sonctt
714 2791 801 2863 crtpt
822 2787 855 2850 et
910 2777 1001 2839 staec
1012 2777 1184 2838 canonicis
1198 2777 1322 2838 Eduen·

237 2885 358 2945 sarton
369 2885 517 2946 Marttnt
529 2887 674 2947 appares,
951 2873 1112 2949 Expecta
1141 2871 1335 2934 dilectorum
1359 2873 1502 2936 illiorum
1525 2877 1705 2938 canonico-

330 2995 487 3054 3deoemp,
505 2995 584 3056 laio.
910 2983 984 3032 rum
1000 2967 1235 3030 Primiacensis
1247 2969 1398 3031 ecclesiae
1409 2969 1472 3032 fuit
1484 2970 1703 3034 nohishumi-

112 3099 285 3166 [nomm
300 3101 331 3162 v,
348 3103 422 3167 epist.
433 3101 488 3154 ,93¹
509 3101 636 3170 bouquet,
651 3103 809 3158 aeoueildes
910 3067 987 3128 liter
1002 3065 1232 3144 supplicatum,
1249 3067 1285 3128 ut
1307 3082 1382 3128 cum
1404 3069 1438 3130 in
1454 3069 1531 3129 aliis
1555 3083 1704 3132 conven-

340 3183 414 3240 ΗΜ,
426 3183 493 3240 xpp,
509 3183 576 3248 tta]
909 3163 1055 3225 tualibus
1065 3163 1215 3225 ecclesiis
1224 3164 1349 3226 circum
1361 3165 1545 3243 adjacentis
1559 3168 1705 3246 undique

909 2679 1034 2740 Belnen
1046 2679 1233 2742 etiohauni
1247 2677 1286 2740 de
1302 2679 1453 2753 Parisiis,
1470 2683 1502 2744 et
1521 2681 1572 2742 W.
1585 2682 1626 2744 de
1642 2685 1706 2746 Le-
1813 2667 1821 2676 ⁸

74 3278 203 3352 litigante
211 3277 247 3337 de
260 3279 502 3338 autissiodorensi
526 3283 660 3341 comitatu
672 3281 802 3356 Philippo
821 3281 857 3340 de

102 3367 267 3436 Curtiniaco,
281 3371 471 3427 Namurcensi
485 3371 600 3441 comite,
614 3387 677 3428 cum
695 3373 806 3428 llerveo
821 3370 856 3428 de

103 3456 250 3525 bornaco,
266 3457 372 3515 comite
387 3459 567 3528 Nivernenei,
583 3459 727 3517 Honorius
741 3458 856 3534 delega-

102 3543 161 3600 tisa
176 3557 207 3600 se
218 3543 364 3616 judicibus
376 3545 493 3605 mandat
507 3553 537 3604 ut
549 3561 590 3611 ea¹
602 3561 666 3620 que
678 3554 776 3604 contre
786 3548 857 3621 juris

103 3631 225 3690 ordinem
239 3640 374 3705 egerunt,
388 3631 554 3692 reforment.

106 3749 271 3811 Honorius
287 3749 463 3828 episcopus
478 3767 595 3813 servus
610 3767 783 3814 servorum
798 3754 856 3816 Dei

72 3845 244 3906 venerabili
269 3845 364 3908 fratri
389 3848 545 3926 episcopo
571 3851 604 3910 et
623 3849 752 3913 dilectis
779 3851 857 3914 tiliis

74 3941 175 4004 Sancti
205 3943 291 4020 Lupi
326 3943 359 4006 et
387 3945 499 4007 sancti
522 3945 658 4010 Martini
684 3946 856 4009 abbatibus

71 4037 224 4114 trecens,
253 4041 444 4104 salutemet
470 4044 686 4120 apostolicam
700 4043 857 4108 benedic-

73 4132 223 4198 tionem*

106 4233 151 4294 Ex
163 4233 390 4297 insinuatione
401 4235 523 4298 nobilis
531 4237 596 4298 viri
607 4237 857 4302 comitisNiver·

72 4331 174 4391 nensis
196 4333 230 4394 et
250 4333 295 4393 Μ.
321 4333 437 4394 uxoris
456 4337 528 4412 ejus
547 4335 734 4411 accepimus
756 4336 854 4414 quod,

74 4439 162 4500 quum
177 4430 260 4491 certi
275 4427 316 4490 de
331 4427 422 4492 obitu
438 4431 538 4492 clarae
551 4432 719 4494 memorias
735 4433 856 4505 P.,im-

73 4525 224 4596 peratoris
235 4527 605 4605 constantinopolitani,
618 4527 785 4592 civitatem
793 4534 857 4592 Au·

72 4617 332 4686 tissiodorensem
352 4625 510 4704 tanquam
525 4629 602 4704 jure
621 4627 662 4688 ad
678 4643 734 4688 eos
749 4627 854 4689 devo-

910 3261 1057 3338 regionis
1080 3262 1277 3340 personatus
1297 3264 1331 3323 et
1344 3263 1521 3338 dignitates
1544 3266 1702 3339 existant,

911 3376 953 3421 ne
972 3360 1036 3437 ipsi
1072 3361 1240 3436 tamquam
1272 3360 1425 3436 acephali
1448 3361 1635 3436 videantur,
1668 3363 1704 3424 in

912 3472 1008 3517 suum
1038 3458 1071 3519 et
1098 3455 1245 3534 ejusdem
1269 3457 1419 3519 ecclesiae
1449 3475 1514 3519 non
1540 3459 1705 3522 modicum

911 3554 1156 3626 detrimentum,
1186 3553 1390 3631 praeticiendi
1412 3555 1476 3616 sibi
1498 3557 1643 3634 aliquem
1670 3559 1705 3619 in

911 3653 1085 3723 rectorem,
1113 3654 1209 3729 cup‘us
1243 3653 1405 3728 regimine
1430 3653 1526 3715 dictae
1552 3656 1705 3717 ecclesiae

911 3751 979 3811 tam
994 3749 1028 3808 in
1044 3747 1284 3825 spiritualibus
1302 3765 1402 3828 quam
1418 3751 1451 3810 in
1466 3751 1704 3828 temporalibus

912 3845 1072 3922 suscipiat
1087 3845 1336 3918 incrementum,
1355 3846 1480 3908 eisdem
1491 3847 1706 3923 dignaremur

911 3942 1704 4020 auctoritateltpostolicaconcederefacultatem,

912 4040 1094 4116 praesertim
1119 4056 1220 4118 quum
1247 4042 1367 4118 prater
1388 4040 1546 4117 plebanos
1562 4041 1705 4106 sedecim

911 4137 1148 4199 canonicorum
1181 4153 1341 4198 numerus
1374 4137 1410 4198 in
1445 4138 1532 4200 dicta
1563 4141 1704 4202 ecclesia

911 4234 1054 4297 existere
1069 4234 1294 4312 dignoscatur.
1314 4237 1419 4306 Quum
1432 4235 1534 4312 igitur
1545 4237 1705 4300 instantia

911 4332 1024 4393 nostra
1039 4330 1231 4408 quotidiana
1257 4329 1300 4394 sit
1322 4331 1540 4394 ecclesiarum
1555 4335 1704 4398 omnium

911 4428 1097 4490 sollicitudo
1137 4427 1312 4500 continua,
1360 4427 1523 4490 dictorum
1565 4434 1706 4495 canoni·

911 4541 1024 4588 corum
1046 4525 1199 4603 precibus
1222 4525 1386 4598 inclinati,
1412 4525 1604 4592 discretioni
1627 4545 1707 4594 ves-

910 4625 970 4686 trae
1007 4639 1067 4701 per
1102 4623 1291 4700 Apostolica
1329 4623 1452 4700 scripta
1490 4627 1703 4702 mandamus,

72 4713 162 4779 lutam
184 4721 398 4784 haereditarie
421 4722 592 4796 adiissent,
616 4725 649 4787 et
669 4739 770 4802 super
793 4725 856 4787 hoc
909 4721 1083 4799 quatenus,
1098 4719 1338 4798 habentesprae
1354 4721 1579 4786 oculissolum
1588 4727 1703 4800 Deum,

72 4828 136 4874 cum
159 4817 262 4879 nobili
285 4819 359 4880 viro
386 4821 505 4884 comite
526 4821 747 4884 Namurcensi
774 4821 856 4884 Phi·
909 4818 1062 4880 statuatis
1104 4831 1205 4894 super
1242 4817 1296 4877 his
1335 4819 1533 4882 auctoritate
1570 4824 1703 4896 nostra,

72 4906 160 4986 lippo,
175 4915 253 4976 nato
270 4914 420 4992 praedicti
440 4915 596 4990 defuncti,
610 4919 643 4980 et
657 4917 799 4981 Robarto
815 4917 855 4979 de
910 4915 996 4996 quod
1028 4914 1196 4994 praedictae
1228 4914 1446 4978 Primiaoensi
1477 4918 1639 4992 ecclesiae,
1666 4935 1706 4982 ac

73 5005 234 5072 comancio
252 5012 447 5088 aliquandiu
462 5013 658 5090 litigassent,
677 5031 736 5078 vos
755 5029 856 5094 super
909 5015 1060 5094 personis
1088 5011 1309 5074 residentibus
1347 5013 1382 5074 in
1411 5015 1526 5076 eadem
1552 5015 1704 5078 videritis

73 5101 128 5175 his,
152 5109 348 5171 atrctoritate
374 5111 486 5172 vestra
511 5111 744 5190 processistis,
766 5113 854 5190 juris
909 5111 1076 5188 expedire,
1087 5109 1263 5172 dummodo
1277 5109 1313 5172 in
1324 5111 1466 5188 alicujus
1475 5112 1702 5188 praejudicium

73 5200 210 5264 ordinem
232 5217 299 5266 non
322 5209 505 5269 servantes.
528 5207 621 5270 Unde
636 5206 735 5270 iidem
761 5208 854 5270 nobis
909 5223 976 5270 non
1001 5207 1172 5269 redundet.
1212 5209 1304 5282 Quod
1343 5209 1372 5272 si
1401 5223 1467 5270 non
1500 5225 1614 5270 omnes
1649 5211 1703 5272 his

74 5293 235 5362 humiliter
249 5304 477 5380 supplicarunt
496 5307 542 5378 ut,
560 5321 634 5366 cum
654 5305 761 5383 parati
788 5307 855 5367 sint
909 5305 1129 5384 exsequendis
1156 5304 1318 5367 interesse
1338 5304 1523 5382 potueritis,
1540 5306 1605 5368 duo
1626 5325 1705 5370 ves-

74 5389 109 5452 de
128 5409 161 5455 se
184 5411 284 5474 super
304 5399 367 5462 hoc
395 5402 671 5479 conquerentibus
689 5403 853 5480 iustitiam
909 5405 997 5463 trum
1025 5416 1065 5462 ea
1088 5401 1304 5462 nihilominus
1323 5403 1559 5477 exsequantur.
1582 5405 1702 5466 Datum

74 5489 302 5572 exhibere‚pro
314 5499 567 5560 conservatione
576 5500 662 5577 juris
675 5515 857 5562 eorumve·
909 5497 1075 5571 Laterani,
1090 5501 1135 5559 111
1156 5513 1263 5559 nonas
1282 5497 1467 5560 decembris
1491 5501 1702 5576 pontificatus

74 5582 118 5646 bis
132 5591 274 5654 scribere
293 5593 516 5670 dignaremur.
539 5596 711 5670 Quocirca,
723 5597 853 5659 discre-
909 5595 1016 5658 nostri
1031 5595 1258 5672 annoquint0.
