4088 6306
274 313 330 374 1217
888 315 1064 376 HONORII
1087 317 1132 375 111
1154 317 1301 378 OPERA.
1634 361 1644 378 .
1871 319 1933 378 118

272 490 351 536 1919
376 475 501 552 absque
527 474 750 536 communium
781 473 968 538 litterarum
990 490 1072 538 cau·

271 571 374 644 tione,
404 572 517 633 nullus
536 573 657 634 audeat
671 573 827 644 retinere,
844 572 931 648 quod
949 573 979 633 si
997 573 1071 651 quis

1126 473 1342 537 concessione
1371 475 1573 552 pontificum,
1604 477 1782 552 largitione
1809 493 1933 552 regum

1126 573 1177 634 vel
1194 573 1392 651 principum,
1410 573 1578 636 oblatione
1602 575 1760 646 fidelium,
1776 591 1836 636 seu
1848 575 1936 670 aliis¹
2020 613 2021 634 .

271 669 357 730 19119
367 669 512 732 retinere
527 669 777 747 praesumpserit
787 670 914 732 licitum
923 670 968 732 sit
976 670 1071 732 vobis
1121 671 1221 746 justis
1238 671 1354 744 modis,
1370 671 1501 734 favente
1518 671 1668 745 Domino,
1686 672 1837 749 poteritis
1853 673 1934 733 adi-

1126 768 1220 844 pisci,
1233 768 1338 840 vobis,
1354 771 1386 830 et
1406 769 1651 830 successoribus
1666 771 1788 832 vestris
1802 769 1935 830 confir·

271 766 307 826 in
323 766 413 843 ipsos
428 767 568 828 clericos
580 767 633 828 vel
648 782 825 828 conversos
834 767 983 845 prolerre
993 783 1072 832 sen·

272 865 409 926 tentiam
425 865 622 940 regularem.
651 865 770 926 Nullus
792 866 952 942 praeterea
967 866 1069 927 cleri-

272 977 330 1023 cus
346 963 398 1023 vel
413 977 593 1024 conversus
608 976 753 1041 unquam
768 963 937 1040 proprium
950 962 1071 1026 babeat

272 1075 334 1120 nec
349 1061 448 1122 etiam
464 1075 597 1135 arcam;
618 1060 768 1137 deposita
789 1075 869 1122 vero
893 1061 928 1121 in
955 1061 1081 1122 ordine·

272 1157 383 1219 vestro
412 1157 568 1234 deinceps
595 1159 699 1235 recipi
726 1158 957 1235 probibemus,
980 1160 1072 1236 prior

273 1255 394 1316 lectum
409 1271 504 1316 suum
523 1255 657 1319 habebit
671 1257 706 1316 in
717 1256 922 1329 dormitorio,
942 1257 975 1318 et
991 1256 1072 1317 dor-

274 1354 354 1416 miet
373 1352 632 1426 cumfratribus,
652 1355 728 1415 dum
742 1370 843 1416 sanus
858 1353 967 1416 luerit.
988 1354 1070 1415 lllud

273 1465 353 1510 1919
368 1450 552 1512 districtius
566 1451 765 1524 inhibemus
791 1467 832 1513 ne
851 1452 972 1528 aliquis
999 1451 1070 1512 cle-

273 1548 364 1608 ricus
380 1548 507 1608 ordinis
535 1549 638 1610 vestri
667 1549 732 1610 nisi
755 1551 856 1626 prior,
873 1550 926 1611 vel
940 1549 996 1626 qui
1010 1549 1072 1611 boc

274 1644 390 1706 lecerit
400 1645 440 1706 de
461 1647 615 1708 mandato
631 1647 764 1724 prioris
782 1647 901 1708 iratres
917 1661 994 1708 suos
1007 1663 1071 1708 en·

274 1743 520 1804 communicare
552 1746 742 1820 praesumat.
781 1744 955 1806 Silentium
992 1760 1072 1808 vero

273 1841 341 1900 tam
356 1840 523 1916 incapite,
540 1856 639 1917 quam
651 1842 686 1902 in
697 1841 853 1902 membris
868 1841 902 1902 in
917 1840 1070 1913 ecclesia,

274 1935 309 1996 in
330 1936 487 2010 claustro,
516 1937 551 1998 in
578 1937 765 2010 refectorio,
781 1939 862 2000 etin
878 1938 1072 2000 dormitorio

273 2033 315 2094 ab
330 2033 484 2095 omnibus
498 2036 655 2096 continue
679 2035 884 2108 observetur,
902 2038 934 2097 et
947 2037 1014 2098 tam
1036 2037 1071 2097 in

167 2203 173 2208 ,
274 2131 393 2208 capite,
415 2147 514 2208 quam
535 2133 571 2193 in
592 2133 760 2205 membris
784 2133 819 2193 in
844 2132 963 2211 quibus
988 2149 1071 2196 con·

273 2230 391 2289 ventus
418 2228 542 2301 luerit,
574 2231 755 2292 claustrum
779 2230 825 2292 ita
853 2231 1020 2302 servetur,
1037 2233 1074 2293 ut

274 2325 386 2386 nullus
396 2328 927 2405 exeat,necloquaturalicuisine
938 2328 1073 2390 licentia

273 2423 395 2499 prioris
423 2424 475 2485 vel
516 2427 608 2502 ejus,
646 2425 699 2487 cui
739 2426 943 2488 commiserit
983 2427 1072 2488 vices

274 2535 372 2595 suas3
389 2521 424 2581 ln
440 2521 512 2598 ipso
526 2523 628 2608 etiam
643 2524 788 2585 claustro
803 2523 863 2585 sub
885 2524 999 2585 eadem
1013 2523 1073 2586 ob-

274 2618 442 2681 servantia
467 2620 637 2682 resideant
660 2621 738 2682 laici
760 2621 876 2682 diebus
897 2621 1072 2684 dominicis

274 2715 307 2777 et
323 2715 462 2778 festivis.
479 2720 722 2794 transgressor
743 2722 853 2782 autem
873 2720 908 2780 in
927 2719 1071 2796 capitulo

273 2812 477 2886 verberetur,
494 2815 527 2876 et
537 2831 634 2892 pane,
644 2820 677 2878 et
689 2833 773 2895 aqua
788 2817 830 2878 sit
842 2817 913 2893 ipsa
926 2816 979 2876 die
992 2832 1073 2876 con·-

273 2911 395 2984 tentus,
413 2911 446 2973 et
459 2914 494 2974 ut
509 2929 582 2990 quae
597 2913 637 2976 de
655 2912 788 2976 silentio
803 2913 974 2991 praemissa
995 2913 1073 2974 sunt

274 3008 478 3070 commodius
493 3009 627 3072 valeant
641 3010 822 3083 observari,
839 3010 1013 3072 statuimus
1038 3010 1073 3072 ut

274 3102 424 3167 babeatis
436 3105 476 3167 de
491 3108 611 3168 caetero
626 3108 717 3170 certa
732 3108 839 3184 signa,
857 3105 986 3184 quibus,
998 3123 1072 3168 cum

275 3201 471 3279 expedierit,
489 3205 593 3280 possit
618 3220 703 3265 unus
729 3205 826 3266 alteri
850 3205 923 3265 sine
946 3204 1073 3266 silentii

275 3298 424 3372 laesione,
450 3315 543 3362 suam
567 3301 708 3362 innuere
734 3301 960 3375 voluntatem
992 3316 1072 3362 cura

275 3393 487 3470 significandi
512 3396 611 3458 boras
636 3397 670 3458 in
692 3397 832 3473 singulis
851 3397 955 3468 cellis,
988 3397 1074 3459 sicut

275 3491 348 3551 etin
358 3494 476 3569 capite,
489 3493 590 3554 alicui
599 3493 694 3556 sratri
707 3495 828 3556 clerico
837 3495 1071 3574 committatur,

276 3589 333 3664 qui
346 3590 394 3650 ita
404 3590 586 3666 provideat,
600 3592 636 3654 ut
647 3593 758 3653 omnia
771 3593 863 3653 boris
878 3594 1072 3669 competen-

274 3687 363 3748 tibus
378 3688 616 3765 compleantur,
643 3691 676 3750 et
693 3689 813 3751 tratres
828 3689 883 3766 qui
900 3689 1024 3751 luerint
1037 3691 1072 3750 in

275 3784 455 3858 laboribus,
470 3786 510 3846 ad
527 3787 737 3849 collationem
753 3787 933 3849 convenire
942 3788 1075 3849 valeant

275 3883 509 3959 competenter.
526 3883 689 3961 adquam
712 3884 923 3946 collationem
945 3899 1074 3945 necnon

275 3978 316 4039 ad
345 3979 559 4042 relectionem
584 3982 672 4042 idem
708 3982 850 4043 clericus
878 3997 1074 4058 campanam

276 4075 393 4151 pulset.
404 4079 568 4139 Vesorum
584 4093 713 4156 quoque
724 4079 840 4140 altaris
855 4080 888 4140 et
902 4095 1074 4140 sacrarum

275 4173 417 4235 vestium
430 4191 532 4251 penes
546 4175 685 4238 clericos
700 4177 764 4238 erit
785 4177 993 4238 conservatio
1012 4191 1074 4238 eo-

276 4285 360 4343 rum,
386 4271 541 4335 videlicet
562 4289 635 4351 quae
661 4273 702 4334 ad
732 4273 960 4351 quotidianum
979 4289 1075 4334 nsum

276 4369 443 4444 pertinent
457 4386 465 4444 ;
481 4371 548 4432 alia
559 4387 637 4432 vero
653 4387 733 4439 vasa
749 4377 781 4432 et
795 4387 900 4432 sacrae
917 4372 1026 4432 vestes
1040 4371 1074 4431 in

276 4467 426 4528 custodia
456 4469 554 4530 unius
583 4469 709 4541 clerici,
734 4470 768 4531 et
798 4469 896 4528 unius
923 4469 1076 4529 conuersi

276 4565 470 4636 consistant,
487 4583 570 4643 quos
580 4567 672 4644 prior
686 4567 727 4627 ad
741 4567 805 4628 hoo
818 4567 923 4642 magis
939 4565 1076 4627 idoneos

276 4660 415 4736 elegerit
431 4679 438 4722 :
456 4662 616 4725 librorum
643 4665 790 4725 omnium
814 4680 920 4740 >penes
936 4663 1075 4724 clericos

277 4759 341 4820 erit
353 4761 572 4823 conservatio.
595 4763 730 4836 Regulae
745 4777 824 4822 vero
844 4764 876 4822 et
903 4761 1076 4838 praesentis

276 4855 455 4934 privilegii,
474 4859 509 4920 ut
536 4859 621 4918 nibil
649 4858 753 4935 possit
775 4858 852 4919 addi
880 4859 933 4920 vel
959 4858 1074 4929 minui,

278 4971 379 5016 riuum
392 4957 548 5018 volumen
561 4957 715 5018 volumus
728 4971 910 5034 essepenes
924 4957 1074 5026 clericos,

276 5055 309 5116 et
321 5054 412 5116 aliud
427 5069 529 5132 penes
543 5071 731 5126 conversos,
747 5057 780 5116 et
794 5055 928 5117 tertium
941 5054 976 5115 in
991 5051 1078 5130 capi·

274 5152 344 5213 tulo
359 5152 492 5228 prioris,
510 5153 543 5214 et
561 5152 759 5214 clericorum
774 5152 839 5214 erit
858 5149 1078 5213 ecclesiastici

276 5249 379 5311 otticii
394 5250 572 5312 ordinatio.

317 5347 485 5409 Praeterea
523 5348 666 5419 domum,
697 5347 730 5408 et
760 5346 833 5409 loca
866 5347 977 5406 vestra
1003 5361 1078 5406 cum

276 5443 441 5517 omnibus,
459 5461 532 5522 quoe
547 5447 583 5508 in
598 5445 852 5523 presentiarum
861 5443 962 5521 juste,
977 5442 1009 5504 et
1024 5458 1080 5518 pa·

276 5542 371 5602 911199
393 5542 569 5618 possidetis
600 5541 781 5604 secundum
811 5542 930 5603 vestra
955 5539 1103 5615 regule?

277 5639 511 5710 instituta-vel
525 5639 716 5702 infuturum
728 5639 909 5700 secundum
930 5637 1079 5699 eamdem

1126 881 1266 936 mamus,
1283 867 1316 928 et
1327 866 1501 943 praesentis
1516 867 1631 943 scripti
1645 866 1823 943 privilegio
1834 883 1936 928 com-
2020 887 2021 924 ss

1126 963 1313 1035 munimus,
1344 963 1525 1024 statuentes
1553 966 1590 1026 ut
1619 980 1659 1025 ea
1685 964 1781 1026 firma
1810 964 1931 1034 vobis,
2018 943 2021 964 ⁴

1126 1061 1314 1138 vestrisque
1333 1059 1580 1122 successoribus
1595 1061 1629 1122 et
1643 1061 1770 1124 illibata
1789 1077 1932 1138 perma-
2020 1063 2021 1130 l

1127 1158 1237 1219 neant.
1253 1158 1421 1219 Praeterea
1432 1158 1538 1234 priori
1550 1159 1672 1230 vestro,
1690 1160 1746 1236 qui
1767 1176 1829 1236 pro
1841 1161 1936 1220 tem-

1126 1270 1205 1332 pore
1225 1253 1336 1327 tuerit,
1353 1254 1550 1316 tonsurandi
1568 1254 1687 1319 fratres
1709 1256 1840 1318 vestros
1865 1256 1936 1317 ele·
2020 1271 2021 1344 j

1127 1352 1226 1420 ricos,
1246 1353 1279 1414 et
1303 1367 1429 1429 pannos
1454 1367 1569 1414 eorum
1588 1353 1807 1415 benedicendi
1827 1354 1936 1416 licen·
2020 1351 2021 1424 f

1126 1449 1207 1511 tiam
1232 1449 1451 1526 indulgemus.
1480 1451 1642 1513 Gaeterum
1664 1451 1693 1512 si
1716 1465 1788 1523 rex,
1805 1451 1861 1513 vel
1875 1466 1936 1513 ar·
2020 1517 2021 1524 ,

1127 1546 1376 1624 corepiscopus,
1403 1549 1461 1608 aut
1485 1547 1682 1624 episcopus,
1716 1565 1776 1610 seu
1804 1547 1934 1626 aliquis
2020 1543 2021 1618 ξ

1127 1643 1280 1720 princeps
1297 1643 1400 1704 cellas
1429 1646 1532 1706 vestri
1560 1645 1687 1706 ordinis
1714 1645 1841 1707 intrare
1864 1661 1933 1706 vo·

1127 1741 1236 1812 luerit,
1245 1755 1356 1802 secum
1365 1742 1745 1819 quatuorvirosminlme
1754 1746 1935 1820 suspectos
2020 1749 2021 1760 ³

1127 1837 1338 1899 introducere
1348 1839 1462 1914 possit.
1471 1840 1696 1902 communitas
1707 1842 1739 1901 et
1751 1840 1933 1917 aequalitas
2020 1879 2021 1884 κ

1127 1935 1171 1996 sit
1181 1933 1335 1996 omnibus
1346 1934 1440 1996 vobis
1452 1936 1519 1998 tam
1529 1936 1662 1998 clericis
1678 1953 1776 2014 quam
1790 1953 1933 1998 conver·

1127 2032 1173 2092 sis
1187 2031 1223 2092 in
1236 2031 1309 2094 cibo
1322 2033 1355 2094 et
1364 2033 1442 2108 potu
1457 2033 1492 2094 in
1510 2032 1695 2105 refectoria,
1706 2036 1740 2095 et
1752 2033 1786 2094 in
1800 2034 1933 2095 dormi·
2020 2087 2021 2090 ,

1127 2129 1223 2201 19119,
1244 2130 1278 2191 91
1295 2129 1336 2190 de
1353 2129 1582 2192 communibus
1597 2131 1717 2206 pannis
1732 2132 1806 2193 sine
1825 2131 1932 2192 diffe-

1127 2227 1236 2289 rentia
1251 2227 1451 2300 vestiemini,
1464 2228 1684 2305 eleemosynae
1695 2231 1727 2290 et
1742 2229 1933 2306 eleemosy-
2020 2253 2021 2308 3

1127 2340 1245 2386 aarum
1254 2325 1618 2402 quantitas,earumque
1630 2325 1762 2386 datores
1773 2326 1933 2388 dicentur
2020 2315 2021 2390 J

1127 2421 1257 2500 publice
1269 2422 1305 2484 in
1325 2423 1466 2498 singulis
1480 2421 1598 2498 quibus
1613 2423 1699 2485 datae
1714 2423 1842 2485 luerint
1856 2424 1933 2485 cel·
2020 2487 2021 2508 3

1127 2520 1215 2591 lulis,
1233 2522 1266 2582 et
1280 2521 1338 2582 aut
1352 2519 1503 2598 sequenti
1523 2519 1587 2592 die,
1605 2536 1669 2597 quo
1684 2521 1770 2582 datas
1790 2522 1930 2592 suerint,
2020 2511 2021 2560 ἶ

1127 2619 1160 2678 et
1172 2619 1231 2679 tali
1240 2617 1324 2679 bora
1336 2617 1371 2678 in
1382 2633 1445 2696 qua
1456 2619 1593 2694 possunt
1606 2634 1720 2680 omnes
1732 2618 1854 2681 tratres
1863 2623 1931 2681 tam
2020 2689 2021 2694 ἵ

1127 2716 1241 2778 9191191
1256 2731 1354 2793 quam
1376 2716 1454 2776 laici
1478 2716 1667 2776 convenire.
1685 2719 1723 2776 ln
1738 2717 1833 2778 nulla
1850 2733 1931 2778 vero
1947 2707 1963 2796 j
2020 2707 2021 2770 Ψ

1127 2813 1248 2876 cellula
1269 2814 1310 2874 de
1329 2815 1449 2874 caetero
1471 2829 1556 2874 unus
1578 2813 1805 2875 tantummodo
1824 2814 1934 2877 trater
2018 2847 2021 2880 i

1128 2910 1270 2972 clericus
1283 2909 1475 2977 collocetur,
1490 2909 1545 2970 sed
1562 2925 1602 2970 ea
1617 2909 1728 2985 potius
1739 2909 1776 2970 in
1792 2910 1858 2972 boc
1871 2911 1933 2972 ad-

1127 3006 1283 3068 hibeatur
1295 3006 1463 3078 discretio,
1480 3008 1516 3067 ut
1531 3006 1586 3068 ubi
1602 3021 1663 3068 sex
1676 3008 1834 3069 conversi
1851 3009 1932 3070 fue·

1127 3105 1205 3173 rint,
1219 3104 1287 3166 tres
1300 3104 1424 3176 clerici,
1442 3103 1497 3164 ubi
1511 3106 1585 3166 octo
1600 3105 1764 3174 conversi,
1785 3107 1932 3182 quatuor
2020 3113 2021 3154 ³

1128 3201 1252 3272 9191191,
1271 3201 1325 3262 ubi
1340 3201 1453 3262 decem
1467 3202 1631 3272 conversi,
1641 3203 1785 3280 quinque
1801 3203 1929 3274 clerici,
2020 3243 2021 3290 ,

1129 3299 1183 3361 ubi
1207 3299 1381 3360 duodecim
1392 3299 1546 3360 conversi
1561 3315 1622 3360 sex
1635 3300 1676 3360 ad
1693 3300 1802 3362 minus
1814 3300 1931 3363 clerici
2020 3299 2021 3310 ¹

1128 3399 1326 3468 statuantur,
1339 3397 1395 3458 ubi
1410 3411 1491 3458 vero
1506 3396 1746 3458 duodenarium
1769 3415 1931 3461 uumerus

1128 3495 1311 3556 excesserit
1332 3509 1569 3556 conversorum
1594 3493 1629 3556 in
1653 3495 1792 3557 arbitrio
1806 3497 1931 3572 prioris
2020 3551 2021 3563 .

1128 3593 1250 3654 existat
1271 3592 1494 3668 multiplicare
1508 3590 1659 3663 clericos,
1676 3593 1711 3654 et
1733 3609 1928 3666 conversos,
2020 3627 2021 3680 i

1129 3691 1225 3767 prout
1254 3689 1363 3750 visum
1395 3687 1496 3752 luerit
1520 3689 1688 3765 expedire.
1718 3692 1789 3751 Hoc
1818 3695 1930 3755 autem

1128 3788 1280 3857 dicimus,
1311 3786 1400 3846 siin
1428 3785 1546 3847 ordine
1575 3788 1686 3848 vestro
1700 3788 1749 3860 tot
1773 3791 1931 3864 poterunt

1129 3885 1241 3946 clerici
1256 3883 1407 3959 reperiri,
1426 3883 1455 3944 si
1475 3899 1554 3944 vero
1567 3882 1697 3944 clericis
1713 3884 1883 3960 placuerit
1899 3891 1932 3948 ut

1129 3981 1251 4044 exeant
1269 3980 1310 4041 ad
1326 3979 1484 4052 laborem,
1506 3979 1627 4042 exeant
1650 3997 1724 4042 cum
1744 3987 1928 4056 conversis,
2020 4021 2021 4064 3

1130 4083 1163 4141 et
1171 4095 1245 4140 oum
1256 4077 1305 4139 eis
1313 4078 1438 4154 pariter
1448 4078 1930 4156 revertantur,sempertameu
2020 4099 2021 4162 ζ

1130 4176 1308 4245 991199191,
1323 4175 1375 4236 191
1390 4174 1545 4235 sacerdos
1555 4173 1628 4236 loeo
1641 4176 1713 4251 ejus
1726 4175 1887 4242 dimissus
1899 4183 1930 4241 in
2020 4175 2021 4222 ἒ

1130 4273 1212 4336 99119
1239 4273 1420 4342 remaneat,
1447 4286 1489 4332 ne
1515 4271 1601 4332 desit
1623 4272 1735 4349 aliquo
1755 4276 1930 4360 111911999-
2020 4293 2021 4298 ¹

1130 4369 1257 4441 cardos,
1272 4369 1357 4446 quod
1371 4369 1400 4429 si
1410 4368 1522 4429 forsan
1538 4369 1680 4431 clericus
1697 4375 1815 4434 contra
1835 4391 1931 4453 regu·
2020 4363 2021 4396 ³

1130 4466 1234 4528 larem
1259 4467 1416 4528 statutum
1432 4467 1625 4539 excesserit,
1643 4470 1797 4530 exeundo
1814 4475 1930 4534 contra
2020 4523 2021 4528 ,

1131 4581 1217 4636 eum,
1234 4562 1287 4624 vel
1302 4579 1321 4624 a
1337 4563 1470 4635 elerico,
1492 4564 1545 4624 vel
1558 4579 1719 4626 converso
1735 4567 1769 4626 in
1783 4562 1935 4647 capitulo
2020 4583 2021 4596 ¹

1131 4660 1363 4738 proclametur,
1381 4659 1437 4720 ubi
1448 4660 1581 4721 tandem
1605 4676 1672 4722 non
1682 4663 1857 4738 judicetur
1874 4685 1931 4745 per

1132 4759 1264 4828 laicum,
1287 4757 1343 4818 sed
1370 4771 1429 4833 per
1452 4759 1672 4818 correctorem
1699 4760 1931 4840 presbyterum
2020 4833 2021 4852 χ

1132 4855 1331 4930 regulariter
1341 4853 1540 4930 corrigatur.

1173 4951 1391 5014 Probibemus
1407 4951 1542 5027 insuper
1554 4967 1596 5014 ne
1613 4953 1727 5015 clerici
1742 4970 1761 5016 a
1778 4957 1886 5030 cellis,
1898 4961 1931 5020 iu
2020 4929 2021 4932 Ἴ

1132 5049 1253 5127 quibus
1267 5049 1392 5110 tuerint
1405 5048 1478 5110 sine
1500 5065 1602 5111 causa
1618 5051 1864 5116 transterentur
1876 5057 1933 5118 bo
2020 5117 2021 5130 2

1132 5150 1238 5219 nesta,
1255 5147 1288 5207 et
1308 5147 1371 5208 boc
1385 5145 1493 5222 ipsum
1509 5161 1583 5207 cum
1604 5146 1705 5209 luerit
1727 5149 1929 5227 laciendum,
2020 5207 2021 5210 ,

1134 5245 1192 5306 liat
1206 5243 1342 5321 provide
1357 5259 1378 5304 a
1393 5243 1503 5318 priore
1518 5241 1667 5306 adhibito
1680 5247 1754 5307 sine
1766 5251 1930 5327 praejudi-

1134 5343 1185 5404 cio
1201 5340 1410 5403 auctoritatis
1425 5341 1531 5417 ipsius
1544 5339 1765 5404 discretorum
1788 5349 1931 5411 consilio

1134 5439 1341 5501 clericorum.
1353 5437 1388 5499 si
1403 5437 1459 5514 qui
1472 5439 1583 5500 autem
1596 5442 1849 5517 exiustacausa
1858 5445 1933 5510 lue·

1135 5537 1202 5600 rint
1221 5535 1455 5606 transterendi,
1474 5551 1534 5596 nec
1555 5536 1677 5598 librum
1699 5555 1760 5601 nec
1783 5544 1930 5618 scriptu-

1135 5651 1218 5704 ram,
1235 5650 1294 5694 999
1314 5631 1439 5709 aliquid
1455 5633 1586 5708 penitus
1602 5650 1713 5698 secum
1727 5637 1847 5712 serant,
1866 5644 1931 5704 nisi
