3952 6294
76 386 122 448 485
681 382 909 444 EPISTOLAE.
933 383 1011 444 LlB.
1035 384 1075 444 V.
1440 449 1444 460 ,
1530 379 1539 384 ’
1637 383 1697 444 486

75 543 240 602 donaverat
257 541 397 614 sententia
420 541 621 602 lateranensis
644 540 772 602 Coaeilli.
804 539 847 600 lo
903 540 1198 614 prevaluitvanitate.
1218 541 1271 602 Cui
1284 539 1438 614 siguificat,
1459 540 1515 600 ulai
1534 539 1569 598 ed
1595 541 1694 600 melic-

74 638 595 700 bsreseoslobeeumesseimmunem
611 638 778 711 declaravit,
798 638 845 712 qui
902 653 962 698 rem
985 645 1143 698 revertatur
1173 638 1277 710 vium,
1299 639 1443 713 episcopis
1474 636 1638 710 mandasse,
1666 645 1697 698 ut

74 737 189 796 ludulae
203 739 340 795 lionauae
351 735 458 809 judicio
472 743 563 795 samm
576 737 749 810 subjecerat.
902 735 1087 803 anathemate
1100 733 1225 794 feriatur.

99 831 197 892 &dem
220 833 408 907 temperantia
426 834 455 892 in
472 848 560 892 carue
575 833 665 894 ludaei
684 831 846 906 enjusdam,
937 835 999 892 lloe
1013 847 1101 902 auno,
1116 833 1145 890 in
1158 833 1274 906 anglia,
1291 847 1394 906 corpus
1406 833 1434 892 S.
1447 831 1566 896 'iborae
1580 833 1698 892 nando

1 981 2 1020 ἦ
72 929 304 990 lmaobiommne
321 930 445 1004 insignis
464 945 532 990 usias
546 939 599 990 est.
620 931 710 1002 Quem
725 930 778 990 nrt>
794 945 845 1006 pa·
903 939 963 991 tum
990 929 1051 998 luit,
1074 929 1251 1004 approbante
1273 931 1409 990 Honorio.
1432 932 1461 988 ls
1479 928 1570 988 suarm
1593 929 1698 988 vindex

1 1023 2 1026 ’
72 1027 352 1101 ummiolpostolioo
366 1029 500 1102 suscepit,
520 1027 849 1102 rogantibusepiacopis
901 1028 1103 1086 eecbsiastioo
1121 1026 1267 1087 libertatis.
1285 1029 1409 1098 interea,
1425 1025 1454 1084 in
1476 1027 1624 1098 Hibernia,
1647 1042 1694 1086 se·

73 1125 198 1198 llispauis.
903 1125 968 1186 data
990 1125 1154 1194 rebellione,
1168 1139 1281 1196 omnes,
1302 1125 1408 1184 relictis
1435 1124 1570 1184 ludovici
1592 1125 1697 1184 Gallia·
1724 1107 1728 1118 ’

96 1223 150 1292 lat
172 1222 219 1280 illa
232 1223 374 1283 Honorius
393 1222 442 1296 uui
465 1221 508 1281 sio
530 1221 638 1283 infideli
657 1223 848 1296 patrocinium
902 1237 965 1283 rum
985 1223 1066 1296 regis
1090 1222 1272 1296 primogeniti
1285 1221 1423 1296 partibus,
1435 1219 1471 1279 ad
1483 1222 1695 1283 llenricumre·

70 1319 248 1391 Amnoboum
261 1320 414 1392 noncessit,
433 1321 463 1378 io
482 1320 609 1394 legatum
621 1320 709 1380 etiam
720 1320 846 1394 Aposto-
902 1333 971 1394 gam
996 1335 1029 1378 ae
1056 1321 1255 1390 annullarunt,
1280 1307 1365 1392 quem
1395 1319 1498 1378 Sancta
1513 1317 1601 1379 Sedes
1631 1319 1704 1378 totis.

1 1443 2 1452 κ
70 1415 120 1474 lirae
136 1416 216 1476 sedis
225 1417 364 1476 desevire
379 1432 436 1476 oon
449 1417 552 1487 timuit,
563 1416 678 1490 qrrando
703 1417 849 1492 lluguiaio
903 1417 1011 1476 viribus
1029 1415 1169 1477 tuebatur.

70 1513 119 1586 ejus
129 1513 320 1576 subdiaconus
332 1522 360 1572 et
370 1514 537 1588 capellanus
556 1515 585 1572 in
599 1515 736 1588 llispaoia
757 1515 848 1574 multa
938 1513 1020 1576 Unda
1034 1515 1063 1574 in
1076 1514 1230 1588 illoquinto
1241 1514 1358 1574 lionorii
1368 1516 1409 1573 lll
1424 1513 1696 1588 pontificatuaauuo,

1 1625 2 1630 ¹
70 1611 243 1683 perpetrabat,
264 1611 318 1670 sub
339 1619 476 1686 pretextu
498 1613 643 1672 mcesimra
667 1611 847 1688 coligandas,

1 1707 2 1712 ’
70 1709 159 1777 meio
171 1709 264 1780 ipsam
284 1709 444 1768 Ecclesiam
464 1711 624 1768 Romanam
644 1707 846 1770 redundarent.

71 1805 144 1877 liujus
155 1804 281 1864 hominia
295 1805 444 1872 audaciam
459 1805 556 1881 fregit.

96 1902 243 1960 lusitanis
255 1917 355 1977 regem
364 1903 550 1962 vehementer
561 1904 655 1978 arguit
663 1904 766 1962 eodem
778 1913 851 1962 tem·

71 2013 135 2071 pore,
162 2007 343 2072 quemaotea
357 2001 774 2075 magnislaudibusaxtalerat.
794 1999 849 2060 Sed

70 2097 107 2152 ille
118 2098 143 2153 io
157 2112 274 2156 amores
287 2099 398 2162 illicitas
418 2096 567 2169 inciderat,
581 2106 610 2156 et
629 2098 744 2158 aliunde
762 2099 846 2159 liber·

903 1626 950 1670 res
962 1611 1121 1672 Christiana
1136 1611 1326 1686 undequaque
1344 1625 1480 1685 prospere
1502 1627 1535 1670 ee
1556 1622 1696 1686 gesserat,

904 1709 958 1767 nisi
978 1709 1008 1768 in
1032 1710 1147 1768 oriente
1169 1708 1245 1782 apud
1265 1709 1525 1768 neminemnam
1543 1711 1699 1784 imperator

904 1806 1071 1870 rredericus
1091 1807 1127 1864 de
1155 1806 1202 1864 die
1222 1807 1257 1864 in
1277 1804 1353 1866 diem
1371 1814 1468 1864 votum
1490 1807 1649 1879 differebat,
1670 1816 1700 1867 et

903 1905 1168 1977 crucesignatorum
1182 1903 1324 1962 excrmtus
1338 1905 1367 1960 io
1380 1903 1535 1980 periculum
1551 1905 1695 1978 veniebat,

903 2001 998 2060 multis
1009 2000 1046 2058 de
1058 2000 1184 2075 partibus
1194 2001 1250 2058 illis
1264 2001 1387 2060 reuersis
1399 2000 1573 2076 adproprias
1585 2002 1696 2064 mmor.

903 2097 1021 2159 Plurimi
1031 2098 1119 2158 etiam
1128 2095 1262 2160 dicebant
1272 2095 1343 2155 nibil
1355 2095 1499 2156 fructuose
1514 2098 1618 2170 moliri,
1628 2099 1697 2162 dum
1742 2125 1744 2128 ·

71 2202 141 2252 omn
158 2195 385 2254 ecoloeiasticam
405 2195 626 2268 aspernabatur:
650 2198 725 2256 Eece
750 2195 848 2266 bomo,
904 2201 1102 2270 exportaretur
1115 2193 1279 2268 imperator.
1293 2193 1397 2268 sicque
1407 2194 1462 2271 illis
1477 2195 1505 2252 io
1520 2197 1641 2266 patriam
1655 2215 1698 2258 re·
1717 2181 1718 2184 ¹

70 2291 100 2348 ait
110 2293 257 2362 Honorius,
269 2291 380 2366 quisibi
395 2295 487 2352 Mum
498 2307 556 2352 non
571 2294 664 2366 posuit
679 2293 850 2368 adjutorem,
903 2289 1055 2357 dmmbus
1068 2298 1097 2351 et
1111 2291 1174 2350 aliis
1187 2289 1338 2351 timiditate
1353 2290 1441 2350 nimia
1457 2289 1614 2361 tracasali
1628 2293 1696 2356 boni

69 2387 108 2446 red
123 2390 246 2463 speravit
265 2391 295 2450 iu
319 2389 499 2452 multitudine
519 2389 681 2450 divitiarum
704 2399 733 2448 et
752 2391 782 2448 in
796 2405 848 2450 aue
903 2388 1071 2448 remanebat
1084 2387 1267 2462 sperandum.

443 3299 464 3385 Ι
902 3283 1692 3364 apostolicodignaremur-munimineroborare.

903 3387 971 3446 Nos
985 3384 1088 3461 igitur
1101 3385 1223 3446 vestris
1238 3381 1516 3462 postulationibus
1531 3381 1704 3452 inclinati„

355 3523 443 3582 Me
903 3483 1060 3544 statutum
1090 3482 1198 3559 ipsum
1225 3482 1312 3543 sicut
1335 3479 1472 3559 provide
1497 3480 1533 3540 in
1563 3479 1694 3546 unitu-

345 3632 380 3690 Ἃ
396 3535 559 3706 jum&
903 3581 970 3641 tam
991 3579 1117 3640 Tollen.
1135 3579 1285 3640 ecelesiae
1303 3577 1509 3654 dignoscitur
1527 3591 1601 3638 esse
1622 3577 1696 3638 lao-

114 3746 385 3812 ΜΜ
403 3745 496 3797 Μ
512 3743 677 3798 Μ
903 3673 1698 3849 interturbaturerrarat

69 3849 206 3914 ⁰⁰¹¹fiffl¹⁸⁸
221 3853 416 3912 ‘edussfiffi'effl
438 3850 653 3925 l'fflbffldfflm
672 3853 701 3918 1⁰
722 3852 849 3924 limium
903 3869 996 3930 Nulli
1013 3883 1103 3944 ergo,
1120 3869 1201 3942 ete,
1214 3870 1337 3930 nostrae
1363 3866 1623 3933 confirmationis
1638 3813 1696 3928 in-⁸

96 3943 209 4002 ‘m'
236 3943 463 4016 ⁸⁸⁰¹⁸3⁰¹¹⁰¹¹⁰
480 3955 600 4000 ”um
617 3939 653 3998 Μ
668 3940 847 4018 mium
903 3964 1060 4042 [ringere.
1085 3965 1215 4042 Siquis
1238 3964 1361 4035 autem,
1387 3965 1449 4026 eto.
1475 3965 1592 4026 Datum
1610 3964 1697 4040 apud

96 4032 211 4090 uadum.
904 4062 1025 4126 Urbem
1053 4063 1217 4134 Veterem,
1242 4076 1330 4125 nono
1361 4060 1522 4122 kalendas
1552 4061 1696 4138 augusti,

100 4141 272 4212 Honorius,
295 4141 371 4207 etc..
386 4137 570 4202 venerabili
585 4136 680 4203 fratri
695 4137 850 4216 episcopo
904 4159 1114 4238 pontificatus
1133 4159 1239 4224 nostri
1249 4173 1338 4220 anno
1353 4157 1486 4241 quinto,

69 4235 95 4298 et
104 4236 227 4306 dilectis
243 4237 322 4300 filiis
333 4237 459 4300 decano
474 4238 508 4302 et
521 4235 667 4313 capitulo
677 4235 808 4296 Tullen.

100 4331 851 4412 Gumaoobispelitur,etc.saueporrectano·
1272 4336 1314 4426 ss

68 4425 159 4496 ¹³1⁸ss
171 4433 268 4509 llario
287 4433 400 4496 vestm
415 4431 530 4508 petitio
548 4429 748 4501 continebat,
763 4426 849 4506 (1³0⁶
904 4473 957 4532 Aa
981 4471 1117 4534 abbates
1137 4469 1256 4533 saucit
1276 4471 1451 4531 Monocoli
1475 4471 1638 4532 Tmlenats
1664 4476 1698 4531 er

71 4541 131 4588 oum
146 4530 180 4591 in
199 4529 331 4593 Tollen.
347 4528 488 4592 ecclesia
501 4527 680 4634 proventus
693 4525 849 4602 praeben-
977 4568 1096 4640 Sanqn
1108 4569 1253 4632 Nabom
1271 4567 1437 4628 Mem„
1455 4567 1621 4634 mmm„

70 4621 170 4686 darum
191 4627 305 4690 assent
323 4625 406 4688 adeo
429 4626 557 4694 tenues,
583 4621 747 4694 stanles,
764 4620 850 4698 i¹10d
1201 4688 1237 4745 tl
1252 4686 1314 4762 julii
1335 4687 1414 4744 ltro.

71 4734 104 4780 ex
116 4723 160 4784 eis
174 4739 242 4786 non
259 4722 395 4800 possent
419 4721 574 4784 canonici
591 4718 760 4782 commode
775 4733 851 4778 sus-

70 4817 175 4882 tentari
195 4836 301 4899 quare
323 4819 446 4880 ibidem
462 4817 680 4880 residentiam
696 4815 778 4893 ipsis
799 4814 851 4876 ia·
956 4794 1129 4862 [mm-’¹³¹2
1141 4793 1255 4858 Vfflim·
1269 4793 1293 4843 3·
1306 4793 1363 4843 ⁵¹⁸⁸·
1375 4793 1539 4846 ΝΟΜ
1551 4793 1646 4858 Thell]

71 4929 134 4980 cera
154 4934 221 4980 non
240 4916 439 4988 ualentibus,
471 4915 614 4978 eeclesia
637 4914 710 4990 ipsa
730 4911 851 4974 debitis
905 4904 1011 4962 bareis
1023 4901 1154 4962 Gorzieo.
1169 4898 1320 4957 ecelesiam
1344 4898 1478 4957 visitandi
1493 4915 1590 4959 euram
1607 4901 1699 4958 derlee

72 5010 222 5091 obsequiis
243 5013 471 5084 fraudabatur,
496 5027 555 5074 vos
579 5010 686 5088 ipsius
700 5009 851 5073 eeclesias
941 4989 1122 5092 issqfflfflussi
1144 4987 1270 5090 balbuli>
1293 4988 1448 5062 imiimi&
1470 4987 1506 5046 de
1520 4990 1584 5048 allis
1598 4989 1696 5050 vissiib·

73 5107 193 5172 utilitati
208 5109 384 5186 providere
404 5106 567 5178 volentos,
588 5103 755 5166 communi
770 5117 852 5164 eon-
941 5076 1348 5151 ¹¹⁰⁰¹h¹¹⁸1³¹⁰v¹⁸¹¹¹¹¹f¹¹¹⁸⁸⁰⁸·

72 5215 159 5266 sensu
178 5203 434 5280 sexagenarium
456 5200 707 5279 praebendarum
727 5213 852 5262 nume-
891 5204 893 5220 '
945 5195 1123 5268 Honorius,
1140 5196 1215 5268 eto,
1231 5194 1362 5257 dilectis
1378 5191 1456 5256 filiis
1474 5193 1587 5256 Sancti
1602 5194 1699 5257 Man-

72 5312 133 5360 rmn
147 5301 186 5364 ad
201 5299 520 5380 quinquagenarium
540 5297 728 5375 redegistis,
745 5296 852 5366 firmi·
906 5294 991 5356 sueti
1006 5293 1135 5356 Tollen.
1152 5294 1184 5354 et
1196 5293 1309 5358 Sancti
1328 5289 1466 5354 Nabarii
1480 5292 1697 5354 Melandioe-

72 5395 115 5458 ler
131 5398 311 5470 statuendo,
335 5399 372 5460 ut
389 5397 579 5476 proventus,
601 5410 646 5456 ex
663 5392 850 5471 praebendis
905 5391 993 5452 cesis
1006 5389 1195 5452 abhatibus.

74 5497 287 5566 provenientes
301 5495 427 5558 eisdem
440 5493 633 5556 dividantur
646 5491 851 5574 quotidiein·
946 5491 1015 5552 Sua
1049 5487 1144 5560 nobis
1174 5484 1278 5552 abbas
1306 5484 1457 5550 Gorzien.
1471 5483 1697 5550 insinuatione

75 5591 116 5649 tar
127 5595 299 5656 omonicoa
313 5592 509 5657 residentes.
528 5590 738 5671 Quapropter
756 5587 850 5652 nobis
905 5585 1111 5656 monstravit,
1126 5583 1211 5662 quod
1227 5599 1300 5647 cum
1321 5581 1492 5656 assignata
1511 5585 1599 5648 esset
1613 5585 1695 5658 dies,

75 5683 228 5752 humiliter
250 5689 480 5767 supplicastis,
511 5689 546 5749 ut
561 5689 718 5748 statutum
742 5685 849 5762 ipsum
906 5699 969 5762 pua
991 5683 1171 5762 provinciae
1196 5683 1375 5743 Treveren.
1395 5679 1530 5744 abbates
1550 5681 1592 5745 ad
1609 5685 1698 5749 eele-

100 3423 367 3500 coepiscopum,
384 3425 552 3484 decanum
567 3421 600 3484 et
617 3423 808 3496 capitulum
