4088 6306
280 357 334 416 131
897 357 1071 418 nomenti
1093 357 1136 417 111
1159 357 1305 422 OPERA.
1371 383 1374 388 >
1509 399 1512 408 ,
1867 363 1924 422 132

279 531 353 576 cum
369 517 520 578 omnibus
547 516 694 578 omnium
718 531 832 578 earum
852 516 1071 594 pertinentiis
1127 515 1323 578 clericorum
1337 515 1369 578 61
1382 515 1570 578 61666116116
1585 517 1679 594 quies
1692 517 1855 590 turbetur,
1865 535 1924 582 nec

278 613 505 690 dignitatibus,
517 614 678 676 acliberis
694 613 1000 684 consuetudinibus,
1012 630 1074 677 nec
1128 629 1194 676 666
1215 617 1247 676 61
1261 613 1426 691 regularis
1442 614 1662 677 observantia
1677 615 1857 694 disciplina
1878 619 1925 679 si-

277 727 343 773 1166
360 713 445 772 61166
459 712 629 784 666166166,
655 711 811 785 decimas,
828 713 938 781 111166,
952 713 1071 784 161166,
1126 712 1194 772 mul
1208 728 1282 773 cum
1298 711 1493 784 substantia,
1515 713 1709 775 monasterii
1734 715 1923 790 minuatur,

277 810 794 887 661166,111616,1166666,611166,
812 810 1072 874 redditusetiam
1126 808 1182 870 sed
1210 810 1337 872 cunctis
1370 810 1405 870 in
1433 812 1601 887 posterum
1632 809 1747 872 diebus
1783 812 1924 874 ecclesia

277 909 310 970 et
327 908 437 969 omnia
467 907 573 968 cidem
591 908 793 969 monasterio
817 908 871 969 161
891 908 985 970 661116
1000 911 1072 986 ejus
1128 907 1238 968 Sancti
1254 907 1374 968 Albani
1389 923 1456 969 non
1471 908 1661 987 episcopum
1672 909 1729 970 sed
1745 907 1925 972 abbatema
2038 928 2039 939 ¹

276 1006 486 1082 pertinentia,
504 1007 590 1067 sicut
610 1005 646 1066 16
661 1005 847 1084 privilegiis
867 1005 1069 1083 pontificum,
1126 1018 1189 1080 quo
1200 1006 1336 1080 regatur
1348 1005 1478 1077 habeat,
1489 1004 1595 1082 quiob
1609 1009 1831 1069 reverentiam
1842 1010 1926 1084 ejus·

275 1118 389 1178 regum
412 1104 465 1164 161
481 1104 624 1164 61161661
641 1105 774 1180 scriptis
798 1103 944 1164 fidelium
965 1105 1073 1166 conti·
1125 1101 1198 1164 dem
1212 1103 1349 1180 pretiosi
1362 1104 1518 1180 martyris
1528 1105 1728 1180 pontificalis
1740 1105 1923 1182 dignitatis,

277 1203 388 1276 uotnr;
401 1202 558 1280 quidquid
573 1203 733 1278 practerea
747 1201 928 1279 dignitatis,
942 1202 1073 1264 liberta·
1124 1201 1159 1261 in
1182 1202 1340 1278 quantum
1363 1201 1474 1262 abbati
1494 1202 1630 1263 concedi
1653 1201 1702 1264 166
1726 1205 1786 1274 661,
1808 1203 1926 1266 debeat

272 1299 315 1359 tis
331 1299 364 1361 61
384 1301 600 1378 competentis
625 1299 775 1361 ecclesiae
803 1315 842 1361 66
870 1301 1070 1362 monasterio
1125 1297 1273 1359 obtinere
1286 1299 1440 1360 videlicet
1456 1300 1491 1360 ut
1506 1300 1591 1360 sicut
1605 1300 1810 1376 pontificalia
1826 1300 1927 1364 habet

272 1397 522 1458 consuetudinis
539 1413 598 1475 per
620 1413 736 1474 regum
763 1397 1072 1460 1616116161611116-
1120 1398 1210 1473 iura,
1225 1397 1318 1458 11661
1339 1396 1543 1473 pontificalia
1571 1397 1692 1459 hebeat
1716 1399 1923 1471 ornamenta,

270 1495 352 1555 lium
365 1483 588 1573 scripto,'loco
600 1495 706 1556 eidem
719 1498 752 1558 61
764 1496 858 1557 661116
873 1499 945 1573 ejus
960 1496 1068 1558 colla·
1123 1494 1255 1554 mitram
1271 1493 1409 1566 scilicet,
1426 1494 1598 1567 cirotecas,
1623 1495 1782 1556 annulum
1795 1495 1829 1558 61
1846 1511 1927 1556 666-

270 1595 340 1654 11116
364 1593 424 1664 661,
446 1608 508 1654 666
535 1609 665 1670 quoque
692 1593 791 1668 hujus
818 1594 934 1670 scripti
963 1594 1071 1654 nostri
1124 1590 1350 1664 dabatunica
1366 1607 1496 1670 quoque
1512 1593 1544 1653 61
1563 1591 1740 1654 dalmatica
1767 1595 1801 1654 16
1833 1593 1926 1655 cele·

270 1690 391 1752 robore
415 1690 661 1762 confirmamus,
680 1693 716 1753 ut
734 1690 889 1752 videlicet
910 1691 1069 1752 ecclesias
1123 1688 1330 1750 brationibus
1345 1690 1523 1750 6116661616
1542 1691 1664 1762 616161,
1681 1705 1755 1768 quae
1770 1691 1874 1753 116661
1895 1691 1926 1752 61

272 1789 384 1850 Sancti
398 1788 519 1849 Albani
543 1791 576 1850 et
587 1787 679 1850 cellae
691 1791 763 1866 ejus
782 1787 995 1850 6161661661
1012 1803 1069 1850 eas
1123 1801 1190 1847 non
1205 1786 1333 1848 tantum
1344 1787 1378 1848 in
1395 1787 1531 1863 propria
1543 1787 1685 1850 66616616
1698 1788 1751 1850 161
1770 1789 1805 1849 16
1830 1787 1926 1850 661116

269 1885 472 1962 pertinentia
487 1886 595 1948 libera
611 1887 677 1948 sint
692 1885 732 1947 ab
753 1886 843 1947 omni
860 1885 982 1948 tributo
998 1887 1068 1948 6116
1122 1884 1243 1945 1661116
1268 1884 1325 1946 sed
1342 1885 1375 1946 et
1399 1884 1433 1945 in
1448 1885 1601 1946 omnibus
1616 1885 1768 1948 ecclesiis
1784 1887 1825 1947 ad
1841 1903 1926 1964 quas

269 1983 359 2058 regis
371 1984 599 2062 seuepiscopi,
612 1984 683 2044 sive
701 1981 1067 2056 comitisvicecomitis,
1113 1985 1258 2057 rogatus
1269 1982 1452 2044 accesserit
1473 1982 1619 2044 infestis
1639 1981 1756 2045 diebos
1778 1986 1923 2060 gestare,

271 2080 375 2153 ducis,
390 2081 515 2158 judicis
537 2082 569 2142 et
583 2081 751 2142 exactoris
766 2082 799 2142 61
822 2079 1067 2158 omnibusope-
1122 2079 1387 2141 benedictionem
1423 2081 1518 2152 dare,
1544 2081 1742 2144 vestimenta
1766 2081 1928 2144 sacerdo-

271 2177 363 2239 ribus
378 2195 451 2255 quae
481 2178 584 2239 indici
600 2175 646 2258 (1)
666 2179 719 2240 161
735 2178 966 2240 emendatione
981 2193 1067 2257 pon·
1122 2176 1202 2238 talia
1220 2175 1427 2250 benedicere,
1452 2177 1591 2239 clericos
1610 2195 1688 2240 suos
1716 2180 1864 2252 tensare,
1893 2181 1928 2241 et

269 2276 363 2346 tium,
379 2275 602 2347 castellorum,
615 2291 802 2352 parcorum.
1078 2337 1081 2354 ,
1122 2273 1157 2334 16
1171 2273 1292 2336 sortem
1306 2274 1505 2336 dominicam
1532 2291 1713 2348 assumere,
1740 2277 1927 2338 sanctimo-

195 2421 199 2432 ,
308 2373 425 2434 Omnia
455 2373 563 2434 autem
584 2373 787 2449 pontificalia
808 2375 886 2451 jura
910 2373 1068 2434 cellarum
1122 2371 1230 2433 616166
1245 2387 1324 2433 6666
1338 2371 1544 2434 benedicere.
1561 2374 1601 2434 ut
1621 2374 1708 2436 sicut
1728 2373 1846 2436 11661116
1861 2374 1924 2435 Al-

270 2470 383 2531 Sancti
399 2469 517 2532 Albani
533 2470 566 2531 et
580 2470 797 2532 ecclesiarum
813 2473 885 2548 ejns
901 2470 961 2532 sub
979 2473 1070 2549 eJus-
1121 2467 1227 2531 banus
1239 2469 1420 2546 anglorum
1440 2471 1663 2549 protomartyr
1685 2487 1759 2533 6666
1785 2471 1926 2549 dignos-

269 2569 342 2628 dem
358 2567 487 2629 abbatis
504 2567 721 2645 dispositione
735 2583 775 2628 ac
789 2568 928 2630 arbitrio
942 2583 1070 2646 perma-
1122 2569 1219 2638 citur,
1235 2567 1282 2628 ita
1308 2570 1343 2628 et
1367 2566 1469 2630 abbas
1490 2569 1684 2630 monasterii
1707 2568 1814 2647 ipsius
1835 2569 1927 2630 inter

269 2667 382 2726 66661.
395 2664 546 2725 chrisma
557 2679 646 2735 1616,
659 2664 766 2726 oleum
780 2665 942 2738 sanctum,
956 2679 1069 2726 conse·
1122 2664 1257 2726 abbates
1268 2664 1397 2744 anglia
1412 2665 1539 2742 primus
1554 2665 1802 2744 omnitempore
1818 2666 1927 2742 digni-

269 2762 434 2824 crationes
463 2761 619 2823 altarium
642 2777 700 2822 666
713 2762 938 2835 basilicarum,
966 2761 1069 2824 bene-
1123 2763 1199 2825 tatis
1210 2761 1327 2824 ordine
1342 2760 1515 2824 habeatur.
1530 2763 1580 2824 lta
1604 2764 1716 2825 tamen
1730 2765 1816 2840 quod
1830 2780 1924 2824 nun·

269 2859 430 2921 dictiones
444 2859 586 2932 abbatis,
601 2860 839 2921 monachorum
855 2877 914 2922 seu
928 2861 1070 2923 clerico·
1122 2875 1220 2938 qttam
1236 2858 1299 2925 hac
1314 2861 1490 2922 occasione
1509 2860 1596 2922 infra
1612 2860 1758 2922 claustra
1782 2877 1925 2923 monas-

253 2974 341 3019 ·rurn
355 2957 592 3030 ordinationes
610 2973 628 3017 a
647 2974 854 3037 quocumque
881 2959 1068 3021 malueritis
1120 2957 1573 3034 teriiabbesipsepraesumat
1583 2959 1632 3020 uti
1641 2974 1745 3036 cappa
1761 2957 1924 3032 clericali,

268 3057 433 3118 catholico
447 3055 638 3132 suscipiatis
660 3057 820 3125 antistite,
835 3057 890 3134 qni
911 3057 1067 3118 nimirum
1121 3055 1172 3118 161
1188 3055 1341 3117 saeculari
1360 3055 1472 3132 aliquo
1488 3055 1690 3129 indument0,
1713 3055 1926 3118 6611166666-

269 3155 383 3216 nostra
411 3154 514 3215 161166
540 3155 738 3216 auctoritate
762 3156 848 3232 quod
867 3155 1068 3232 postulatum
1121 3153 1179 3214 tici
1192 3150 1325 3214 habitus
1335 3151 1602 3213 16161661161616
1613 3151 1768 3214 omnibus
1778 3152 1927 3227 diligen-

268 3251 369 3313 luerit
383 3251 566 3327 indulgeat,
584 3266 645 3312 nec
661 3251 746 3328 quod
763 3252 925 3328 petieritis
948 3253 1069 3314 audeat
1121 3248 1330 3312 161611661161
1341 3248 1520 3312 6116116616
1531 3248 1704 3328 religionis
1715 3249 1927 3327 praetendere

267 3349 445 3426 denegare.
462 3348 610 3410 Obeunte
638 3349 774 3411 161616
802 3365 891 3411 6666
921 3350 1068 3427 ejusdem
1121 3347 1319 3410 intuentium
1335 3347 1440 3408 oculis
1455 3346 1698 3424 comprobetur.

268 3447 335 3509 loci
349 3446 478 3519 abbata,
495 3446 548 3508 161
567 3447 699 3508 tuorum
724 3445 870 3524 quolibet
896 3464 1010 3509 succes
1020 3465 1069 3510 so-
1162 3447 1198 3506 16
1210 3445 1370 3522 ponendis
1381 3458 1461 3506 vero
1470 3445 1524 3508 161
1535 3445 1745 3506 removendis
1754 3442 1926 3523 prioribus

268 3560 354 3617 rum,
370 3544 481 3605 nullus
492 3543 691 3621 ibiqualibet
706 3543 929 3622 subreptionis
947 3545 1068 3606 astutia
1122 3544 1281 3605 cellarum
1294 3543 1347 3603 vel
1361 3541 1544 3614 monachis,
1568 3542 1678 3602 nullus
1694 3543 1830 3603 omnino
1852 3542 1927 3602 cle-

269 3659 328 3703 seu
344 3641 504 3704 violentia
519 3643 743 3719 praeponatur.
767 3641 831 3704 Sed
853 3642 952 3704 liceat
974 3641 1068 3710 161116
1121 3642 1211 3702 11666
1226 3641 1296 3702 6116
1316 3640 1421 3701 1616116
1444 3656 1480 3700 66
1502 3639 1658 3716 objiciat;
1676 3637 1734 3700 sed
1747 3637 1850 3700 abbas
1865 3640 1927 3716 qui
2032 3677 2033 3680 =

268 3739 437 3801 communi
448 3739 599 3812 consilio,
617 3739 1069 3816 666166166161661116666-
1122 3753 1181 3815 pro
1195 3739 1343 3814 tempore
1360 3737 1461 3799 fuerit
1488 3738 1632 3814 ponendi
1656 3737 1708 3798 161
1728 3736 1926 3798 removendi

269 3839 337 3899 silii
364 3839 530 3910 sanioris,
561 3837 741 3898 secundum
768 3836 829 3898 Dei
856 3837 1008 3899 timorem
1036 3838 1069 3899 et
1122 3851 1190 3908 666,
1204 3835 1260 3896 ubi
1271 3836 1491 3912 opportunum
1506 3833 1616 3906 tuerit,
1629 3834 1753 3912 absque
1779 3835 1926 3911 alicujus

268 3935 358 3997 beati
373 3935 542 3996 Benedicti
553 3934 713 4010 regulam,
729 3934 853 4012 absque
866 3934 967 3996 ullius
988 3951 1069 3996 con·
1120 3933 1382 3996 contradictione
1408 3931 1548 3993 liberam
1571 3931 1693 3993 babeat
1716 3930 1924 4003 facultatem,

267 4024 854 4110 116616666661661616616616,661
871 4034 906 4094 iu
928 4050 1068 4110 suscep·
1122 4034 1286 4108 quatenus
1310 4031 1378 4092 1616
1409 4025 1537 4106 priores
1571 4045 1670 4107 quam
1703 4029 1860 4091 monachi
1889 4029 1927 4090 iu

267 4133 359 4194 tione
372 4130 613 4191 benedictionis
629 4147 698 4190 6666
713 4131 841 4192 6666116
856 4131 890 4190 16
901 4131 1069 4209 posterum
1123 4128 1276 4191 abbatum
1303 4141 1439 4188 suorum
1463 4141 1595 4202 semper
1608 4125 1773 4202 potestate
1787 4141 1927 4202 perma-

269 4229 385 4290 diebus
401 4229 463 4290 6611
477 4231 635 4290 Romanae
651 4227 808 4289 Ecclesiae
828 4227 1068 4304 professionem
1123 4227 1235 4298 ncant,
1252 4224 1342 4286 61116
1355 4239 1415 4300 per
1429 4223 1540 4284 6161116
1565 4223 1662 4284 liberi
1691 4223 1759 4284 sint
1785 4221 1927 4284 ubilibet

232 4387 234 4390 .
269 4327 466 4388 obedientiae
507 4325 625 4386 debeat
658 4325 828 4386 exhibere.
870 4325 928 4385 Cui
969 4325 1068 4387 etiam
1123 4315 1311 4385 habitantes
1323 4321 1365 4382 ab
1384 4319 1616 4398 episcoporum
1642 4320 1861 4397 subjectione,
1885 4335 1927 4380 66

269 4424 381 4486 abbati
403 4423 530 4485 11611616
550 4423 604 4495 611,
621 4423 745 4484 6161116
769 4421 1069 4499 praedecessoribus
1123 4422 1152 4482 si
1161 4421 1196 4482 in
1210 4434 1348 4496 corpore
1360 4418 1553 4480 monasterii
1563 4417 1828 4490 morarentur,in
1840 4431 1927 4494 quos

269 4522 393 4583 nostris
408 4521 502 4583 vobis
523 4536 716 4583 concessum
740 4522 801 4592 est,
827 4534 1005 4597 personam
1029 4519 1070 4581 de
1123 4517 1216 4578 nulla
1242 4517 1377 4578 omnino
1410 4531 1562 4592 persona,
1588 4514 1709 4592 praeter
1737 4516 1927 4576 Romanum

271 4619 341 4680 suis
369 4617 528 4680 tratribus
559 4635 657 4696 quam
691 4616 847 4679 maluerit
879 4617 1068 4690 honestam,
1124 4615 1317 4677 Pontificem
1329 4614 1381 4674 161
1395 4613 1540 4689 legatum
1556 4611 1761 4673 cardinalem
1776 4627 1795 4672 6
1809 4611 1928 4674 1166116

269 4717 425 4779 idoneam
461 4717 493 4777 et
538 4717 701 4776 maturam
742 4715 956 4787 constituere,
997 4730 1070 4791 quae
1124 4713 1228 4774 161616
1246 4711 1459 4778 destinatum,
1480 4708 1836 4770 excommunicationis
1866 4725 1927 4770 seu

272 4829 386 4877 661616
408 4813 596 4874 6611661661
611 4812 672 4873 snb
687 4828 726 4873 eo
741 4812 837 4888 gerat
850 4814 883 4873 et
897 4811 1071 4874 archidia-
1123 4802 1292 4873 interdicti
1316 4808 1514 4870 sententiam
1545 4807 1667 4870 audeat
1697 4806 1924 4884 promulgare.

271 4913 347 4973 coni
360 4909 506 4972 osticium
521 4909 557 4970 in
569 4909 721 4971 omnibus
731 4910 878 4986 impleat.
895 4912 1018 4971 Verum
1029 4925 1072 4972 66
1125 4907 1216 4982 Quod
1254 4907 1283 4968 si
1316 4905 1480 4984 quispiam
1513 4904 1601 4965 alius
1636 4903 1749 4980 aliquo
1774 4903 1927 4980 tempore

270 5007 457 5087 per'hujus
485 5007 657 5084 dignitatis
686 5007 940 5086 praerogativam
969 5007 1071 5069 abbas
1124 5005 1287 5066 attentare
1311 5001 1569 5081 praesumpserit,
1588 5003 1661 5078 eJus
1686 5001 1722 5061 in
1745 5000 1809 5061 1166
1827 5001 1926 5077 parte

271 5105 423 5186 praedicti
438 5105 633 5169 monasterii
654 5105 767 5183 aliquo
779 5107 928 5184 tempore
941 5105 1072 5168 facilio-
1124 5102 1247 5165 tactum
1273 5101 1407 5162 omnino
1433 5098 1560 5160 viribus
1588 5100 1703 5160 661661
1729 5097 1762 5159 61
1789 5096 1927 5174 penitus

271 5221 343 5268 1616
359 5205 510 5266 fortassis
520 5203 562 5264 ad
580 5204 805 5283 episcopatum
818 5203 939 5266 11611661
953 5219 1071 5265 acces·
1124 5199 1257 5261 irritum
1284 5197 1455 5260 habeatur.
1478 5193 1697 5258 Prohibemus
1719 5209 1862 5272 quoque,
1888 5197 1928 5255 ut

272 5320 357 5376 sum,
372 5289 562 5380 Apostolica
575 5303 772 5365 auctoritate
781 5302 1019 5374 interdicimus,
1028 5317 1073 5362 66
1124 5296 1236 5358 nullus
1269 5295 1444 5373 episcopus
1477 5293 1548 5354 6116
1583 5291 1855 5368 archiepiscopus
1888 5291 1926 5351 in

274 5415 419 5478 unquam
444 5401 479 5460 in
508 5400 709 5462 monasterio
731 5400 820 5462 beati
834 5398 955 5461 Albani
971 5399 1072 5460 Sedes
1124 5397 1235 5458 166116
1250 5392 1399 5455 coenobio
1412 5391 1465 5452 vel
1480 5389 1709 5468 adjacentibus
1724 5387 1877 5450 ecclesiis
1890 5387 1926 5448 16

274 5497 474 5576 episcopalis
489 5498 722 5566 constituatur,
743 5513 785 5558 66
809 5497 984 5560 occasione
1008 5496 1072 5558 ista
1126 5489 1402 5570 quibusejusdem
1417 5486 1610 5550 monasterii
1625 5486 1728 5548 abbas
1738 5489 1795 5564 jus
1812 5486 1928 5564 ponti-

275 5595 471 5674 quandoque
484 5595 638 5656 monachi
654 5595 864 5672 dispositioni
879 5594 1073 5670 subjaceant
1126 5591 1220 5656 ticale
1237 5588 1370 5650 habere
1390 5587 1606 5663 dignoscitur,
1630 5584 1749 5646 1616666
1773 5583 1927 5660 publicas

310 5710 350 5784 (1)
369 5709 459 5764 llcrsl:
471 5707 572 5765 soloni.
