3952 6294
871 325 1045 385 Honorati
1071 325 1114 383 iii
1137 325 1284 386 orent.

564 495 723 583 XXXIX

263 677 272 690 ‚
360 621 618 696 Adeptscopum
633 623 927 684 cameracensem.
989 635 997 664 r

514 725 548 782 28
563 731 676 797 august.
697 723 776 782 itti).

290 821 410 886 [nagera.
422 820 466 872 lib.
478 821 509 879 V,
520 821 593 886 epist.
606 820 646 871 dl.
660 821 717 870 lisa.
728 821 765 872 La
774 821 851 872 Porto
859 821 892 872 du
909 821 1002 886 vieti]

246 919 362 978 ltandet
387 920 413 976 ei
438 925 469 978 ut
495 918 531 978 de
553 918 628 977 iacto
654 920 778 993 quodam
802 922 876 978 inter
903 921 1044 978 latronem

283 1007 435 1082 quemdam
455 1015 484 1066 et
502 1009 535 1066 li.
553 1010 724 1070 canonicum
741 1011 978 1070 cameracensem
998 1010 1042 1068 in-

283 1097 376 1170 quirat
387 1095 550 1172 diligenter.

288 1206 466 1278 Honorius,
484 1207 560 1278 ete,
574 1205 759 1268 venerabili
775 1205 872 1269 tratri
890 1206 1046 1286 episcopo

248 1305 460 1366 cameracen.
491 1303 637 1366 Dilectus
672 1303 761 1366 tilius
794 1307 834 1368 R.
864 1305 1046 1368 canonicus

248 1403 460 1465 cameracen.
470 1419 532 1464 sua
547 1402 642 1466 nobis
663 1403 821 1480 petitione
836 1405 1044 1475 monstravit,

249 1499 336 1577 quod
351 1516 425 1562 cum
442 1500 576 1580 quidam
589 1501 675 1562 latro
690 1500 822 1565 domum
845 1502 948 1578 patris
960 1503 1044 1579 eJus,

248 1599 284 1659 in
299 1614 365 1676 qua
386 1599 458 1675 ipse
473 1598 617 1676 jacebat,
635 1600 731 1662 nocte
746 1599 888 1676 quadam
902 1601 990 1662 esset
1004 1598 1046 1661 ad

158 1693 162 1700 ‘
248 1696 427 1758 iurandum
443 1697 628 1773 ingressus,
643 1697 825 1773 evigilante
835 1695 923 1760 dicto
939 1712 1046 1760 cano·-

248 1795 325 1856 nico
346 1795 378 1857 et
392 1795 568 1867 clamante,
584 1794 656 1873 ipse
676 1793 761 1856 latro
787 1811 847 1873 per
870 1794 1047 1872 quamdam

248 1891 427 1955 fenestram
443 1891 597 1966 exiliens,
611 1894 645 1956 et
653 1892 841 1970 impingens
853 1893 889 1954 iu
904 1893 1046 1971 quodam

249 1987 340 2052 ierro
356 1990 441 2068 quod
466 1992 539 2053 erat
557 1992 593 2052 in
605 1990 751 2054 ienestm
765 1991 892 2064 eadem,
908 1989 1046 2068 digitum

251 2102 348 2150 suum
377 2087 460 2150 adeo
486 2087 686 2162 vulneravit,
710 2088 797 2166 quod
821 2105 882 2166 per
904 2089 1046 2166 vestigia

251 2185 425 2261 sanguinis
449 2187 637 2249 emanantis
652 2185 841 2250 asaeculari
861 2185 974 2264 judice
988 2187 1048 2250 de·

251 2281 436 2360 prehensus
451 2283 572 2356 extitit,
601 2284 634 2345 et
647 2299 840 2362 suspensus.
858 2285 952 2347 Unde
971 2284 1046 2350 dio-

248 2381 303 2442 tus
329 2381 510 2444 eanonicus
534 2381 630 2444 nobis
650 2381 828 2445 ¹humiliter
849 2381 1049 2459 supplicavit

250 2479 288 2539 ut
311 2493 412 2556 super
439 2479 503 2541 boc
529 2479 743 2542 conscientiae
765 2495 840 2543 suae
868 2480 1049 2543 salubriter

251 2573 427 2638 consulere
460 2575 685 2652 dignaremur.
720 2577 812 2640 Licet
830 2578 938 2655 igitur
960 2578 1048 2641 idem

252 2673 1046 2754 canonicussecundumea,quaepraemissasunt,

250 2772 378 2838 nullam
390 2771 672 2848 irregularitatem
688 2773 870 2836 incurrisse
879 2776 1047 2847 noscatur,

253 2869 332 2949 quia
343 2873 455 2932 nmen
466 2870 593 2933 veritas
604 2870 703 2933 aliter
714 2869 799 2934 iorte
810 2871 969 2948 sebabet,
981 2871 1051 2936 ira-

251 2968 402 3032 ternitati
417 2969 483 3031 tuae
497 2969 753 3046 parapostouca
768 2971 891 3049 scripta
906 2971 1048 3033 manda-

252 3082 338 3139 mns,
355 3067 518 3143 quatenus
536 3067 576 3128 de
590 3067 659 3129 toto
674 3067 819 3144 negotio,
836 3069 868 3130 et
889 3071 961 3146 ejus
979 3069 1050 3131 oir-

177 3233 179 3243 .
254 3164 464 3227 cumstantiis
490 3165 670 3243 prudenter
693 3165 856 3244 inquiras,
877 3169 920 3242 et,
944 3167 1051 3231 solum

254 3265 359 3324 Deum
369 3260 495 3324 babens
511 3279 579 3340 prae
597 3263 716 3336 oculis,
729 3280 830 3340 super
844 3265 906 3328 troc
923 3267 1051 3354 statuas

258 3360 344 3439 quod
358 3359 593 3424 ecclesiasticae
614 3360 792 3433 honestati,
807 3363 839 3425 et
854 3363 957 3426 saluti
971 3364 1052 3428 dicti

255 3457 408 3520 canonici
423 3458 548 3521 videris
559 3457 732 3536 expedire.
745 3458 863 3522 Datum
882 3461 970 3538 apud
987 3463 1053 3523 Ur-

1831 333 1884 392 520

1098 484 1299 558 visitaveris,
1328 485 1410 554 duos
1432 485 1472 548 de
1487 486 1657 549 canonicis
1683 487 1882 564 liudegaven.

1099 579 1207 641 tecum
1219 579 1340 642 ducere
1353 579 1467 642 valeas
1478 580 1534 658 qui
1550 597 1609 660 pro
1625 581 1840 645 residentibus
1853 583 1884 644 in

1099 677 1237 754 praelata
1250 678 1393 740 ecclesia
1405 679 1611 755 reputentur.
1622 679 1714 742 Nulli
1727 695 1816 756 ergo.
1828 683 1883 743 etc.

1100 779 1222 836 nostrae
1239 775 1464 837 concessionis
1477 775 1670 854 intringere.
1689 779 1724 838 Si
1741 779 1813 856 quis
1832 793 1886 840 au-

1098 874 1257 945 temeto.
1275 875 1391 934 Datum
1407 873 1493 951 apud
1517 873 1637 936 Urbem
1662 875 1825 948 Veterem,
1840 891 1886 936 se-

1099 969 1210 1032 cundo
1221 971 1381 1033 kalendas
1394 969 1590 1046 decembris,
1608 988 1696 1035 anno
1712 972 1833 1050 quinto.

1108 1267 1160 1328 Ad
1174 1265 1329 1327 abbatem
1338 1269 1546 1340 BeittPreit‚
1562 1267 1596 1330 et
1607 1270 1746 1344 priores
1758 1269 1798 1330 de
1808 1271 1891 1332 cete-

1121 1373 1259 1434 belvilar
1267 1373 1301 1434 et
1313 1376 1398 1434 Batti
1414 1375 1517 1436 Preti
1532 1377 1698 1438 Mensis
1712 1377 1871 1438 dioecesis.

1361 1487 1393 1546 3l
1411 1489 1526 1562 augusti
1541 1488 1620 1546 tato.

1138 1591 1259 1658 [neget.
1272 1591 1320 1643 lib.
1330 1591 1362 1654 v,
1375 1593 1448 1658 epist.
1459 1593 1498 1644 ³³.
1512 1593 1569 1644 lies.
1581 1594 1617 1645 La
1632 1594 1707 1646 Porta
1719 1593 1754 1648 du
1769 1594 1858 1662 risit]

1101 1689 1219 1750 blandai
1237 1691 1282 1750 eis
1308 1698 1340 1749 ut
1351 1693 1492 1751 revocatis
1514 1692 1648 1752 omnibus
1667 1709 1733 1768 qun
1746 1694 1777 1752 in
1800 1709 1891 1762 cama,

1137 1795 1201 1853 que
1218 1781 1292 1838 iuter
1306 1781 1339 1840 li.
1360 1780 1494 1839 clericum
1520 1783 1751 1858 crucesignatum
1779 1781 1815 1840 ab
1840 1798 1891 1840 uua

1137 1877 1228 1942 parte,
1243 1876 1272 1928 et
1291 1868 1437 1928 dominam
1460 1869 1496 1928 de
1513 1871 1594 1928 'lisca
1614 1877 1643 1928 et
1656 1869 1759 1928 iratres
1776 1886 1842 1929 suos
1861 1870 1894 1928 ab

1138 1957 1234 2021 altera.
1246 1957 1420 2030 vertebatur,
1435 1965 1498 2031 post
1513 1959 1735 2032 appellationem
1748 1957 1783 2017 ad
1798 1959 1893 2018 Sedent

1137 2047 1331 2193 dltpostolieam
1344 2045 1418 2106 iacta
1431 2045 1562 2117 luissent,
1577 2062 1696 2107 eaumm
1716 2047 1753 2108 de
1765 2063 1837 2107 novo
1851 2063 1895 2105 au·

1157 2136 1227 2194 iant.

1142 2246 1321 2320 Honorius,
1339 2249 1414 2320 ete,
1438 2245 1569 2309 dilectis
1596 2247 1675 2310 liliis
1692 2243 1804 2311 abbati
1818 2247 1894 2310 Belli

1103 2343 1195 2406 Prati
1208 2346 1241 2406 et
1251 2344 1292 2406 de
1307 2343 1561 2406 Celebelviler...
1575 2343 1659 2408 Belli
1675 2347 1772 2409 Prati
1786 2345 1896 2424 priori·

1102 2439 1309 2504 busTullen.
1327 2442 1492 2506 dioecesis.
1612 2429 1617 2442 “

1143 2540 1192 2602 Ad
1209 2540 1414 2603 audientiam
1437 2543 1584 2604 nostram
1597 2543 1637 2604 R.
1654 2541 1778 2605 clerico
1790 2557 1894 2604 cruce-

1104 2637 1233 2714 signato
1249 2637 1457 2715 significante
1473 2640 1632 2716 pervenit,
1648 2640 1736 2717 quod
1757 2656 1830 2702 cum
1844 2655 1895 2701 no·

1103 2735 1181 2798 bitis
1219 2736 1340 2798 mulier
1372 2735 1505 2800 domina
1535 2736 1576 2800 de
1609 2739 1707 2799 Tisca
1737 2739 1899 2800 'tullensis

1104 2834 1258 2897 dioecesis
1270 2834 1311 2896 ab
1327 2849 1366 2896 eo
1381 2837 1415 2898 et
1427 2835 1663 2898 tratribussuis
1672 2837 1897 2914 possessiones

1105 2933 1265 3010 quasdam
1291 2935 1464 3011 repeteret,
1482 2948 1564 3011 quas
1589 2933 1723 2996 dicebat
1749 2933 1790 2997 ab
1816 2933 1893 3010 ipsis

1106 3031 1202 3093 titulo
1216 3031 1365 3109 pignoris
1381 3031 1539 3103 detinere,
1554 3033 1587 3094 et
1604 3047 1706 3109 super
1720 3032 1783 3095 boc
1800 3045 1895 3110 quum

1107 3145 1256 3191 coram...
1268 3128 1405 3192 officiali
1415 3130 1621 3191 't'ullemnon
1632 3145 1674 3192 ex
1694 3129 1896 3208 delegatione

1106 3226 1298 3305 apostolica
1326 3227 1530 3298 convenerit,
1548 3227 1662 3289 dicens
1677 3227 1814 3290 tandem
1832 3227 1899 3303 ipse

1108 3323 1192 3386 nibil
1214 3325 1303 3402 juris
1318 3341 1354 3387 se
1382 3325 1416 3385 in
1446 3323 1714 3403 possessionibus
1737 3323 1899 3403 praedictis

1106 3419 1244 3496 habere,
1262 3439 1301 3485 ac
1316 3423 1513 3485 renuntians
1530 3421 1650 3500 siquid
1661 3424 1751 3502 juris
1765 3424 1800 3485 iu
1821 3421 1898 3502 ipsis

1108 3519 1173 3582 sibi
1198 3521 1386 3598 competere
1414 3518 1607 3593 videbatur,
1624 3520 1817 3584 licentiatus
1835 3521 1898 3582 tam

254 3555 329 3618 bem
353 3555 518 3629 Veterem,
543 3555 660 3634 quinte
674 3553 836 3620 kalendas
853 3556 1050 3632 decembris,
1070 3653 1073 3662 .

255 3669 342 3716 ,nno
355 3653 481 3732 quinto,
1109 3616 1150 3680 ab
1165 3615 1300 3680 osticiali
1321 3615 1471 3696 praeiato,
1492 3634 1590 3696 quam
1613 3633 1634 3681 a
1655 3620 1752 3696 parte
1766 3619 1899 3682 adversa

1110 3713 1260 3791 recessit,
1275 3716 1334 3777 sed
1347 3731 1422 3778 cum
1437 3718 1526 3779 esset
1539 3716 1574 3777 in
1588 3715 1761 3794 procinctu
1776 3715 1899 3780 itineris

1110 3813 1344 3894 prosequendi,
1363 3814 1448 3892 quod
1465 3814 1631 3888 emiserat,
1648 3817 1761 3878 votum
1785 3813 1898 3884 crucis,

375 3888 426 3948 Ad
440 3887 637 3962 02⁷ssme
648 3889 941 3964 Andedavemem·
1111 3911 1198 3974 idem
1213 3911 1378 3985 oiticialis,
1390 3927 1490 3991 super
1504 3913 1628 3975 eisdem
1639 3911 1902 3992 possessionibus

520 3999 555 4058 ³¹
571 4006 687 4074 tuem&
704 4000 785 4059 ¹²²⁰·
1112 4010 1227 4074 citavit
1236 4009 1397 4080 eumdem,
1409 4012 1525 4073 etcum
1534 4009 1619 4073 idem
1628 4011 1825 4091 excipiendo
1834 4023 1903 4088 pro

289 4105 512 4170 magnanimi,
530 4105 866 4170 restituentibus
884 4107 1023 4175 aurien]
1114 4109 1260 4185 poneret,
1290 4108 1376 4186 quod
1400 4123 1466 4170 non
1497 4107 1670 4172 tenebatur
1698 4125 1800 4188 super
1825 4106 1901 4187 ipsis

258 4203 392 4280 indulget
409 4203 437 4261 ei
451 4211 491 4274 ut,
517 4219 604 4278 quum
624 4219 706 4263 surm
720 4203 869 4265 dioecesim
888 4207 1057 4294 visitaverit,
1114 4205 1391 4284 possessionibus,
1409 4220 1482 4268 oum
1494 4221 1654 4269 corameo
1665 4203 1903 4270 renuntiaverit

293 4293 367 4352 duos
381 4292 536 4352 canonicos
550 4307 649 4352 secum
663 4295 786 4352 retinere
797 4296 897 4368 possit,
905 4297 952 4369 qui
963 4301 1059 4355 umen
1113 4305 1148 4367 et
1161 4302 1376 4366 renunciaret
1398 4303 1517 4376 adhue,
1539 4305 1661 4383 siquid
1689 4306 1725 4367 ln
1748 4305 1798 4368 ets
1819 4302 1902 4382 juris

296 4390 454 4458 timentes
467 4382 497 4439 in
515 4383 641 4455 ii³⁰i¹¹¹¹¹
656 4383 778 4442 eoeletlt
790 4383 973 4443 haberentur.
1114 4399 1277 4464 babuerat
1299 4400 1511 4479 respondere,
1529 4402 1736 4481 aopraetatus
1756 4399 1903 4466 officialis

303 4491 481 4563 Honorius,
498 4491 574 4565 ete,
591 4491 778 4554 venerabili
794 4491 889 4556 tratri
905 4491 1061 4574 episcopo
1114 4497 1310 4577 exceptione
1324 4499 1516 4578 nrrjusmodi
1541 4515 1608 4562 nou
1627 4499 1774 4562 admissa
1792 4511 1905 4578 proce·

264 4588 506 4664 andegavensi.
1116 4595 1196 4658 dere
1221 4596 1396 4670 niteretur,
1423 4597 1495 4676 ipse
1530 4599 1678 4660 nostram
1704 4595 1901 4661 audientiam

306 4687 356 4746 Ex
370 4687 463 4762 parte
477 4687 534 4748 tua
547 4685 610 4749 init
624 4687 719 4748 nobis
739 4687 913 4750 humiliter
935 4689 1064 4768 suppli·
1116 4692 1310 4772 appellarit.
1324 4694 1486 4766 Quocirca
1510 4694 1703 4758 discretioni
1718 4696 1837 4759 vestra
1850 4706 1904 4772 per

267 4784 389 4854 catum,
410 4782 445 4844 ut
459 4799 533 4843 cum
556 4799 693 4848 necesse
719 4785 843 4848 babeas
866 4785 997 4864 aliquos
1022 4787 1063 4849 de
1117 4790 1307 4869 apostolica
1323 4791 1446 4869 scripta
1460 4793 1673 4866 mandamus,
1689 4795 1861 4872 quatenus,
1877 4787 1904 4850 si

269 4879 441 4943 canonicis
456 4881 605 4942 ecclesiae
626 4882 693 4944 tuae
707 4898 767 4961 pru
789 4883 894 4960 ipsius
913 4885 1063 4948 ecelesia
1119 4888 1169 4952 est
1180 4887 1239 4961 ita,
1254 4891 1408 4952 revocato
1428 4890 1463 4952 in
1492 4891 1612 4952 statum
1628 4891 1775 4953 debitum
1789 4889 1815 4952 si
1831 4883 1903 4970 quid

270 4977 414 5056 negotiis
433 4977 663 5055 procurandis,
689 4980 722 5041 et
742 4981 914 5044 tuaetiam
929 4981 1064 5045 dioecesi
1120 4987 1193 5063 post
1220 4985 1410 5063 hujusmodi
1438 4988 1692 5067 appellationem
1717 4984 1905 5052 inveneritis

270 5075 437 5140 visitanda
445 5075 552 5137 meum
561 5074 750 5152 specialiter
760 5079 905 5140 retinere
916 5079 976 5142 tibi
985 5094 1067 5142 con·
1120 5084 1464 5153 temereattentatum,
1479 5085 1625 5149 audiatis
1639 5101 1786 5159 causam,
1797 5082 1905 5164 appel·

272 5175 390 5239 cedere
410 5174 635 5250 dignaremur,
653 5173 688 5235 ut
703 5173 788 5235 tales
803 5174 838 5236 in
853 5175 1064 5254 andegaven.
1121 5180 1246 5244 latione
1259 5183 1397 5254 remota,
1422 5181 1488 5246 tine
1502 5183 1612 5247 debito
1627 5183 1831 5256 terminetis,
1855 5179 1903 5242 ia-

273 5273 415 5337 ecclesia
433 5287 492 5351 pro
514 5269 737 5333 residentibus
761 5271 975 5336 haberentur.
998 5275 1067 5337 Nos
1122 5279 1248 5341 cientes
1284 5279 1371 5356 quod
1410 5279 1624 5344 decreveritis
1652 5291 1904 5359 percensuram

274 5372 387 5448 igitur,
398 5370 559 5450 quantum
571 5385 645 5430 cum
656 5369 723 5430 Deo
733 5371 994 5446 possumus,tuis
1009 5372 1069 5436 de·
1122 5374 1385 5438 ecclesiasticam
1405 5375 1545 5441 tirmiter
1561 5377 1742 5440 observari.
1758 5373 1904 5454 Alioquin

274 5467 522 5545 votisprecibus
532 5466 798 5529 condescendere
809 5467 990 5544 cupientes,
1000 5469 1071 5532 ira·
1124 5468 1905 5551 partesetappellantem,etc.Testes,etc.Quodsi

276 5563 425 5630 tenuitati
448 5567 514 5628 tue
529 5563 727 5628 auctoritate
741 5565 954 5642 praesentium
970 5566 1070 5629 duxi·
1124 5572 1519 5643 nonomnes,etc.i)atum
1531 5573 1745 5651 apnditrbem
1752 5575 1906 5638 Veterem

278 5681 351 5727 mus
366 5663 669 5736 concedendumut
681 5679 780 5742 quarm
793 5665 882 5725 tuam
903 5663 1070 5728 ditecesim
1127 5667 1272 5730 secundo
1290 5667 1450 5732 kalendas
1466 5670 1672 5748 septembris,
1689 5687 1776 5734 anno
1789 5669 1905 5750 quinto.
