3952 6350
57 300 112 360 721
634 365 638 372 ,
696 306 923 366 EPISTOLAE.
948 307 1025 366 bia.
1049 309 1087 367 V.
1652 313 1713 387 722

58 460 211 521 detentas
221 459 267 522 ab
277 461 371 538 ipsis,
381 462 700 528 sinedifflcultateac
709 465 862 528 molestia
916 465 1155 537 Monticellum,
1176 467 1380 542 Arigazzam,
1403 472 1555 545 Bargam,
1579 471 1713 532 Pidier-

58 556 207 634 qualibet
222 559 453 633 restituerent,
471 564 504 624 31
518 563 730 625 absolverent
748 579 862 624 omnes
917 562 994 632 lam,
1011 563 1139 633 casale,
1164 577 1296 624 roccam
1320 565 1360 625 de
1382 565 1474 638 Vico,
1494 567 1709 640 Castreclum,

58 657 96 716 de
109 656 279 718 comitatu
296 657 328 719 et
342 658 440 720 terris
456 661 623 736 praedictis
645 662 686 722 ab
703 663 795 722 omni
806 664 863 738 ju·
917 659 1124 734 Limcgnum,
1137 662 1298 733 Graecum,
1313 663 1506 738 Mugonum‚
1519 662 1710 736 Pillianum,

58 753 222 823 ramento,
240 753 398 819 districtu
411 758 443 819 31
461 755 729 834 obligationibus,
744 759 862 836 quibus
917 756 1155 828 Monticellum,
1172 759 1358 830 Fossatum,
1375 762 1524 828 Terram,
1535 762 1664 830 Batum,
1679 762 1712 824 31

58 851 188 912 ratione
204 851 357 929 alicujus
372 855 628 931 jurisdictionis,
645 873 744 934 quam
759 857 794 916 in
814 857 862 918 eis
919 852 1145 928 Savignanum
1172 871 1247 915 cum
1278 857 1487 931 pertinentiis
1512 858 1582 920 suis
1613 873 1710 920 rece-

58 948 222 1010 1133133113
235 953 481 1024 ‘exercuerant
507 956 702 1015 tenerentur
725 955 860 1015 eisdem.
916 951 965 1026 pit
988 965 1008 1011 3
1033 950 1129 1012 nobis
1155 951 1190 1011 in
1214 951 1358 1024 feudum,
1379 970 1480 1014 unum
1507 957 1653 1016 asturem
1678 955 1713 1017 et

59 1048 96 1107 Et
105 1049 491 1113 removerentconsules
502 1050 535 1111 et
546 1051 706 1123 rectores,
717 1051 860 1127 bajulos,
917 1045 1000 1108 duos
1020 1046 1157 1110 braccos
1183 1064 1242 1124 pro
1266 1049 1390 1110 eisdem
1409 1051 1527 1112 castris
1553 1051 1711 1116 Ecclesiae

59 1146 90 1204 et
111 1143 139 1203 si
164 1159 255 1220 quos
283 1144 444 1208 officiales
470 1147 550 1225 ipsis
571 1147 790 1224 praefecerant
807 1171 813 1208 :
830 1149 863 1210 et
917 1146 1074 1205 Romanae
1103 1144 1201 1204 annis
1230 1142 1372 1221 singulis
1398 1147 1599 1220 redditurus,
1626 1163 1710 1226 quos

60 1241 283 1302 extraherent
305 1259 529 1322 quoscumque
548 1247 728 1321 posuerant
743 1246 782 1306 de
794 1247 862 1308 ter-
918 1241 1017 1301 31133
1037 1239 1133 1302 nobis
1150 1257 1209 1317 pro
1225 1259 1292 1304 uno
1313 1259 1402 1304 anno
1424 1244 1594 1320 persolvit.
1613 1249 1709 1307 Prae-

61 1338 104 1398 113
128 1337 228 1414 13313,
257 1340 294 1400 31
321 1339 362 1401 13
386 1343 506 1402 caetero
527 1343 718 1405 memoratis
745 1343 862 1421 capel·
916 1339 1007 1400 terea
1022 1337 1100 1399 licet
1116 1339 1300 1400 Marcblam
1315 1341 1557 1402 anconitanam
1579 1341 1621 1402 ad
1635 1357 1711 1404 ma-

60 1435 141 1496 13313
162 1436 218 1497 131
241 1452 360 1498 33133
382 1439 491 1512 311311,
518 1456 578 1501 333
602 1439 738 1502 cuilibet
763 1441 862 1502 aliia
917 1450 978 1494 nus
1012 1450 1090 1495 suas
1127 1436 1275 1498 Eoclesia
1314 1439 1463 1499 Romana
1499 1454 1558 1514 110
1589 1439 1710 1516 111310ΐὶ

62 1533 141 1594 Sede
167 1535 368 1610 Apostolica
393 1535 559 1599 133113313
583 1538 625 1600 31
654 1537 862 1600 retinendam

64 1631 323 1708 possessionem,
339 1649 436 1710 quam
458 1634 592 1706 babent,
607 1633 640 1696 et
655 1651 861 1712 recuperan-

64 1727 133 1788 dam
158 1744 263 1805 quam
289 1745 355 1789 non
375 1729 508 1802 babent,
530 1733 727 1807 praestarent
746 1733 861 1793 consi-

63 1825 149 1896 lium,
170 1826 345 1887 arvxilium
370 1828 403 1888 et
423 1827 580 1888 favorem.
607 1830 646 1891 Et
665 1829 713 1888 sic
739 1829 861 1890 factum

64 1923 117 1993 331,
135 1921 224 1998 quod
241 1923 339 1984 multi
355 1922 507 1996 barones,
521 1925 654 1997 milites,
672 1928 705 1987 31
719 1926 779 1987 3111
793 1928 863 1986 131-

63 2034 169 2079 13133
193 2019 350 2096 1333133
375 2020 499 2082 eisdem
519 2023 702 2099 capellanis
728 2023 862 2084 nomine

65 2118 172 2178 nostro
192 2116 368 2179 fidelitatis
381 2121 570 2195 juramenta
584 2121 789 2196 praestantes,
806 2135 862 2182 re-

64 2215 305 2288 cognoverunt,
329 2231 365 2276 se
394 2217 516 2287 omnia,
538 2233 612 2292 quae
638 2216 679 2278 de
703 2217 861 2280 comitatu

66 2311 218 2384 praedicto
252 2311 423 2382 tenebant,
448 2329 507 2388 pro
533 2317 682 2375 Romana
712 2314 860 2376 Ecclesia

64 2408 241 2482 possidere.

99 2506 220 2566 Verum
237 2507 321 2584 quia
333 2507 461 2569 nobiles
476 2507 541 2570 viri
554 2507 615 2569 1111
630 2511 786 2572 3331133
802 2509 862 2571 Al-

65 2599 143 2662 berti
155 2607 188 2664 et
204 2605 354 2676 Neresii‚
371 2606 428 2682 qui
448 2609 592 2667 castrum
609 2593 770 2682 Gonzagac
786 2623 860 2668 cum

67 2699 273 2772 pertinentiis
294 2703 363 2762 suis
384 2703 575 2764 detinebant
590 2705 753 2775 invasum,
769 2720 859 2782 313-

67 2793 167 2857 1131113
182 2798 470 2864 cancellariuseis
486 2799 547 2860 sub
559 2816 656 2876 poena
669 2801 859 2862 millemar-

70 2907 174 2954 carum
197 2895 359 2972 injunxit,
375 2897 412 2958 ut
426 2898 570 2958 castrum
584 2897 692 2973 ipsum
709 2898 781 2958 3133
795 2897 860 2958 dif-

69 2986 206 3053 ficultate
222 2991 374 3069 qualibet
386 2993 597 3068 resignarent
614 3016 621 3053 :
636 2995 713 3070 quia
728 2995 762 3054 id
784 2994 859 3056 efli-

917 1531 1010 1606 parte
1035 1532 1172 1604 teneret,
1195 1533 1411 1595 nibilominus
1433 1536 1544 1596 tamen
1563 1536 1710 1612 praedic-

917 1632 969 1690 tus
987 1629 1168 1706 imperator
1195 1647 1269 1691 eam
1288 1632 1384 1693 nobis
1401 1633 1536 1694 omnino
1558 1632 1710 1710 quietaus

917 1729 949 1787 31
963 1727 1194 1788 refutationem
1209 1727 1346 1800 faciens,
1364 1731 1461 1804 prout
1475 1730 1510 1790 13
1526 1730 1630 1807 133133
1653 1730 1711 1792 111-

908 1823 998 1884 teris
1020 1824 1151 1900 plenius
1169 1825 1367 1898 continetur,
1385 1828 1543 1904 praecepit
1556 1827 1709 1888 omnibus

917 1919 956 1980 de
969 1920 1130 1992 Marcbia,
1148 1924 1183 1984 31
1195 1922 1290 1983 nobis
1311 1924 1471 1999 tanquam
1492 1925 1632 1986 Domino
1648 1941 1710 1988 suo

916 2017 956 2077 de
978 2019 1099 2080 caetero
1120 2019 1270 2094 plenarie
1291 2020 1540 2096 responderent.
1564 2022 1710 2099 cumque

917 2116 1399 2191 nospostmorlumdilectofllio
1411 2119 1594 2180 nobiliviro
1605 2120 1708 2181 Azoni

916 2213 1103 2277 Marcbioni
1116 2215 1257 2286 Estensi,
1272 2230 1345 2275 333
1361 2215 1396 2276 13
1417 2215 1552 2277 feudum
1567 2216 1709 2278 duxeri·

917 2327 988 2370 mus
1024 2310 1279 2383 concedendam,
1306 2315 1469 2388 praesente
1506 2314 1706 2390 imperatore

915 2407 1130 2470 investientes
1152 2408 1303 2469 eumdem
1325 2409 1365 2470 de
1383 2410 1457 2485 ipsa
1476 2410 1625 2471 Marcbia
1646 2425 1705 2487 per

915 2504 1086 2576 vexillum,
1104 2521 1164 2566 nos
1182 2507 1459 2582 praenominatum
1475 2507 1706 2584 Pandulpbum

916 2601 1153 2663 subdiaconum
1167 2605 1200 2664 et
1212 2603 1377 2664 33131133
1391 2605 1551 2676 3331133,
1562 2608 1594 2666 31
1608 2606 1709 2682 impe-

915 2701 1049 2771 ratoris,
1060 2700 1284 2760 venerabilem
1299 2700 1434 2762 fratrem
1446 2703 1633 2762 nostrum...
1649 2717 1710 2778 pa-

914 2797 1095 2857 triarcham
1123 2797 1369 2873 aquileiensem
1405 2797 1486 2859 illuc
1517 2799 1708 2860 curavimus

915 2893 1092 2966 destinare,
1107 2897 1142 2955 ut
1163 2910 1237 2954 eum
1258 2895 1293 2954 in
1315 2895 1525 2970 possessione
1549 2896 1709 2956 Marcbiae

915 2990 1119 3062 inducentes,
1144 2991 1175 3050 ei
1194 2990 1343 3053 facerent
1363 2991 1404 3052 de
1425 2991 1578 3053 omnibus
1599 2993 1709 3055 13113-

70 3099 136 3146 cere
172 3092 370 3158 renuerunt,
400 3105 461 3151 nec
495 3091 673 3152 voluerunt
700 3091 734 3151 in
768 3092 859 3166 regis
915 3087 1010 3148 nibus
1026 3089 1095 3148 suis
1111 3088 1241 3164 integre
1262 3089 1458 3165 responderi
1477 3111 1484 3150 :
1502 3090 1708 3152 (1111131313-

70 3186 237 3256 3133333113
254 3202 459 3264 333331313,
476 3187 563 3248 idem
582 3203 643 3248 1311
662 3189 703 3248 de
719 3188 858 3250 consilio
914 3200 987 3244 men
1012 3185 1231 3256 Anconitana,
1249 3185 1406 3261 quamdiu
1425 3184 1521 3247 nobis
1545 3186 1708 3263 placuerit

70 3294 194 3342 suorum
220 3284 409 3360 principum
431 3285 577 3346 bannum
596 3286 702 3362 ipsius
726 3285 859 3348 cancel·
914 3282 947 3341 in
971 3282 1091 3344 nostris
1114 3282 1266 3342 manibus
1289 3283 1469 3354 reservata,
1495 3284 1528 3344 et
1551 3283 1707 3345 universo

69 3372 138 3437 larii
163 3381 386 3454 confirmavit,
412 3383 445 3442 et
468 3398 627 3458 personas
656 3399 770 3445 eorum
798 3383 858 3445 sub
914 3379 1112 3454 patrimonio
1132 3379 1226 3468 beati
1253 3379 1387 3440 Patria
1414 3381 1518 3442 Ρ3313
1546 3380 1708 3458 ceperani

70 3477 216 3550 perpetuo
232 3478 368 3555 imperii
383 3477 493 3540 banno
505 3495 643 3555 ponens,
660 3479 746 3540 boua
765 3481 859 3556 ipso·
914 3492 1017 3553 usque
1051 3477 1289 3538 Radicofanum
1317 3493 1469 3555 possesso
1493 3477 1526 3539 31
1547 3478 1708 3555 disposito

69 3582 145 3641 133,
161 3572 363 3651 ubicumque
384 3576 519 3638 inventa
541 3576 660 3650 forent,
682 3577 857 3639 confiscari
913 3575 1050 3649 3331133
1072 3590 1111 3635 33
1133 3576 1243 3651 quiete
1266 3590 1326 3649 pro
1351 3577 1473 3636 nostrae
1499 3574 1706 3654 beneplacito

71 3672 227 3747 precepit,
251 3673 321 3733 nisi
344 3674 512 3750 usquead
535 3674 622 3734 diem
649 3675 857 3736 Dominicum
913 3670 1104 3732 voluntatis.
1130 3673 1247 3732 Datum
1267 3674 1439 3744 Laterani,
1461 3675 1522 3734 XII
1547 3674 1708 3735 kalendas

71 3766 210 3835 proxime
226 3771 308 3831 tuno
323 3773 500 3832 venturum
516 3771 726 3846 resignarent
740 3773 775 3832 13
791 3789 859 3832 ma·
914 3767 1036 3836 martii,
1053 3767 1264 3842 pontificatus
1281 3769 1386 3832 nostri
1399 3785 1486 3830 anno
1500 3771 1625 3846 quinte.

71 3859 159 3922 nibus
190 3866 442 3943 capellanorum
477 3868 637 3945 ipsorum,
664 3869 717 3929 vel
744 3883 857 3930 eorum

71 3955 197 4023 alterius
221 3967 371 4025 castrum
392 3965 512 4040 ipsum.
539 3967 703 4042 Praecepit
728 3981 857 4042 quoque

72 4053 350 4132 Cremonensibus,
364 4061 608 4135 Parmensibus,
623 4062 771 4139 Reginis
782 4065 858 4124 Mu-

71 4148 264 4230 tinensibus,
294 4159 574 4228 Bononiensibus,
600 4162 633 4221 31
656 4160 858 4234 generaliter

36 4277 38 4280 ·
73 4248 227 4314 universis
249 4255 404 4318 fidelibus
425 4258 506 4327 suis,
525 4258 560 4318 ut
578 4256 746 4332 praedictis
761 4257 858 4318 nobi·

72 4339 159 4418 libus,
182 4350 402 4428 adjutoribus,
423 4354 455 4414 31
479 4352 675 4424 fautoribus,
702 4354 753 4414 vel
778 4355 854 4415 aliis

73 4437 287 4510 detentoribus
305 4449 407 4511 castri
420 4450 571 4526 praedicti
583 4450 732 4512 facerent
747 4452 855 4512 vivam

1218 3972 1401 4060 CCLXXI

912 4115 962 4172 Ad
981 4115 1360 4188 111313133331333333
1381 4117 1414 4176 et
1433 4119 1474 4177 de
1494 4118 1705 4180 Waltscbsen

1054 4211 1088 4270 et
1103 4213 1144 4271 de
1159 4215 1393 4274 Hodsbranne
1408 4215 1554 4275 abbates.

1200 4333 1234 4390 18
1249 4330 1319 4390 febr.
1339 4335 1417 4391 1111.

947 4445 1029 4510 [area.
1041 4445 1125 4496 Codex
1135 4447 1294 4511 episcopatus
1305 4448 1482 4512 1311333333,
1495 4455 1514 4499 t.
1528 4451 1548 4510 l,
1563 4463 1589 4514 3.
1600 4449 1667 4516 331]

74 4549 224 4608 guerram.
247 4545 395 4609 inhibuit
411 4547 511 4608 etiam
530 4547 732 4620 Mantuanis,
749 4551 855 4610 Vero·
910 4552 1143 4612 commissarium
1158 4551 1369 4611 3331331333
1386 4554 1502 4627 Papale,
1518 4555 1593 4627 quod
1609 4557 1702 4615 31311-

74 4638 227 4714 rensibus,
251 4643 534 4716 Ferrariensibus
560 4645 802 4718 Brixiensibus‚
824 4649 856 4708 31

75 4728 140 4792 31113
154 4736 304 4801 fidelibus
320 4740 389 4802 suis
405 4741 465 4802 sub
483 4741 616 4803 obtentu
637 4742 808 4804 fidelitatis
824 4746 856 4804 et

75 4827 151 4890 certa
165 4849 272 4909 poena,
283 4854 324 4899 ne
335 4838 416 4914 ipsis
427 4838 656 4915 impenderent
667 4840 853 4911 consillum,

945 4641 1097 4712 episcopus
1111 4641 1267 4713 salisburg.
1281 4649 1310 4698 et
1324 4641 1505 4716 fidejussores
1519 4645 1564 4702 sui
1584 4653 1702 4703 133333-

945 4735 989 4785 tur
1009 4729 1150 4801 ‘promlssa
1175 4737 1311 4801 praestare
1327 4731 1402 4788 circa
1420 4731 1494 4789 bona
1515 4733 1705 4809 abepiscopo

945 4817 1146 4889 llatispouensi
1160 4816 1376 4892 archiepiscopo
1390 4819 1516 4878 vendita.

75 4927 222 4994 auxilium
234 4935 288 4996 vel
300 4933 459 5006 faverem,
475 4937 561 4996 sicut
575 4935 609 4996 in
627 4936 746 4999 litteris
761 4938 855 5012 regio
949 4935 1116 4994 Honorius
1127 4934 1310 5012 episcopus
1322 4951 1438 4999 servus
1451 4953 1623 5000 servorum
1631 4941 1702 5012 Dei,

76 5017 173 5093 sigillo
192 5033 327 5094 munitis
348 5034 582 5110 prospeximus
600 5032 734 5110 plenius
748 5036 856 5098 couti·
909 5031 1092 5092 venerabili
1108 5031 1242 5092 fratri...
1263 5032 1419 5094 Eisteten.
1436 5035 1590 5112 episcopo
1606 5038 1639 5097 et
1653 5035 1705 5096 di-

76 5118 148 5178 3311.
165 5125 295 5204 Etonia
317 5131 463 5192 castrum
478 5129 627 5191 Bondeni
645 5131 776 5192 Veteris
798 5131 854 5192 di·
910 5128 1005 5190 lectis
1021 5128 1136 5188 filiis...
1153 5129 1193 5190 de
1208 5131 1421 5191 Waltsabsen
1445 5132 1513 5192 et...
1530 5131 1570 5192 de
1585 5132 1702 5194 Η3113-

76 5213 172 5279 lutum
195 5227 277 5297 3131,
297 5243 404 5303 33331
423 5227 660 5289 reaedificatum
685 5228 745 5300 est,
767 5230 800 5290 et
813 5228 854 5290 ab
908 5223 1037 5286 brunna
1058 5225 1244 5299 abbatibus,
1262 5228 1454 5288 cistercien.
1474 5228 1612 5297 ordinis,
1630 5231 1701 5292 Ra-

78 5297 218 5380 Eccldsiae
239 5325 396 5385 Romanae
421 5323 574 5385 fidelibus
600 5325 737 5401 pacifice
759 5325 856 5389 habi·
909 5323 1111 5399 tisponensis
1126 5326 1159 5385 et
1175 5325 1331 5385 Eisteten.
1353 5324 1544 5398 dioecesum,
1561 5327 1702 5388 salutem

77 5401 163 5468 tatur.
179 5415 320 5480 Dilectus
334 5435 463 5496 quoque
475 5420 564 5480 lilius
574 5420 727 5482 Albertus
743 5437 854 5482 comes
909 5421 943 5481 et
956 5421 1172 5496 apostolicam
1187 5420 1461 5481 benedictionem.

80 5497 245 5586 Pratensis,
271 5515 439 5578 fidelitatis
467 5517 560 5578 nobis
585 5518 733 5593 praestito
754 5521 854 5594 jura·
948 5517 1157 5580 Venerabilis
1184 5517 1287 5578 frater
1312 5517 1426 5579 noster
1449 5519 1701 5596 Ratispcnensis
1729 5531 1733 5539 ·

79 5601 184 5678 33313,
208 5611 328 5674 131133
353 5615 489 5684 Vallesi,
519 5630 649 5676 roccam
674 5615 851 5688 Gonflenti,
909 5616 1083 5693 episcopus
1110 5633 1169 5678 sua
1193 5614 1286 5676 nobis
1310 5615 1468 5690 petitione
1492 5619 1699 5692 monstravit,
