4088 6306
293 331 355 394 aaa
911 329 1086 394 nononn
1108 332 1153 394 111
1175 333 1323 397 ossan.
1877 345 1933 405 seo
2012 329 2013 408 ἶ

297 443 453 568 episcopo
474 489 726 566 Rotbomagen,
744 488 935 552 salutemet
953 491 1090 566 aposto·
1145 489 1272 564 dantes,
1296 495 1430 570 propter
1459 493 1522 556 boc
1548 493 1643 558 vobis
1671 496 1769 560 aliter
1792 499 1935 564 scribere

297 587 396 648 licam
410 586 686 648 Benedictionem.
1146 604 1213 650 non
1226 603 1395 666 cogamur.
1412 590 1531 652 Datum
1546 593 1659 656 Romae
1679 595 1766 672 apud
1782 598 1934 660 sanctum

337 686 443 756 Quum
453 683 613 744 instantia
629 682 743 744 nostra
760 681 955 760 quotidiana
976 682 1020 745 sit
1034 697 1091 744 ec·
1147 685 1280 747 Petrum
1294 687 1388 748 sexto
1402 701 1508 749 nonas
1523 689 1615 762 maii,
1631 691 1843 767 pontificatis
1860 709 1936 755 nos-
2013 718 2014 784 ᾗ

297 779 476 842 clesiarnm
489 779 635 841 omnium
649 778 837 842 sollicitudo
850 779 1018 852 continua,
1034 780 1091 842 in·
1145 781 1189 844 tri
1205 797 1293 844 anno
1311 784 1422 847 lertio.

297 877 401 940 teresi
425 875 539 939 nostra
567 877 604 940 ut
631 876 845 954 provideatur
872 877 913 938 de
941 877 1092 955 personis
1187 879 1352 956 Scriptum
1367 880 1419 944 est
1432 897 1531 958 super
1544 879 1645 944 boc...
1668 885 1782 946 Sancti
1801 884 1935 950 liuberti

297 973 427 1037 idoneis
448 973 599 1036 ecclesiis
617 973 772 1035 viduatis.
791 975 898 1046 Quum
919 963 1031 1050 itaque
1045 973 1093 1035 si·
1147 975 1229 1038 et...
1245 975 1357 1038 Sancti
1373 977 1547 1055 Sepulchri
1562 979 1736 1042 abbatibus
1750 981 1832 1042 et...
1853 997 1935 1043 can·

297 1072 352 1132 cut
366 1087 409 1132 ex
422 1072 517 1147 parte
535 1071 593 1133 tua
613 1069 676 1133 init
690 1071 894 1148 propositum
909 1087 1022 1132 coram
1037 1084 1094 1132 no·
1146 1072 1211 1134 tori
1223 1075 1448 1150 cameracen,
1463 1076 1501 1136 ut
1512 1075 1689 1153 praedictos
1703 1076 1896 1154 episcopum
1906 1080 1937 1140 et

296 1165 359 1239 bie,
372 1167 523 1244 quaedam
538 1167 752 1239 monasteria,
763 1167 797 1230 et
808 1166 958 1230 ecclesiae
969 1166 1044 1229 aliae
1058 1166 1092 1227 in
1147 1169 1329 1246 capitulum
1348 1171 1439 1234 adid
1455 1172 1614 1236 attentius
1630 1177 1799 1244 moneant,
1814 1175 1850 1238 et
1864 1173 1935 1236 eili-

296 1266 354 1326 tua
367 1263 503 1326 dioecesi
515 1265 668 1327 vacarint
680 1264 766 1326 ultra
781 1265 910 1342 tempus
928 1281 948 1326 a
966 1279 1093 1326 canone
1147 1267 1270 1329 caciler
1283 1267 1441 1330 inducere
1456 1285 1522 1331 non
1536 1271 1745 1348 postponant.

297 1359 486 1434 diffinitum,
498 1361 783 1434 fraternitatituae,
791 1361 832 1424 de
842 1377 906 1440 qua
918 1362 1049 1442 plenam
1058 1361 1092 1422 in

296 1458 436 1520 Domino
451 1457 607 1520 fiduciam
627 1457 825 1530 obtinemus,
833 1474 892 1536 per
903 1457 1093 1536 apostolica
1496 1420 1591 1508 CCX

299 1553 422 1632 scripta
438 1555 645 1627 mandamus,
655 1556 830 1633 quatenus,
847 1556 876 1616 si
891 1556 941 1617 est
955 1555 1013 1628 ita,
1025 1557 1093 1617 tam
1147 1553 1937 1630 naatmrnumsaesemneneemepempumet

299 1651 513 1723 monasteria,
531 1667 630 1728 quam
649 1650 735 1713 alias
751 1652 989 1714 ecclesiastaes
1004 1652 1092 1714 dioe·
1187 1651 1392 1712 &encastum
1405 1650 1898 1715 Proemonstraten.abbctcm.
2015 1709 2016 1726 ,

298 1749 385 1810 cesis
394 1747 468 1823 iege
477 1746 537 1810 tibi
552 1748 739 1810 dioecesana
748 1747 924 1824 subjectas,
932 1749 973 1810 de
984 1765 1094 1826 perso-
1437 1762 1455 1820 it
1474 1762 1541 1820 meti
1562 1763 1641 1821 iili.

299 1843 714 1907 nisidoneisnonobstante
723 1844 851 1907 frivolae
860 1845 1093 1924 appellationis
1281 1867 1374 1934 [³⁰5⁰.
1386 1867 1466 1920 mere
1480 1868 1561 1934 mnq.
1579 1883 1705 1928 nonum..
1723 1871 1743 1929 1.
1762 1871 1813 1935 lt]

299 1941 441 2018 objectu,
451 1941 585 2004 studeas
600 1942 768 2014 ordinare,
786 1941 819 2002 in
835 1941 884 2003 eis
896 1958 969 2020 quae
981 1943 1091 2004 corri-
1148 1965 1290 2024 pompus
1303 1967 1344 2024 111
1355 1967 1591 2026 guesstonemm
1606 1967 1772 2040 eppwopum
1789 1975 1818 2026 et
1838 1969 1939 2027 Gom

297 2035 1092 2115 gendaetreiormandaiuerintprontsecundum
1182 2053 1256 2110 sium
1277 2053 1407 2112 aeneam
1430 2057 1731 2113 praemonstratensem
1752 2054 1890 2128 deputat,
1911 2065 1939 2114 ut

298 2135 402 2196 Deum
410 2134 532 2196 videris
539 2135 981 2213 expediretlontradictores
993 2137 1023 2198 si
1036 2136 1092 2214 qui
1182 2142 1298 2215 pallium
1310 2143 1445 2202 ilemensi
1460 2141 1676 2216 archiepiscopo
1696 2144 1809 2202 tradent
1821 2151 1854 2202 et
1873 2145 1939 2204 iide-

297 2229 496 2300 iuerinl‚vel
505 2231 646 2293 rebelles
662 2247 720 2310 per
730 2247 905 2293 censuram
914 2231 1094 2294 ecclesias·
1181 2231 1269 2289 litatis
1283 2230 1319 2288 ab
1332 2245 1368 2289 eo
1380 2237 1592 2290 sacramentum
1603 2233 1755 2306 excipiant.

297 2327 398 2388 ticam
411 2328 633 2405 appellatione
644 2329 826 2406 postposita
841 2329 1088 2406 compescendo.
1186 2339 1353 2402 Honorius
1367 2339 1668 2417 episcopusservus
1683 2355 1858 2402 servorum
1867 2341 1938 2410 Dei,
2016 2299 2017 2306 ἵ

297 2424 417 2485 Datum
433 2425 547 2486 Romae
566 2423 653 2502 apud
667 2423 824 2486 Sanctum
842 2427 977 2488 Petrum
993 2426 1092 2489 tertio
1145 2435 1329 2499 venerabili
1360 2434 1457 2498 tratri
1489 2437 1670 2498 Haivnardo
1704 2437 1939 2500 suessionensi

297 2518 462 2582 kalendas
494 2521 586 2594 maii,
614 2521 824 2600 pontificatus
860 2522 965 2584 nostri
1004 2537 1091 2585 anno
1145 2533 1300 2614 episcopo
1324 2533 1359 2596 et
1383 2532 1503 2595 dilecto
1534 2533 1605 2596 nno
1635 2535 1796 2596 nemesio
1824 2533 1937 2595 annau

298 2616 409 2679 teriiO·
1146 2630 1469 2704 Praemonstratensi,
1495 2629 1636 2694 salutem
1662 2631 1695 2694 et
1721 2630 1940 2708 apostolicam

638 2743 755 2831 CCIX
1144 2727 1420 2790 benedictionem.

298 2875 350 2936 Ad
364 2876 571 2948 episcopum,
588 2875 621 2936 et
637 2878 824 2950 capitutum
836 2876 1087 2940 Atrebatenses.
1184 2825 1278 2887 Μ
1303 2823 1492 2901 Ap⁰⁸t⁰fi⁰a
1519 2823 1621 2886 sedes
1640 2825 1778 2902 pallium
1793 2825 1941 2902 plenitu'

464 3093 470 3104 Ι
596 2987 613 3045 ²
628 2988 696 3045 ¹¹¹³st
711 2987 790 3047 ¹²¹⁹·
1143 3019 1252 3080 linare
1264 3018 1369 3080 soleat
1384 3033 1530 3095 persuos
1545 3019 1679 3082 nuntios
1697 3018 1873 3096 speciales,
1884 3021 1939 3097 qui

322 3091 705 3158 [Repest,lrb.ill,ap1st.ldi.
721 3093 1065 3160 liss.LaPortednTbeil.]
1144 3115 1311 3178 tradentes
1325 3115 1407 3177 ΠΜ
1427 3115 1468 3178 ab
1484 3116 1548 3188 his,
1569 3116 1689 3194 quihus
1707 3116 1864 3190 eraditur,
1881 3133 1938 3179 re.

297 3196 454 3257 blandetut
468 3196 649 3271 prebendam
669 3199 797 3272 assignat
813 3199 957 3258 Goteirido
974 3200 1088 3258 elerico.
1144 3213 1269 3290 cippum
1288 3215 1525 3289 juramentum,
1542 3229 1603 3274 „03
1617 3213 1731 3276 tamn
1749 3213 1886 3290 plenam
1900 3214 1939 3275 de
2018 3273 2019 3304 ἦ

336 3314 514 3386 Honorius
540 3315 614 3387 ete„
635 3315 820 3377 venerabili
846 3315 981 3378 fratri...
998 3317 1090 3394 epis·
1144 3309 1208 3371 fide
1218 3325 1258 3371 ac
1269 3309 1443 3386 diligentia
1454 3310 1729 3372 vesuaflduciam
1737 3309 1938 3382 obtinentes,
2018 3309 2019 3338 ³

296 3426 390 3488 copo,
407 3413 440 3471 et
451 3410 580 3472 dilectis
596 3410 675 3472 liliis
687 3412 832 3489 capitulo
848 3411 1037 3475 atrebaten.
1145 3406 1282 3482 pallium
1297 3421 1316 3467 a
1329 3406 1424 3467 nobis
1434 3422 1495 3483 pro
1505 3406 1689 3468 venerabili
1705 3405 1808 3468 tratre
1822 3409 1939 3469 nostro

336 3507 477 3583 Dignum
492 3507 588 3569 estin
604 3507 652 3569 eis
664 3506 827 3569 beneficia
841 3508 1023 3583 cumulare,
1033 3509 1090 3587 qui
1144 3503 1311 3564 Willelmo
1328 3503 1483 3564 Remensi
1507 3503 1757 3579 archiepiscopo
1779 3519 1857 3564 cum
1881 3507 1940 3566 de-
2018 3499 2019 3504 ’

295 3603 456 3679 depretia
469 3603 656 3679 ingratiam
669 3604 1089 3683 assurgentesindeproii·
1143 3599 1212 3662 bita
1227 3600 1385 3662 instantia
1401 3600 1603 3677 postulatum
1625 3599 1718 3661 vobis
1737 3600 1778 3662 de
1796 3615 1939 3678 corpore

295 3715 371 3762 cere
384 3701 535 3762 nituntur
548 3699 590 3762 ad
605 3701 770 3772 meritum,
785 3699 872 3762 unde
883 3700 1030 3779 ipsorum
1042 3702 1089 3764 vi·
1143 3696 1230 3760 beati
1244 3697 1334 3760 Petri
1358 3699 1535 3774 sumptum,
1559 3713 1619 3776 per
1639 3696 1777 3758 dilectos
1793 3697 1885 3760 lilios
1900 3701 1937 3760 V.

294 3797 434 3859 debatur
446 3797 574 3858 meritis
589 3797 796 3858 retributum.
817 3798 974 3860 volentes
985 3799 1090 3876 igitur
1143 3796 1310 3856 cantorem
1319 3795 1474 3856 Remens.
1486 3795 1519 3855 et
1529 3795 1568 3854 V.
1581 3793 1825 3870 Lingonensem
1841 3811 1939 3856 cano-

294 3896 331 3956 ut
353 3894 493 3955 dilectus
523 3893 611 3954 iilius
635 3893 836 3963 Goteiridus,
866 3895 1008 3956 clericus
1036 3895 1090 3956 di·
1144 3890 1253 3951 nicum
1276 3889 1448 3962 mittimus,
1474 3889 1611 3952 utillud
1634 3889 1707 3952 vice
1730 3892 1847 3952 nostra
1863 3909 1937 3953 cum

293 3989 388 4052 lectae
411 3989 447 4050 in
475 3989 606 4050 Christo
625 3989 703 4050 tiliae
728 3989 849 4050 nobilis
871 3989 1022 4051 mulieris
1025 4035 1085 4052 .....
1143 4003 1289 4062 congrua
1305 3986 1513 4049 solemnitate
1527 3987 1677 4060 tradatis,
1700 4001 1741 4048 ac
1763 3987 1938 4064 recipiatis

294 4084 470 4156 comitissae
496 4083 672 4148 Flandren.
698 4085 913 4161 apostolicam
932 4087 1085 4162 gratiam,
1143 4084 1311 4145 fidelitatis
1336 4084 1559 4161 juramentum
1587 4085 1701 4146 nostro
1730 4083 1868 4146 nomine
1897 4085 1937 4146 ab

293 4197 392 4260 quam
418 4195 509 4258 purae
534 4180 718 4244 devotionis
744 4179 866 4242 affectu
893 4183 1085 4258 promeruit,
1141 4180 1273 4253 eodem;
1289 4179 1412 4242 formas
1424 4182 1534 4243 autem
1544 4181 1642 4258 juxta
1653 4195 1735 4257 quas
1748 4179 1879 4242 debetis
1892 4183 1939 4258 ip-

292 4293 329 4340 se
349 4277 473 4340 babere
488 4277 610 4339 sentiat
627 4292 686 4355 per
700 4275 865 4350 effectum,
880 4278 1086 4341 universita-
1141 4293 1214 4338 sum
1230 4277 1369 4353 pallium
1381 4276 1525 4348 tradere,
1541 4293 1581 4340 ac
1600 4277 1769 4340 fidelitatis
1784 4278 1937 4355 recipere

290 4377 357 4437 tem
372 4377 518 4437 vestram
532 4375 656 4436 attente
671 4374 854 4450 rogandam
873 4374 1040 4448 duximus
1054 4377 1087 4458 et
1137 4375 1373 4451 juramentum,
1388 4373 1483 4435 vobis
1499 4373 1559 4434 sub
1578 4374 1670 4435 bulla
1693 4375 1808 4436 nostra
1824 4375 1936 4436 desti-

291 4472 508 4543 monendam,
538 4487 597 4548 per
619 4471 809 4549 Apostoliea
837 4470 931 4533 vobis
963 4473 1086 4549 scripta
1140 4486 1260 4531 namus
1281 4469 1444 4548 inclusas,
1468 4469 1676 4548 devotionem
1694 4472 1849 4553 ¹vestram
1875 4487 1936 4532 ro-

291 4569 497 4642 mandantes,
512 4570 674 4646 quatenus
687 4568 838 4630 eumdem
853 4583 922 4630 snae
938 4567 1087 4646 probitd-
1139 4569 1256 4644 gentes
1282 4566 1450 4638 attendus,
1474 4583 1513 4632 ac
1537 4583 1596 4644 per
1620 4567 1810 4645 apostolica
1838 4567 1937 4630 vobis

291 4666 334 4730 tis
358 4663 491 4736 intuitu,
515 4664 549 4726 et
571 4681 706 4742 precum
727 4667 915 4728 nostrarum
937 4663 1083 4739 obtentu,
1140 4665 1263 4741 scripta
1280 4664 1486 4735 mandantes,
1508 4665 1670 4740 quatenus
1692 4664 1816 4726 formas
1843 4665 1936 4743 ipsas

290 4764 326 4824 in
339 4761 475 4824 tratrem
486 4761 633 4824 vestrum
648 4763 681 4824 et
696 4763 892 4824 canonicum
907 4761 1086 4825 admitten-
1138 4759 1353 4822 observantes
1366 4775 1426 4836 per
1441 4760 1563 4832 omnia,
1575 4760 1611 4821 in
1625 4759 1698 4837 ipso
1712 4761 1848 4837 negotio
1864 4777 1938 4838 pro-

289 4862 352 4932 tea,
368 4859 399 4920 ei
414 4856 625 4935 praebendam
640 4858 676 4918 in
685 4859 795 4919 vestra
807 4857 948 4919 ecclesia
961 4857 1085 4920 libera·
1139 4857 1275 4928 cedatis,
1292 4857 1340 4918 sic
1355 4856 1497 4919 fideliter
1519 4859 1552 4918 et
1572 4855 1762 4933 prudenter,
1779 4859 1870 4934 quod
1891 4859 1934 4919 ii-

289 4957 366 5019 liter
380 4953 560 5017 conteratis
576 4954 788 5031 quamcitius
803 4953 961 5016 obtulerit
981 4971 1017 5016 se
1032 4955 1085 5018 ia-
1138 4954 1212 5015 dem
1225 4953 1258 5015 et
1271 4952 1481 5029 prudentiam
1495 4954 1641 5018 vestram
1660 4953 1841 5016 debeamus
1863 4972 1937 5018 me-

289 5054 406 5117 cultas.
421 5055 542 5114 Preces
556 5051 588 5112 et
602 5049 795 5113 mandatum
811 5053 961 5112 nostrum
970 5051 1085 5114 taliter
1137 5051 1202 5112 rito
1220 5050 1450 5113 commendare
1467 5071 1475 5110 :
1497 5050 1582 5128 quod
1598 5049 1720 5127 siquid
1738 5050 1935 5114 humanitus

290 5149 468 5230 impleturi,
485 5147 571 5225 quod
592 5148 663 5224 ipse
688 5161 748 5224 per
771 5149 865 5225 cujus
884 5147 1083 5213 industriam
1137 5147 1270 5208 interim
1283 5147 1385 5209 alicui
1399 5147 1556 5219 vestrum,
1574 5147 1659 5225 quod
1675 5145 1774 5219 absit,
1797 5150 1932 5221 accidit,

288 5251 384 5325 grata
398 5247 491 5308 vobis
507 5247 540 5307 et
563 5245 628 5322 ipsi
651 5245 802 5306 ecclesiae
822 5245 977 5322 poterunt
998 5261 1083 5306 com·
1136 5245 1275 5321 reliqua,
1302 5261 1376 5323 quae
1402 5245 1575 5322 praemissa
1599 5247 1686 5316 sunt,
1712 5245 1934 5308 nibilominus

288 5343 385 5407 moda
396 5343 582 5420 provenire,
596 5357 636 5404 eo
651 5342 695 5404 sit
712 5341 747 5402 in
759 5342 871 5403 vestra
885 5344 918 5404 et
932 5341 1082 5418 ejusdem
1137 5344 1348 5419 exsequatur,
1368 5341 1526 5418 quidquid
1542 5343 1652 5404 autem
1671 5341 1750 5402 inde
1771 5341 1931 5414 feceritis,

288 5441 440 5504 ecciesiae
466 5440 641 5503 devotione
664 5439 857 5511 ferventior,
880 5455 944 5516 quo
968 5455 1027 5500 vos
1046 5439 1081 5501 in
1136 5437 1230 5500 nobis
1241 5454 1301 5516 per
1314 5437 1443 5500 litteras
1456 5439 1620 5501 veraciter
1629 5437 1801 5502 intimetis.
1811 5441 1933 5502 Datum

288 5537 349 5602 sua
359 5537 549 5615 receptione
561 5536 729 5600 invenerit
737 5537 968 5613 promptiores,
980 5537 1013 5598 et
1021 5552 1081 5598 nos
1136 5537 1248 5598 Romae
1260 5534 1347 5612 apud
1364 5537 1521 5598 Sanctum
1532 5537 1666 5597 Petrum
1678 5537 1708 5597 Il
1717 5551 1825 5599 nonas
1837 5539 1931 5608 maii,

287 5636 407 5700 vestrae
440 5633 626 5696 devotionis
660 5631 883 5697 obedientiam
913 5647 1082 5696 commen-
1135 5631 1462 5708 pontificatusnostri
1475 5647 1564 5694 anno
1579 5632 1689 5695 tertio.

1145 2921 1243 2993 dinis,
1256 2921 1385 2986 scilicet
1394 2920 1495 2985 oflicii
1504 2921 1705 2999 pontificalis
1714 2922 1850 2999 insigne
1864 2923 1940 2983 des-
2017 2949 2018 2952 ¹
