3988 6306
288 335 342 394 191
390 336 394 342 ’

286 492 408 555 tentiae
432 491 642 564 memoratas,
659 490 789 553 ratione
803 491 928 568 praevia
948 505 1083 567 prooes-

287 591 357 651 suri
378 589 584 666 postmodum
608 589 643 649 in
669 588 742 664 ipso
764 587 962 663 negotiosi
988 587 1081 658 illud,

286 687 509 764 appellatione
533 687 670 758 remota,
697 685 763 746 line
787 684 895 746 debito
916 684 1080 758 decisuri;

287 800 445 846 concesso
461 785 567 845 eidem
582 783 707 854 comiti,
724 783 760 844 ut
774 782 815 844 ad
842 782 905 845 hoc
926 781 1082 843 idoneum

285 882 535 959 procuratorem
546 880 724 956 relinquat,
740 881 772 942 et
784 881 832 940 sic
845 879 916 957 ipse
929 878 1083 956 proticis-

286 980 381 1040 catur
395 977 429 1038 in
445 979 578 1039 nomine
593 977 724 1038 Domini
746 979 861 1038 contra
888 977 1082 1039 orthodoxae

284 1076 361 1136 fidei
375 1074 602 1136 subversores.
623 1075 779 1151 Alioquin
803 1067 987 1136 antedictas
1004 1089 1084 1135 sen-

282 1173 414 1245 tentias,
430 1173 516 1234 sicut
527 1171 736 1234 rationaliter
751 1174 828 1234 suut
845 1172 994 1249 prolatae,
1007 1187 1083 1233 auo·-

283 1268 623 1346 toritatenpostonca
639 1267 769 1330 faciatis
790 1281 895 1344 usque
920 1267 961 1328 ad
981 1269 1083 1330 satis-

283 1367 461 1428 factionem
505 1365 703 1441 condignam
741 1364 984 1427 inviolabilitar
1023 1365 1083 1426 oh-

284 1464 425 1525 servari.
456 1462 547 1534 Quod
574 1463 602 1523 si
627 1477 693 1524 nou
720 1477 845 1534 omues,
869 1456 932 1524 eto.
963 1463 1081 1523 Datum

284 1560 452 1632 Laterani,
469 1562 512 1622 IV
522 1575 627 1621 nonas
640 1560 767 1636 aprilio,
786 1559 996 1637 pontificatus
1009 1575 1083 1621 nos·

284 1657 326 1718 tri
341 1673 428 1720 anno
438 1657 549 1720 tertio.

580 1781 788 1868 GLXXXH

424 1918 476 1976 Ad
500 1918 655 1978 homitias
670 1919 711 1977 dc
736 1917 941 1990 Codepardo.

566 2029 584 2086 2
603 2029 700 2101 aprilis
715 2029 795 2086 iiie.

391 2133 527 2200 [Liveranb
547 2133 708 2199 spicilegium
726 2135 793 2195 Lib,
808 2135 863 2186 m.
882 2149 908 2186 u.
921 2135 971 2201 lii]

281 2223 341 2292 iilis
357 2232 487 2306 prohibei
511 2247 547 2289 ne
561 2231 655 2289 denuo
670 2233 857 2290 molestentur
873 2233 1078 2292 monasterium

363 2322 458 2379 Sancti
472 2320 672 2379 Bartholomaei
686 2320 722 2378 de
732 2321 854 2380 lrlsulto
869 2323 898 2378 in
909 2322 999 2397 sylva.

323 2431 490 2492 Honorius
507 2412 812 2506 episcopusservus
830 2437 1001 2491 servorum
1020 2429 1077 2492 Dei

284 2519 414 2588 dilectis
427 2527 508 2587 illlis
520 2525 708 2586 hominibus
724 2526 764 2587 de
781 2527 976 2605 Collepardo
991 2527 1077 2587 iide-

285 2623 372 2684 lihus
388 2613 521 2694 nostris,
539 2619 726 2685 salutemet
741 2623 955 2700 apostolicam
971 2623 1077 2685 hene-

285 2719 473 2782 dictionem.

323 2817 457 2879 Nuntiis
480 2817 602 2880 vestris
624 2816 665 2879 ad
689 2819 838 2880 nostiam
866 2807 1077 2896 praesentiam

282 2914 527 2987 accedentibus,
557 2914 733 2991 benignam
758 2917 977 2994 praesentibus
1003 2917 1076 2979 ira-

900 331 1075 392 HONORII
1099 331 1143 390 ΙΙΙ
1165 332 1314 392 OPERA.

1877 334 1934 391 192

1138 487 1327 550 curabimus
1340 487 1526 566 diligenter,
1540 489 1639 566 etjus
1650 489 1794 551 vestrum
1808 491 1934 567 siquod

1137 583 1238 647 suerit
1265 599 1475 646 conservare.
1504 588 1571 646 Vos
1603 584 1706 660 igitur
1734 589 1936 663 praeceptum

1138 683 1286 743 nostrum
1302 682 1365 743 hac
1382 683 1455 744 vice
1468 682 1581 744 taliter
1596 683 1777 760 adimplere
1797 685 1934 754 curetis,

1138 780 1223 857 quod
1240 796 1371 857 poenam
1397 796 1464 842 non
1482 780 1663 842 incurratis
1683 781 1889 858 praedictam,
1905 780 1937 843 et

1137 877 1223 939 alias
1238 878 1359 940 mentis
1375 879 1497 940 nostrae
1513 878 1720 954 gravidinem
1736 880 1901 940 sentiatis.

1177 977 1295 1036 Datum
1315 976 1482 1044 Laterani,
1499 978 1542 1042 1V
1557 991 1662 1037 nonas
1677 977 1805 1054 aprilis,
1823 978 1937 1054 ponti-

1138 1073 1254 1134 tlcatus
1269 1073 1376 1136 nostri
1390 1089 1478 1134 anno
1494 1073 1603 1135 tertie.

1422 1232 1651 1320 GLXXXHI

1165 1361 1217 1418 Ad
1231 1357 1384 1419 abbatem
1400 1357 1434 1418 at
1447 1359 1902 1442 convertirrmcossinenses

1420 1469 1437 1526 l
1457 1469 1553 1542 aprilis
1569 1469 1648 1527 iiia.

1257 1576 1363 1641 [bullar.
1375 1577 1493 1631 Roman,
1505 1574 1545 1625 ad.
1558 1575 1643 1634 Taum,
1654 1580 1673 1624 t.
1689 1575 1732 1634 lli,
1743 1575 1811 1638 ete]

1137 1673 1286 1731 innovatio
1296 1672 1483 1747 quorumdam
1496 1673 1684 1746 capitulorum
1699 1688 1785 1746 super
1800 1672 1937 1731 reforma

1171 1762 1249 1820 tione
1266 1763 1445 1822 cassinensis
1459 1761 1581 1820 ooeuobii
1598 1761 1725 1835 quolibet
1744 1777 1845 1820 meuse
1860 1763 1933 1819 rori·

1171 1850 1333 1908 tandorum.

1175 1949 1343 2011 Honorius
1358 1949 1532 2027 episcopus
1544 1965 1661 2012 servus
1673 1965 1846 2012 servorum
1860 1952 1933 2022 Dei,

1135 2045 1266 2110 dilectis
1280 2048 1359 2108 tiliis
1372 2047 1483 2109 abbati
1497 2049 1531 2109 et
1546 2049 1724 2110 conventui
1745 2048 1933 2119 cassinen,

1135 2145 1286 2216 sulutem,
1304 2145 1337 2206 et
1351 2145 1566 2222 apostolicam
1582 2144 1857 2207 benedictionem.

1174 2243 1254 2302 Cum
1278 2242 1373 2304 bonae
1403 2243 1571 2303 memoriae
1595 2244 1808 2304 Innocentius
1827 2246 1933 2319 Papa,

1133 2329 1360 2418 praedecessor
1374 2343 1498 2409 noster,
1517 2340 1558 2400 ad
1574 2341 1846 2402 reformationem
1860 2356 1935 2400 mo-

1134 2437 1272 2498 nasterii
1284 2437 1386 2499 vestri
1402 2452 1527 2509 curam,
1545 2439 1577 2499 et
1598 2437 1860 2500 sollicitudinem
1874 2438 1935 2498 de-

1133 2535 1234 2596 bitam
1249 2533 1421 2605 adhibens,
1434 2525 1580 2612 capitula
1595 2525 1745 2613 quaedam
1761 2535 1931 2605 statuerit,

1133 2648 1192 2710 per
1215 2649 1289 2710 quae
1315 2621 1457 2694 fideliter
1481 2630 1666 2704 observata,
1691 2633 1933 2693 monasterium

1133 2729 1251 2806 ipsum,
1284 2731 1419 2790 auctore
1449 2729 1599 2799 Domino,
1632 2730 1665 2790 et
1690 2728 1935 2805 temporalibus

1132 2825 1323 2896 commodis,
1339 2826 1373 2886 et
1386 2824 1615 2902 spiritualibus
1638 2825 1791 2904 proficiet
1811 2826 1931 2886 incre-

1132 2919 1267 2998 mentis;
1298 2939 1358 2984 nos
1387 2921 1428 2983 ad
1449 2922 1631 2999 proiectum
1655 2923 1760 3000 ipsius
1782 2937 1848 2984 non
1864 2924 1934 2983 mi-

283 3013 389 3075 llibus
408 3013 530 3073 HOSlliS
552 3013 702 3074 dedimus
722 3014 939 3086 audientiam,
960 3015 994 3077 et
1011 3015 1077 3077 ins·
1132 3022 1207 3083 nori
1219 3013 1384 3082 desiderio
1397 3020 1595 3096 aspirantes
1610 3020 1725 3082 eadem
1747 3021 1852 3096 ipsius
1879 3021 1936 3081 in-

282 3111 460 3181 trumeuta,
483 3125 567 3187 quae,
593 3125 653 3186 pro
680 3111 861 3186 quaestione
888 3112 990 3189 sylvae
1017 3129 1076 3173 su·
1132 3117 1449 3193 haereudovestigiis
1460 3116 1656 3194 quibusdam
1666 3119 1777 3179 minen
1788 3118 1933 3196 adjectis

282 3222 342 3284 per
365 3222 429 3284 qua
454 3205 541 3266 inter
567 3223 626 3266 vos
650 3207 683 3267 et
701 3208 941 3270 monasterium
964 3210 1077 3272 Sancti
1131 3215 1286 3276 duximus
1312 3214 1526 3276 innovanda
1545 3217 1582 3275 ln
1605 3215 1722 3291 primis
1748 3213 1861 3292 igitur,
1898 3213 1949 3276 ut¹

282 3303 518 3366 Bartholomaei
547 3302 588 3364 de
620 3303 765 3365 Trisulio
800 3307 851 3366 esi
890 3307 963 3367 orta
996 3323 1077 3366 con*
1131 3301 1402 3390 membracapite
1425 3328 1506 3373 sano
1526 3312 1658 3373 facilius
1681 3314 1931 3386 convalescant,

281 3400 397 3472 tentio,
425 3416 484 3476 pro
520 3401 613 3476 parte
641 3401 751 3461 vestra
783 3400 942 3462 exhibere
973 3409 1075 3464 curae
1132 3410 1356 3486 etadpraelati
1377 3410 1564 3487 exemplum
1584 3401 1706 3472 subditi
1722 3425 1932 3488 componan-

283 3498 371 3568 runb
387 3497 612 3558 intelleximus
635 3496 824 3573 diligenter.
847 3499 910 3560 Sed
935 3500 1076 3575 perins·
1130 3510 1195 3578 tur,
1212 3508 1388 3569 statuimus
1405 3509 1567 3586 quatenus
1591 3507 1801 3568 cassinensis
1825 3508 1933 3569 abhas

280 3595 448 3655 trumenia
467 3593 583 3654 eadem
602 3609 669 3654 non
688 3597 826 3678 apparet
845 3611 905 3656 vos
925 3595 960 3656 in
981 3598 1075 3674 sylva
1131 3607 1244 3666 utatur
1267 3604 1494 3666 calciamentis
1516 3605 1548 3665 ei
1567 3604 1726 3676 vestibus,
1744 3605 1930 3666 secuudum

282 3688 406 3752 habere
434 3690 579 3766 aliquam
606 3691 785 3762 rationem,
814 3691 899 3768 quod
928 3709 990 3754 nec
1018 3711 1077 3756 co-
1130 3701 1219 3763 beati
1241 3701 1411 3763 Benedicti
1439 3703 1600 3777 regulam.
1623 3701 1749 3762 Pennis
1774 3702 1934 3766 videlieet

282 3804 355 3850 ram
370 3787 478 3848 felicis
498 3787 666 3850 memoriae
684 3789 876 3850 Innocentio
889 3806 972 3884 papa
993 3807 1076 3868 praa·
1130 3799 1250 3876 quibus
1263 3799 1358 3860 bonae
1370 3800 1537 3861 memoriae
1554 3799 1799 3876 Raynaldus,et
1808 3802 1931 3862 Petrus

279 3879 454 3948 decessore
470 3887 584 3948 nostro
598 3877 810 3963 aliquatenus
826 3883 997 3950 attendere
1013 3906 1075 3966 po·
1130 3897 1170 3957 de
1180 3895 1426 3973 Insulaaliique
1437 3897 1541 3973 ipsius
1551 3897 1615 3958 ioci
1627 3897 1778 3973 religiosi
1790 3897 1931 3959 abbates

277 3983 411 4074 inistis,
427 3984 514 4044 sicut
537 3993 581 4044 ex
603 3984 724 4044 litteris
751 3987 823 4062 ejus
850 4001 961 4047 coram
980 3987 1074 4048 nohis
1130 3995 1181 4055 usi
1197 4009 1269 4055 esse
1283 3995 1475 4066 noscuntur,
1494 3997 1527 4056 et
1547 3993 1736 4056 abstineant
1748 4010 1888 4072 prorsus
1910 4014 1931 4056 a

277 4080 435 4142 exhibitis
464 4079 699 4156 perpendimus
728 4081 910 4164 evidenter,
941 4087 1076 4160 propter
1130 4089 1285 4153 carnibus
1300 4091 1366 4152 nisi
1386 4108 1486 4168 quum
1500 4092 1658 4164 minutus,
1675 4092 1726 4152 vel
1743 4092 1932 4154 medicina-

173 4181 175 4190 ’
278 4175 364 4256 quod
381 4176 443 4238 sub
466 4176 578 4237 banno
601 4178 731 4237 centum
748 4177 909 4239 librarum
925 4180 1074 4243 districte
1128 4191 1193 4256 tus,
1217 4190 1274 4250 aut
1289 4189 1450 4260 infirmus,
1477 4205 1536 4250 seu
1557 4189 1653 4250 valde
1669 4189 1787 4250 debilis
1809 4190 1928 4265 fuerit;

277 4275 371 4336 vobis
387 4267 539 4366 inhibuit
553 4289 613 4351 per
627 4273 771 4346 easdem,
785 4274 912 4352 nequis
927 4277 1073 4340 vestrum
1130 4289 1161 4348 ei
1177 4285 1211 4346 in
1227 4286 1372 4362 capitulo
1383 4286 1514 4364 quando
1528 4287 1681 4363 superior
1702 4287 1735 4347 iu
1757 4291 1930 4351 monaste-

277 4373 317 4434 de
332 4373 426 4450 sylva
439 4371 577 4449 praelata
591 4365 769 4449 quidquam
784 4389 904 4449 capere
919 4389 976 4436 seu
993 4392 1089 4446 cone„
1128 4383 1178 4444 rio
1194 4398 1319 4444 moram
1336 4383 1461 4455 iecerit,
1479 4384 1543 4445 nisi
1564 4383 1699 4445 evidens
1719 4399 1821 4446 causa
1837 4403 1929 4463 prae-

276 4471 419 4531 treotare
431 4472 646 4548 praesumeret
658 4470 761 4531 donec
774 4473 841 4548 jus,
860 4471 888 4532 si
909 4473 995 4549 quod
1011 4473 1074 4535 ha·
1128 4480 1249 4557 pediat,
1268 4481 1409 4557 singulis
1425 4479 1540 4542 diebus
1560 4479 1703 4554 intersit,
1729 4498 1769 4543 ac
1794 4493 1930 4560 semper

276 4564 398 4628 heretis
422 4567 457 4626 in
484 4567 601 4643 ipsam,
628 4567 688 4627 sub
710 4569 899 4644 Apostolioo
918 4573 1072 4633 examine
1127 4577 1285 4639 cumillis
1308 4577 1494 4655 hospitibus
1516 4577 1666 4640 comedat
1683 4595 1764 4656 quos
1783 4585 1948 4656 oportet*

276 4663 455 4724 curassetis
495 4662 625 4740 plenius
665 4666 824 4741 experiri.
867 4665 935 4728 Nos
970 4669 1073 4744 igitur
1127 4676 1251 4736 eitunc
1276 4675 1492 4736 nihilominus
1516 4675 1597 4751 ipse,
1618 4690 1657 4736 ac
1684 4678 1840 4738 monachi
1861 4695 1926 4740 eo-

276 4761 441 4821 sustinore
462 4761 613 4826 nolentes
629 4758 867 4825 monasterium
894 4766 1000 4842 ipsum
1015 4783 1073 4828 su·
1126 4772 1295 4833 medentes
1310 4789 1384 4833 cum
1404 4787 1443 4834 eo
1468 4772 1623 4834 carnibus
1650 4775 1844 4849 vescantur;
1861 4792 1927 4838 neo

200 4891 203 4896 ·
275 4873 335 4937 per
368 4857 460 4934 sylva
489 4858 645 4950 praedicta
669 4859 809 4920 ulterius
835 4862 980 4925 indebite
1007 4882 1072 4925 mo·
1126 4869 1183 4941 ihi,
1211 4870 1325 4930 autin
1352 4869 1428 4930 aliis
1455 4870 1538 4932 locis
1566 4869 1621 4932 uhi
1646 4869 1747 4933 abbas
1774 4873 1927 4936 relicitur

275 4956 403 5026 lestari,
417 4954 478 5015 sub
493 4970 589 5032 poena
609 4953 711 5018 banni
731 4957 879 5032 predicti
895 4959 988 5022 v‘obis
1001 4957 1072 5024 dis·
1126 4967 1343 5028 admittantur
1378 4967 1544 5028 ullatenus
1576 4968 1774 5042 histriones,
1804 4971 1861 5048 qui
1894 4965 1925 5032 si

274 5054 373 5116 triete
406 5052 630 5130 precipimus,
656 5066 697 5113 ne
724 5053 798 5130 quis
822 5059 968 5119 vestrum
1000 5061 1070 5122 sive
1126 5063 1306 5139 quandose
1321 5063 1926 5144 lorsaningesserintimportune,de·

275 5151 444 5214 masculus
482 5148 553 5210 sive
592 5147 717 5209 femina
757 5165 816 5227 per
853 5169 888 5214 se
924 5155 976 5216 vei
1011 5174 1070 5235 per
1124 5163 1180 5222 tur
1197 5161 1246 5222 eis
1261 5160 1355 5222 cibus
1370 5162 1465 5222 extra
1482 5179 1631 5225 mensam
1647 5163 1776 5226 abbatis
1792 5165 1923 5228 solnm·

274 5251 377 5312 ulium
403 5249 440 5310 in
465 5249 559 5326 sylva
594 5247 667 5323 ipsa
702 5247 871 5321 incidere,
906 5253 959 5314 vel
990 5258 1069 5316 ani·
1125 5258 1925 5338 modopropterDeum,quocontentiagesticua

274 5348 375 5409 maiia
389 5362 525 5425 pascere
544 5361 602 5406 seu
619 5343 798 5421 quidquam
814 5344 854 5407 de
873 5347 931 5410 illa
950 5367 1069 5430 capere
1125 5357 1297 5427 lationum,
1315 5372 1373 5417 seu
1399 5355 1575 5418 verborum
1596 5349 1730 5435 ineptiis
1753 5359 1923 5424 abstinere

273 5447 331 5507 aut
359 5443 603 5522 quomodolibet
636 5442 843 5506 contrectare
880 5452 1066 5522 praesumat.
1123 5453 1256 5531 penitus
1272 5453 1527 5531 compellantem
1554 5471 1614 5517 nec
1636 5454 1844 5530 uhhasaves‚
1862 5463 1923 5523 aut

273 5541 364 5616 Quod
380 5541 409 5602 si
428 5556 528 5618 super
542 5541 604 5602 hoo
624 5540 754 5602 habetis
776 5541 843 5603 alia
859 5542 1079 5619 documenta,
1123 5567 1222 5613 canes
1244 5552 1413 5614 venaticos
1438 5551 1569 5620 habeat,
1595 5569 1657 5614 nec
1681 5555 1821 5628 azolum,
1847 5559 1920 5620 sire

274 5658 333 5702 nos
344 5656 393 5712 ea,
407 5655 479 5700 cum
497 5638 669 5699 ostendere
683 5638 867 5712 volueritis,
880 5641 1067 5720 intelligere
1122 5647 1283 5710 aurumin
1296 5649 1387 5725 sellis
1402 5648 1524 5711 hahere
1538 5657 1728 5726 praesumat,
1743 5655 1801 5714 aut
1816 5652 1919 5715 frenis
