4088 6306
265 339 322 396 livi
813 363 816 377 ·
886 340 1061 401 HONORII
1087 342 1129 402 ΙΙΙ
1152 343 1300 404 OPERA.
1859 349 1916 408 {Ol

263 498 309 559 ita
322 499 356 560 et
369 514 457 561 nunc
472 497 705 564 discretionem
721 499 865 562 vestram
887 515 1060 562 monemus
1115 501 1294 576 exigebant
1314 517 1425 564 coram
1447 504 1567 568 dilecto
1583 505 1652 568 tilio
1667 507 1782 570 nostro
1804 512 1841 570 G.
1863 511 1915 572 tit

264 599 296 656 et
325 597 498 658 hortamur
520 598 656 670 abente,
677 613 736 674 per
758 598 947 674 apostolica
966 597 1060 660 vobis
1117 601 1149 658 S.
1178 601 1364 662 anastasiae
1394 602 1502 678 presb.
1526 604 1629 676 card,
1658 621 1756 682 quem
1783 608 1916 686 utrique

263 695 387 772 scripta
421 695 560 756 tirmiter
589 695 812 772 praecipiendo
844 695 1058 769 mandantes,
1115 697 1202 773 parti
1224 698 1448 760 concessimus
1463 701 1660 774 auditorem,
1676 705 1816 779 quaestio
1839 721 1918 768 ver-

264 795 426 868 quatenus
446 808 519 853 cum
536 793 625 853 omni
652 793 906 855 mansuetudine
929 795 962 856 et
983 793 1062 855 dili·
1114 795 1250 866 teretur,
1267 797 1399 856 taudem
1421 799 1587 860 mediante
1601 800 1634 860 et
1646 800 1828 863 arbitrante
1847 819 1917 864 car·

261 891 374 965 gentle
389 906 524 952 censum
539 890 695 951 Ecclesiae
711 894 870 953 Romanae
882 907 922 952 ac
935 892 1060 952 vicesi-
1116 890 1219 952 dinali
1235 894 1348 954 eodem
1362 895 1547 958 amicabilis
1556 898 1644 959 inter
1655 913 1712 960 eos
1721 901 1917 976 compositio

261 1005 359 1059 mem,
376 1005 438 1050 nec
460 1004 526 1049 non
544 1003 583 1048 ea
604 1005 677 1065 quae
697 1003 717 1049 a
740 989 978 1065 crucesignatis
1001 1005 1060 1066 pro
1114 988 1305 1059 intervenit,
1329 1007 1427 1068 quam
1449 993 1490 1054 ab
1510 997 1649 1072 utraque
1677 999 1771 1073 parte
1799 1002 1917 1075 sponte

261 1086 487 1162 redemptione
507 1087 658 1148 votorum
677 1102 812 1148 suorum
828 1103 887 1163 per
901 1087 1062 1148 ecclesia·
1114 1091 1282 1165 receptam
1297 1090 1331 1151 et
1341 1089 1471 1166 adjecta
1483 1107 1580 1168 poena
1594 1093 1813 1170 quadraginta
1824 1112 1918 1157 mar·

261 1200 334 1244 rum
359 1183 514 1260 praelatos
543 1184 619 1246 sunt
645 1187 788 1260 recepta,
810 1184 968 1260 colligere
989 1185 1061 1246 stu·
1115 1199 1228 1244 carum
1245 1187 1277 1247 et
1285 1189 1484 1264 juramentis
1501 1189 1579 1252 binc
1602 1190 1680 1252 iude
1695 1194 1918 1268 corporaliter

261 1282 377 1350 dentis,
408 1281 481 1342 eta
511 1281 561 1342 sin
587 1281 651 1342 ulis
675 1281 949 1358 archiepiscopis,
971 1281 1062 1358 epis·
1115 1284 1271 1358 praestitis
1295 1285 1596 1357 roboratam,sicut
1613 1287 1647 1349 in
1668 1290 1818 1366 ejusdem
1840 1306 1918 1354 car·

261 1380 352 1455 copis
374 1381 407 1442 et
434 1297 609 1440 abbatiffirs
639 1379 831 1440 locoruma
869 1379 987 1456 quibus
1020 1393 1060 1440 ea
1115 1379 1236 1442 dinalis
1251 1381 1371 1444 litteris
1394 1383 1524 1459 plenius
1536 1386 1735 1460 continetur,
1757 1387 1916 1450 duximus

260 1477 473 1553 collegeritis,
508 1477 637 1538 litteras
668 1475 910 1540 testimoniales
936 1476 1060 1538 habere
1115 1477 1545 1552 confirmandamtenorem
1557 1483 1742 1546 litterarum
1756 1486 1916 1548 cardina-

261 1575 395 1648 curetis,
417 1574 496 1652 quid
511 1575 544 1636 et
564 1575 722 1652 quantum
743 1574 938 1651 receperitis
953 1574 1061 1636 conti·
1115 1573 1158 1634 lis
1169 1576 1319 1652 praedicti
1332 1578 1373 1640 de
1387 1579 1489 1641 verbo
1501 1581 1543 1642 ad
1554 1581 1692 1642 verbum
1705 1582 1825 1644 litteris
1836 1600 1919 1646 con-

261 1674 389 1745 uentes,
406 1674 439 1734 et
451 1675 548 1750 juxta
562 1673 737 1734 consilium
759 1673 972 1750 praelatorum
989 1672 1060 1732 col·
1114 1672 1312 1735 firmationis
1327 1677 1450 1738 nostrae
1463 1677 1568 1740 inseri
1581 1677 1915 1745 facientesvolentes

261 1772 380 1832 lectam
400 1771 575 1848 pecuniam
594 1771 627 1830 in
651 1785 717 1831 uno
732 1770 784 1832 vel
806 1770 957 1848 pluribus
977 1770 1059 1832 locis
1115 1768 1217 1844 igitur
1238 1772 1510 1848 compositionem
1523 1775 1591 1836 tam
1610 1775 1804 1838 solemniter
1820 1778 1914 1840 cele-

260 1870 400 1939 securis,
411 1884 484 1929 cum
500 1885 539 1930 ea
552 1867 682 1929 cautela
698 1884 771 1944 quae
782 1868 946 1939 convenit,
957 1868 1060 1945 depo-
1113 1865 1242 1928 bratam
1254 1870 1435 1946 apartibus
1448 1870 1632 1945 observari,
1646 1889 1698 1945 ne,
1712 1874 1797 1951 quod
1813 1874 1912 1948 absit,

261 1968 359 2039 natis,
379 1965 666 2029 transmittendam
688 1967 724 2026 in
749 1966 932 2027 subsidium
948 1969 1059 2028 Terrae
1115 1964 1913 2042 exindeincurrerentdetrimentum,discretioni

261 2068 403 2137 Sanctae,
430 2064 602 2141 praemissa
635 2064 747 2124 omnia
775 2065 823 2126 ita
852 2064 991 2126 honeste
1019 2079 1059 2126 ac
1113 2061 1178 2122 tuae
1207 2078 1267 2139 per
1287 2065 1476 2141 apostolica
1500 2067 1623 2144 scripta
1645 2067 1679 2128 in
1695 2069 1818 2131 virtute
1834 2069 1916 2131 obe-

260 2163 396 2240 provide
410 2161 590 2240 impleturi,
605 2161 794 2237 quoduulla
808 2162 923 2223 contra
936 2161 1058 2252 nosvel
1113 2158 1247 2220 dientiae
1276 2160 1425 2223 districte
1450 2163 1676 2240 praecipiendo
1704 2165 1912 2237 mandamus,

259 2279 319 2324 vos
347 2263 458 2324 valeat
491 2261 672 2322 murmuris
709 2261 841 2322 occasio
874 2258 1056 2330 subveniri,
1113 2259 1276 2332 quatenus
1303 2260 1576 2336 compositionem
1600 2262 1803 2338 praedictam,
1826 2264 1915 2325 sicut

185 2387 192 2394 ·
261 2361 341 2438 quin
367 2361 475 2437 potius
504 2360 625 2421 exinde
648 2360 759 2421 vestra
789 2357 962 2432 diligentia
988 2371 1059 2418 me-
1113 2354 1163 2415 est
1176 2356 1373 2419 auctoritate
1388 2357 1577 2434 apostolica
1593 2359 1913 2432 confirmata,facias

261 2459 325 2519 rito
354 2457 472 2518 debeat
492 2457 727 2518 commendari.
751 2457 868 2518 Datum
888 2455 1056 2526 Laterani,
1113 2451 1242 2514 sublato
1257 2453 1434 2530 cujuslibet
1452 2456 1726 2518 contradictionis
1741 2457 1914 2522 obstaculo

261 2557 335 2618 XIV
355 2555 516 2618 kalendas
538 2529 709 2628 februarii,
726 2553 938 2632 pontificatus
951 2553 1058 2614 nostri
1113 2549 1352 2614 inviolabiliter
1363 2552 1550 2628 observari3
1563 2555 1824 2618 contradictores
1839 2557 1913 2618 sive

261 2669 348 2715 anno
363 2655 473 2718 tertio,
1112 2647 1286 2726 praefatum
1317 2651 1603 2728 archiepiscopum
1634 2652 1705 2712 sive
1733 2654 1820 2714 alios
1853 2670 1914 2732 per

300 2776 343 2834 In
363 2773 521 2832 eumdem
544 2773 684 2832 modum
707 2768 865 2846 scriptum
889 2769 938 2830 est
963 2766 1058 2828 tratri
1113 2761 1288 2808 ⁰⁰¹¹S¹1¹¹³ffl
1303 2748 1560 2810 effllflsiasfifflm
1582 2751 1806 2826 appellatione
1819 2755 1915 2828 POSt·

261 2870 428 2947 stephano
443 2868 475 2929 et
487 2867 588 2930 sociis
610 2870 682 2944 ejus
699 2867 734 2926 in
759 2865 934 2927 parandam
956 2864 1059 2926 desti.
1113 2843 1219 2920 posita
1230 2847 1479 2922 compescendo,
1495 2848 1596 2908 nullis
1611 2847 1730 2910 litteris
1745 2849 1911 2912 obstanti-

259 2968 357 3030 nafis,
1112 2940 1174 3002 bus
1203 2941 1322 3004 barum
1349 2945 1464 3006 tenore
1492 2946 1594 3006 tacito
1627 2945 1827 3023 impetratis,
1854 2963 1914 3009 seu

1112 3040 1212 3102 etiam
1237 3041 1454 3118 impetrandis
1481 3057 1542 3104 nec
1576 3041 1727 3104 obstante
1751 3046 1916 3108 constitu-

1112 3136 1203 3198 tione
1229 3139 1368 3200 Goncilii
1398 3141 1577 3216 generalis,
1604 3155 1669 3217 qua
1694 3144 1843 3213 cavetur,
1871 3157 1915 3204 ne

1113 3235 1187 3310 quis
1202 3235 1288 3296 ultra
1299 3236 1382 3297 duas
1392 3237 1508 3298 diaetas
1524 3238 1620 3299 extra
1634 3253 1728 3299 suam
1744 3238 1912 3302 dioecesim

1113 3330 1335 3409 adjudicium
1358 3334 1447 3395 trabi
1467 3335 1581 3411 possit.
1601 3337 1719 3398 Datum
1741 3337 1911 3407 Laterani,

616 3434 701 3522 CVI
1112 3431 1158 3490 Xl
1182 3429 1342 3492 kalendas
1370 3431 1544 3504 februarii,
1570 3433 1782 3510 pontificatus
1804 3436 1913 3496 nostri

418 3573 470 3634 Ad
497 3573 664 3632 decanica
685 3571 897 3630 l’rcccnscm.
1113 3541 1201 3588 ΜΟ
1214 3529 1323 3590 terim·

565 3681 769 3755 capannas.
1458 3636 1563 3722 till

292 3793 391 3857 [ennon
402 3789 506 3853 ouauen
519 3803 563 3840 nu
573 3787 722 3840 assoldatis
730 3787 774 3836 uer
786 3785 940 3844 sensuam,
952 3801 978 3852 p.
986 3785 1026 3845 rs,
1181 3769 1233 3828 Ad
1256 3771 1458 3830 Tolosanum
1478 3784 1519 3830 cc
1540 3773 1850 3832 carcassonensem

614 3882 641 3920 1¹·
653 3867 706 3932 63·]
1418 3868 1602 3940 episcopos.

296 3965 329 4020 Ei
344 3959 462 4019 mandat
473 3965 504 4017 ut
517 3957 753 4031 compositionem
765 3955 851 4013 lacint
866 3953 1021 4014 observari.
1410 3989 1444 4046 ῃ
1455 3986 1516 4060 jan·
1535 3988 1613 4045 ΗΝ·

300 4069 466 4132 Honorius
502 4067 696 4145 episcopus,
736 4080 852 4126 servus
885 4080 1058 4126 servorum
1154 4091 1869 4158 [bouquetum.usstristor..r.rr1x‚p.srs.usgsst,‚

261 4167 332 4239 Dei,
347 4166 467 4227 dilecto
480 4163 549 4225 illio
558 4163 684 4224 decano
697 4161 865 4230 Trecensi,
878 4161 1059 4223 salutemet
1383 4173 1428 4224 ub.
1442 4173 1485 4230 111,
1497 4188 1538 4236 ep.
1556 4173 1624 4237 aton

260 4263 477 4345 apostolicam
492 4259 768 4323 benedictionem·
1113 4271 1168 4329 Dat
1178 4271 1220 4328 eis
1235 4278 1403 4344 potestatem
1423 4271 1588 4329 absolvendi
1606 4286 1708 4329 omnes
1723 4280 1838 4345 propter
1849 4275 1911 4332 vio·

300 4365 380 4424 Cum
404 4361 491 4423 inter
514 4359 653 4420 dilectos
677 4357 763 4417 lilios
785 4354 997 4416 Guillelmum
1018 4355 1058 4417 de
1147 4360 1254 4417 lentam
1269 4375 1407 4417 manuum
1417 4361 1600 4432 injectionem
1616 4369 1643 4418 et
1656 4359 1787 4418 incendia
1801 4377 1913 4420 excom·

261 4462 381 4522 Sancto
403 4457 557 4528 Antonio,
581 4455 820 4516 Beneincasam
842 4455 980 4515 matrem
999 4455 1058 4516 Jo-
1147 4447 1317 4518 munissfliffl,
1349 4447 1504 4505 dssfflm0d0
1528 4464 1607 4506 arma
1641 4449 1787 4522 suscipere
1813 4458 1912 4507 contra

259 4557 382 4619 hannis
406 4554 521 4616 zachae
546 4555 579 4615 et
602 4552 780 4614 Martinam
801 4566 936 4612 uxorem
951 4567 1059 4628 quon·
1145 4537 1303 4594 T0¹⁰⁸³¹¹⁰S
1318 4536 1448 4596 infideles
1458 4537 1608 4596 voluerint.

260 4657 336 4717 dam
363 4651 510 4715 Scarlaci
538 4651 627 4711 cives
656 4648 795 4712 Romani
822 4665 865 4710 ex
879 4665 945 4709 una
965 4649 1057 4725 parte
1152 4646 1319 4708 Honorius
1334 4645 1560 4722 episcopus...,
1575 4645 1823 4734 venerabilibus
1837 4645 1912 4708 ira-

259 4757 293 4816 et
316 4753 410 4814 bonae
434 4749 603 4810 memoriae
632 4747 817 4808 Gerardum
843 4745 1057 4824 praepositum
1111 4742 1225 4806 bribus
1258 4745 1423 4804 Tolosauo
1446 4741 1523 4822 (a),
1555 4744 1813 4806 carcassonensi
1837 4742 1910 4824 (b),

261 4851 391 4913 Sanctae
407 4847 521 4908 Mariae
537 4845 577 4905 ad
593 4844 715 4919 gradus
729 4843 764 4904 in
779 4845 917 4905 Colonia
939 4843 972 4905 et
986 4857 1058 4904 ma·
1111 4839 1321 4917 Bigorritauo
1349 4837 1406 4920 (c),
1425 4843 1458 4903 et
1475 4843 1703 4902 Convenarum
1718 4838 1767 4922 (d)
1783 4841 1914 4918 episco-

259 4950 400 5026 gistrum
421 4944 606 5008 iohannem
627 4941 837 5002 scolasticum
859 4943 1057 5018 carpensem
1111 4939 1174 5015 pis,
1191 4938 1342 5009 salutem,
1358 4940 1420 4999 etc.

261 5045 399 5109 nuncios
415 5044 447 5104 et
469 5041 701 5119 procuratores
727 5037 928 5099 venerabilis
944 5037 1057 5099 fratris
1153 5037 1233 5096 Cum
1245 5035 1287 5096 ed
1303 5035 1553 5096 subventionem
1568 5033 1715 5096 fidelium
1731 5035 1913 5113 quicontra

259 5144 365 5209 nostri
381 5137 588 5204 coloniensis
604 5135 849 5213 archiepiscopi
872 5149 972 5212 super
995 5135 1056 5196 de·
1112 5148 1324 5209 perversores
1348 5133 1425 5193 lidei
1451 5133 1643 5194 christiana
1678 5133 1851 5195 decertant
1876 5135 1912 5194 in

260 5245 327 5306 bito
350 5238 511 5303 decentet
532 5236 657 5312 septem
681 5249 868 5294 marcarum
895 5233 1057 5294 bonorum
1113 5229 1261 5308 partibus
1276 5230 1462 5302 Tolosanis,
1479 5229 1594 5292 fideles
1607 5229 1743 5292 aliosde
1756 5231 1912 5292 mandato

299 3088 342 3146 ln
367 3085 523 3144 cumdem
548 3084 688 3142 modam
707 3080 866 3158 scriptum
886 3081 936 3142 est
963 3077 1059 3140 fratri

258 3180 404 3244 iohanni
415 3179 640 3256 Hospitalario
652 3179 685 3240 et
696 3177 790 3239 tratri
802 3178 945 3238 Martino
961 3179 1059 3239 Tem-

260 3278 378 3358 plario,
392 3276 426 3338 in
440 3275 672 3338 alemanniam
692 3274 878 3336 destinatis.

261 5355 422 5403 novorum
435 5340 468 5399 et
488 5334 645 5410 legalium
664 5331 909 5406 sterlingorum,
929 5345 1057 5392 necnon
1113 5331 1226 5390 nostro
1255 5327 1399 5390 sollicite
1420 5328 1587 5400 animetis,
1617 5328 1653 5389 ut
1676 5327 1772 5388 labor
1800 5330 1914 5390 noster

259 5436 400 5508 damnis,
416 5433 532 5512 poenis,
550 5429 735 5506 sumptibus
755 5429 788 5490 et
802 5426 968 5504 expensis,
985 5443 1058 5504 quaa
1112 5425 1254 5488 fructum
1277 5426 1381 5503 possit
1400 5425 1591 5488 ulteriorem
1612 5423 1746 5498 afferre,
1764 5440 1915 5503 praesen-

259 5536 360 5598 iidem
387 5529 566 5594 Romania
595 5525 762 5606 praedictis
788 5523 1058 5603 procuratoribus
1112 5524 1194 5586 tium
1220 5509 1314 5584 iobis
1339 5523 1535 5585 auctoritate
1564 5522 1789 5595 concedimus,
1816 5525 1851 5584 ut
1877 5523 1913 5582 in

294 5695 337 5766 (a)
359 5690 509 5750 l‘irlcouis«
524 5689 563 5762 (b)
584 5685 715 5742 (luidoni.
756 5684 791 5757 (r)
812 5683 936 5742 arnaldo
957 5682 993 5739 de
1014 5684 1107 5741 Binan.
1147 5681 1190 5755 (d)
1210 5681 1383 5748 tlrluipeldo.
