3952 6294
214 309 276 374 443
329 357 336 378 .

216 471 304 531 uum
326 465 492 530 Minorum
518 462 681 528 direxisse
708 459 803 524 vobis
830 458 1008 521 recolimus

216 565 340 643 scripta
347 563 473 634 nostra,
481 563 517 622 ut
523 577 581 622 eos
592 559 758 622 haberetis
767 557 871 622 divini
884 558 1008 618 amoris

217 654 1009 726 intuituoommendatos.sedsicutintelleximus,

216 760 350 840 quidam
365 759 524 830 vestrum,
534 757 630 834 quasi
648 754 793 816 habeant
806 755 846 816 de
861 755 1008 830 ipsorum

215 856 334 918 ordine
364 853 602 918 conscientiam
637 850 877 927 scrupulosam,
908 863 1009 926 quum

215 951 300 1016 nihil
319 951 355 1015 in
378 950 427 1010 eis
442 947 642 1024 suspicionis
658 946 793 1022 dignum
806 943 1007 1010 invenerint,

217 1049 303 1112 scut
314 1047 355 1110 ab
371 1047 447 1112 aliis
456 1045 695 1116 intelleximus,
709 1043 828 1120 quibus
850 1040 1010 1122 adbibere

216 1155 393 1226 possumus
417 1145 549 1222 plenam
573 1142 682 1215 tidem,
700 1142 790 1218 ipsos
805 1140 840 1200 in
853 1139 923 1200 suis
938 1154 1010 1200 ma·

214 1259 296 1306 nere
310 1241 508 1306 dioecesibus
520 1255 587 1305 non
602 1238 807 1317 permittunt,
818 1237 897 1298 licet
913 1252 956 1298 ex
969 1251 1009 1298 eo

215 1341 323 1403 solum
342 1339 429 1418 quod
442 1339 571 1400 litteras
585 1338 717 1400 nostras
733 1335 857 1398 eisdem
872 1349 1012 1397 conces-

217 1439 331 1512 simus,
347 1437 433 1500 nibil
448 1437 490 1498 de
502 1437 552 1498 eis
566 1435 695 1496 sinistri
703 1432 855 1497 debuerit
866 1431 1007 1509 opinari.

215 1536 311 1600 Unde
350 1533 564 1598 universitati
598 1532 720 1594 vestrae
751 1531 905 1594 volumus
937 1543 1011 1592 esse

215 1637 341 1706 notum,
357 1631 443 1711 quod
461 1646 525 1693 nos
547 1630 697 1693 ordinem
713 1627 830 1690 talium
846 1627 1012 1705 approba-

215 1733 287 1793 tum
299 1730 470 1802 babemus,
483 1731 517 1790 et
529 1728 647 1790 iratres
665 1726 792 1788 ordinis
803 1726 908 1803 ipsius
920 1725 1010 1786 viros

215 1826 485 1904 recognoscimus
501 1824 682 1886 catholicos
696 1824 730 1885 et
746 1821 891 1884 devotos.
902 1825 1010 1894 Quare

214 1923 395 1986 monendos
423 1939 482 1988 vos
510 1922 667 1984 duximus
683 1921 715 1984 et
735 1915 927 1991 hortandos,
951 1933 1011 1996 per

213 2019 404 2098 apostolica
421 2020 545 2097 scripta
564 2017 658 2081 vobis
671 2017 893 2096 precipiendo
915 2032 1012 2078 man-

214 2118 519 2196 dantes,quatsnus
543 2118 633 2195 ipsos
652 2119 810 2193 tanquam
834 2130 913 2176 vere
934 2114 1011 2177 tide·

212 2214 263 2276 les
283 2217 317 2278 et
335 2215 511 2291 religiosos
529 2213 565 2275 in
586 2211 709 2276 vestris
730 2211 926 2274 dioecesibus
955 2210 1011 2272 ad·

216 2311 367 2384 mittatis,
377 2311 538 2375 babentes
551 2310 683 2372 eosdem
694 2326 754 2386 pro
763 2309 875 2370 divina
886 2309 919 2370 et
931 2324 1011 2369 nos-

211 2409 265 2470 tra
292 2407 480 2470 reverentia
517 2407 715 2484 propensius
747 2405 1008 2467 commendatos.

213 2507 333 2572 Datum
357 2503 509 2577 Viterbii,
526 2505 570 2566 IV
585 2502 652 2566 kal.
668 2503 769 2580 junii,
796 2501 1008 2580 pontificatus

214 2601 322 2667 nostri
334 2616 421 2666 anno
437 2601 566 2680 quarte.

538 2799 690 2891 CXLVI
781 2860 786 2868 -

255 2960 307 3019 Ad
316 2957 471 3020 abbatem
485 2958 519 3019 et
532 2957 739 3019 concentum
751 2955 966 3019 dierstenses.

507 3071 542 3128 29
556 3070 625 3128 maii
640 3070 719 3128 1220.

426 3193 483 3258 [db.
501 3192 535 3244 ob
547 3192 591 3244 der
606 3194 684 3250 dans,
697 3191 727 3251 il,
738 3190 806 3256 bii]

214 3307 287 3380 ipsis
306 3309 458 3366 eeclesiam
482 3307 510 3364 in
530 3308 650 3366 Garates
671 3321 737 3364 cum
752 3304 870 3378 capellis
884 3304 1006 3362 auctori-

403 3403 461 3455 tate
475 3397 638 3468 apostolica
652 3394 812 3456 eonbrmat.

253 3521 431 3592 Honorius,
454 3524 536 3594 etc,
558 3521 688 3583 dilectis
717 3519 810 3592 filiis,
838 3519 950 3581 abbati
977 3519 1010 3580 ei

211 3621 390 3682 conventui
403 3619 734 3691 Garstensisalutem
744 3621 777 3680 et
792 3616 1007 3695 apostolicam

214 3717 490 3780 benedictionem.

254 3815 360 3895 iustis
388 3815 570 3892 petentium
596 3813 770 3875 desideriis
795 3812 930 3888 dignum
958 3812 1009 3873 est

212 3929 273 3974 nos
296 3912 428 3975 facilem
462 3911 612 3990 praebere
643 3926 840 3974 consensum
865 3911 897 3972 et
916 3913 1004 3980 vota,

210 4027 285 4088 quae
319 4009 504 4072 arationis
538 4009 672 4071 tramite
700 4024 766 4069 non
801 4007 1004 4079 discordant,

214 4107 334 4169 effectu
365 4107 583 4184 prosequente
612 4104 788 4181 complere.
811 4107 1003 4182 Eapropter‚

138 4265 141 4270 .
210 4204 322 4266 dilecti
346 4204 382 4265 in
407 4204 546 4266 Domino
569 4203 640 4275 lilii,
657 4203 779 4264 vestris
802 4201 902 4282 justis
927 4218 1007 4280 pos-

138 4341 139 4346 .
211 4301 429 4365 inlationibus
461 4303 555 4378 grato
586 4301 821 4363 concurrentes
854 4313 1004 4373 assensu,

212 4399 388 4461 ecclesiam
403 4399 438 4460 in
457 4400 598 4460 Garsteu
613 4413 687 4460 cum
709 4397 847 4474 capellis
863 4397 933 4458 suis
946 4413 1007 4459 vo-

208 4495 259 4556 bis
283 4495 506 4558 avenerabili
535 4495 638 4558 fratre
667 4497 793 4568 nostro,
811 4494 1005 4556 Patavieusi

211 4594 377 4672 episcopo,
388 4593 428 4655 de
441 4593 638 4670 capitulisui
653 4609 793 4654 assensu
808 4593 862 4670 pia
876 4593 908 4654 et
922 4607 1003 4669 pro-

208 4691 286 4754 vida
297 4689 497 4751 liberalitate
508 4689 674 4761 collatam,
690 4689 776 4752 sicut
789 4705 862 4750 eam
869 4692 959 4767 juste
973 4689 1006 4750 et

209 4787 347 4866 pacifice
366 4786 553 4863 possidetis,
567 4786 663 4848 vobis
678 4788 711 4849 et
725 4802 785 4865 per
798 4803 858 4848 vos
875 4802 1005 4848 monas·

208 4886 292 4949 terio
311 4886 422 4947 vestro
444 4883 642 4944 auctoritate
668 4883 860 4960 apostolica
880 4884 1006 4946 contin-

209 4999 348 5056 mamus,
376 4983 410 5044 et
443 4979 617 5058 praesentis
663 4980 779 5057 scripti
818 4981 1005 5058 patrocinio

209 5080 461 5144 communimus.
478 5077 572 5140 Nulli
596 5091 686 5152 ergo,
703 5077 765 5140 etc.
781 5078 816 5142 si
843 5079 917 5154 quis
943 5093 1006 5140 au-

206 5180 284 5250 tem,
297 5181 358 5240 etc.
371 5179 490 5238 Datum
505 5173 656 5246 Viterbii,
676 5177 719 5236 1v
737 5174 804 5236 kal.
818 5175 919 5253 junii,
927 5190 1005 5252 pon·

207 5275 353 5339 tilicatus
366 5275 471 5337 nostri
486 5289 574 5336 anno
590 5273 718 5350 quarto.

832 297 1007 365 HONORH
1030 297 1074 358 111
1096 296 1245 361 OPERA.

1803 297 1863 354 tlt

1374 462 1547 549 CXLVII

1124 599 1175 658 Ad
1201 595 1398 672 Patriacum
1426 611 1545 672 repens
1565 599 1797 658 Frarzcorum.

1365 709 1464 782 tinnit
1477 710 1555 768 issu.

1170 813 1307 880 [bouquet
1323 817 1381 868 lieo.
1392 816 1436 866 des
1449 815 1522 874 dist..
1533 821 1552 865 t.
1565 815 1633 874 XIX,
1645 830 1671 880 p.
1684 813 1754 882 dib]

1063 913 1157 973 illinus
1179 913 1296 972 feliciter
1322 913 1493 988 procedente
1519 913 1671 984 Ludovici,
1691 911 1772 987 regis
1799 911 1862 982 lilii,

1099 1002 1235 1060 adversus
1252 1003 1408 1060 'l'olosanos
1429 1002 1625 1076 expeditione,
1648 1009 1733 1076 roget
1759 1015 1865 1075 regem

1099 1091 1252 1159 Honorius,
1266 1097 1296 1147 ut
1308 1090 1412 1147 bellum
1427 1097 1524 1147 contra
1540 1089 1657 1146 eosdem
1669 1091 1822 1158 instauret,
1836 1099 1865 1146 et

1099 1178 1272 1250 obsequatur
1282 1179 1425 1252 episeopis
1442 1195 1457 1235 a
1473 1193 1505 1235 sa
1519 1178 1660 1252 delegatis
1675 1177 1710 1235 ad
1726 1178 1864 1250 populos,

1100 1269 1253 1341 propositis
1267 1268 1350 1324 novis
1362 1267 1559 1348 indulgentiis,
1573 1266 1751 1327 excitandos.

1105 1385 1272 1446 Honorius
1308 1385 1484 1462 episcopus
1487 1428 1574 1446 .......
1611 1383 1792 1444 carissimo
1829 1382 1863 1443 in

1065 1481 1194 1544 Christo
1208 1483 1277 1544 lilio
1292 1481 1457 1559 Philippo,
1465 1482 1537 1558 regi
1548 1483 1755 1544 Francorum
1766 1481 1862 1542 illus·

1064 1579 1119 1650 tri,
1135 1580 1286 1651 salutem,
1304 1581 1366 1641 etc.

1106 1677 1174 1738 Etsi
1190 1677 1301 1742 cuncti
1323 1675 1466 1738 debeant
1484 1673 1597 1738 dolere
1621 1675 1748 1748 fideles,
1772 1675 1862 1754 quod

1066 1775 1233 1851 negotium
1250 1775 1338 1847 fidei,
1356 1785 1416 1851 pro
1430 1787 1494 1854 quo
1510 1775 1544 1836 in
1560 1773 1740 1852 provinciae
1754 1773 1865 1851 parti-

1065 1871 1126 1932 bus
1138 1872 1229 1933 tanto
1242 1871 1391 1950 tempore
1405 1871 1591 1932 laboratum
1601 1873 1661 1942 est,
1674 1871 1773 1948 quasi
1790 1873 1864 1948 jam

1066 1969 1198 2044 penitus
1213 1969 1350 2041 corruit,
1358 1967 1454 2030 nobis
1469 1953 1621 2031 tamenet
1636 1967 1696 2029 tibi
1709 1983 1781 2045 prae
1796 1983 1865 2028 oae-

1065 2065 1146 2127 teris
1172 2068 1222 2127 est
1248 2064 1437 2137 dolendum,
1453 2065 1548 2142 quia,
1575 2064 1663 2125 siout
1686 2064 1862 2139 negotium

1065 2162 1173 2238 ipsum
1199 2162 1388 2239 specialiter
1407 2178 1466 2238 per
1488 2161 1631 2223 studium
1655 2161 1809 2222 nostrum
1830 2164 1863 2222 et

1064 2260 1153 2320 vires
1175 2259 1269 2336 regui
1293 2259 1342 2320 tul
1365 2259 1571 2336 proiecerat,
1592 2258 1640 2322 sic
1663 2259 1736 2335 ejus
1759 2258 1862 2320 ruina

1065 2355 1256 2433 specialiter
1267 2357 1302 2417 in
1319 2355 1532 2433 opprobrium
1545 2356 1694 2418 nostrum
1716 2357 1750 2417 et
1765 2356 1862 2417 tuum

1064 2454 1240 2516 manifeste
1267 2453 1461 2516 redundat:
1492 2469 1596 2532 quare
1622 2452 1754 2532 utrique
1782 2468 1864 2515 nos-

1064 2553 1152 2614 trum
1194 2567 1322 2613 summo
1349 2551 1399 2613 est
1424 2551 1533 2613 studio
1563 2550 1793 2622 innitendum,
1823 2551 1860 2611 ut

1064 2647 1862 2726 idemnegotium,divinopraeunteauxiliome-

1063 2747 1203 2812 levetur.
1217 2747 1266 2810 Ad
1287 2761 1369 2825 quos
1389 2763 1450 2808 nos
1463 2747 1573 2809 mente
1585 2745 1728 2810 sollicita
1740 2745 1859 2808 inten-

1064 2845 1241 2918 dentes,ac
1269 2844 1418 2906 volentes
1443 2842 1511 2906 tam
1539 2844 1732 2906 bonorituc
1758 2859 1861 2922 quarn

1063 2943 1160 3020 regni
1181 2943 1229 3005 tui
1254 2941 1451 3005 utilitatibus
1473 2943 1612 3027 paterna
1631 2941 1860 3004 sollicitudine

1064 3039 1248 3117 providere,
1265 3040 1422 3101 venerab.
1437 3039 1595 3101 fratribus
1620 3039 1776 3101 ilamensi
1794 3037 1858 3116 (1),

1064 3137 1250 3200 senonensi
1271 3135 1332 3218 (2),
1358 3136 1558 3200 Bituricensi
1582 3135 1646 3216 (3),
1664 3135 1858 3212 archiepis-

1064 3233 1171 3312 copis,
1201 3235 1238 3296 in
1266 3249 1371 3311 reguo
1396 3234 1471 3312 ipso
1505 3234 1686 3310 legationis
1710 3231 1859 3295 cilicium

1063 3330 1217 3394 distincte
1232 3331 1468 3404 commisimus,
1481 3332 1517 3394 ut
1529 3331 1643 3392 fideles
1656 3330 1697 3392 ad
1712 3330 1861 3392 subven-

1062 3429 1187 3492 tionem
1202 3428 1308 3505 ipsius
1327 3427 1462 3504 negotii,
1474 3428 1656 3490 secundum
1669 3427 1780 3490 datam
1795 3425 1860 3488 sibi

1063 3530 1172 3590 abeo
1196 3525 1417 3604 prudentiam,
1436 3526 1590 3588 studeant
1613 3525 1799 3592 exinortari,
1825 3525 1861 3584 et

1062 3626 1131 3688 tam
1147 3622 1363 3700 indulgentiis
1385 3637 1483 3700 quam
1498 3622 1609 3686 modis¹
1630 3623 1719 3696 aliis,
1733 3621 1855 3700 quibus

1062 3722 1219 3799 expedire
1237 3717 1393 3794 viderint,
1410 3720 1571 3782 animare.

1102 3820 1185 3892 Quia
1196 3819 1297 3894 igitur
1307 3818 1496 3893 hujusmodi
1506 3817 1628 3880 lactum
1641 3815 1738 3894 quasi
1752 3816 1858 3878 totum

1061 3931 1105 3980 ex
1127 3915 1374 3992 magnificentia
1401 3915 1457 3978 tua
1476 3914 1607 3991 pendet,
1622 3913 1858 3976 excellentiam

1060 4017 1149 4076 tuam
1163 4028 1331 4090 rogamus,
1347 4011 1560 4080 obsecramus
1572 4013 1607 4074 in
1617 4011 1757 4075 Domino
1771 4013 1851 4072 iesu

1061 4111 1203 4184 Christe,
1220 4126 1260 4172 ac
1273 4109 1333 4172 tibi
1349 4108 1630 4172 inremissionem
1646 4108 1852 4184 iujungimus

1062 4209 1283 4286 peccatorum,
1300 4208 1476 4284 suasanus,
1497 4222 1564 4267 non
1578 4205 1731 4268 diflidens
1753 4205 1795 4266 de
1815 4217 1856 4264 eo

1061 4305 1147 4382 quod
1181 4303 1351 4380 negotium
1377 4302 1487 4380 ipsum
1518 4302 1666 4377 graviter
1693 4299 1855 4362 cecidisse

1061 4403 1202 4474 videtur,
1218 4401 1275 4462 sed
1298 4399 1407 4478 potius
1419 4400 1460 4460 de
1484 4399 1598 4462 divina
1612 4399 1735 4462 mrtute
1749 4396 1854 4460 cond-

1060 4502 1153 4572 dens,
1171 4500 1212 4561 ad
1234 4499 1340 4577 ipsius
1362 4497 1600 4561 relevationem
1623 4496 1799 4572 magnifice
1820 4494 1853 4555 et

1060 4599 1212 4675 potenter
1224 4611 1398 4672 exsurgas,
1411 4611 1485 4657 cum
1502 4594 1633 4671 perboc
1645 4593 1707 4656 tibi
1726 4596 1856 4670 tempo-

1061 4696 1165 4756 ralem
1179 4694 1339 4757 honorem
1352 4708 1523 4770 compares
1536 4694 1569 4754 et
1578 4692 1750 4763 aeternum,
1761 4693 1794 4754 et
1806 4689 1859 4750 sic.

1059 4795 1151 4856 tuum
1167 4791 1313 4870 speciale
1327 4792 1371 4852 sit
1385 4790 1493 4867 ipsum
1505 4791 1687 4865 negotium,
1698 4789 1744 4862 ut,
1753 4789 1853 4851 etiam

1060 4892 1088 4950 si
1101 4906 1162 4951 nos
1179 4889 1262 4952 illud
1275 4889 1541 4964 relinqueremus
1555 4885 1656 4965 (quod
1671 4883 1773 4962 absit)
1792 4881 1851 4945 tibi

1058 4989 1169 5052 tamen
1196 5002 1263 5048 non
1289 4985 1334 5046 sit
1355 4984 1567 5061 aliquatenus
1582 4983 1848 5060 relinquendum.

1060 5083 1212 5148 Praeiatis
1227 5099 1307 5160 ergo
1317 5080 1588 5158 archiepiscopis,
1600 5081 1636 5142 in
1651 5081 1694 5140 iis
1704 5094 1777 5157 quae
1792 5091 1850 5156 pro

1059 5182 1228 5261 saepedicti
1264 5179 1467 5242 relevatione
1504 5179 1630 5254 negotii
1658 5175 1849 5240 duxerimus

1059 5279 1287 5358 providenda,
1317 5275 1495 5352 diligenter
1523 5275 1703 5346 assistens,
1735 5275 1768 5334 et
1794 5287 1850 5333 ac·

1036 5361 1038 5428 Ϊ
1060 5379 1233 5455 quiescens
1244 5389 1359 5436 eorum
1372 5371 1560 5434 salubribus
1573 5371 1710 5434 monitis
1724 5372 1759 5433 et
1772 5383 1850 5432 con-

1037 5545 1038 5554 χ
1059 5475 1319 5549 siliis,tanquam
1334 5469 1469 5542 nostris,
1483 5468 1571 5532 itate
1584 5469 1707 5531 habere
1720 5467 1850 5530 studeas

242 5625 444 5700 (liduillelmo
459 5624 493 5683 de
508 5628 650 5686 loinville.
690 5627 731 5702 (2)
748 5629 830 5686 Petro
846 5625 1034 5685 decor-bollo.
1075 5625 1115 5702 (3)
1137 5621 1244 5681 Simoni
1260 5621 1296 5680 de
1311 5620 1443 5680 Sulliaoo.
1532 5635 1540 5646 ’
