4066 6290
323 332 383 402 851

326 494 414 574 apud
443 494 629 562 nsoiatum
650 493 797 575 judicem
822 497 960 576 praemia
984 501 1117 564 eternae

297 657 300 662 A
325 596 421 674 pacis
435 595 620 661 inveniant.
635 598 751 660 Ameu.

365 695 434 770 ugo
445 693 611 754 Honorius
626 693 799 754 catholicae
814 692 971 756 Ecclesiae
986 695 1088 773 episc.

366 792 435 868 Ego
446 791 562 862 (luido,
578 790 798 867 praenestinus
811 791 996 868 episcopus.

366 890 434 964 ligo
447 887 646 950 Octavianus
662 889 720 948 SS.
738 887 846 965 Sergii
860 890 895 952 et
906 889 1029 952 Bacchi
1044 888 1118 950 dia-

326 999 430 1048 conus
445 985 636 1048 cardinalis.

364 1083 432 1157 Ego
444 1082 643 1158 Stephanus,
651 1081 800 1144 basilicae
812 1081 995 1146 Duodecim
1008 1085 1118 1160 ipos-

325 1177 467 1240 telorum
478 1177 661 1255 presbyter.

365 1278 433 1351 Ego
448 1275 627 1352 Gregorius
643 1275 825 1352 presbyter.

366 1373 484 1436 Datum
512 1373 684 1445 Laterani,
707 1389 767 1449 per
793 1387 927 1434 manum
956 1351 1139 1434 Willelmi}

327 1471 359 1532 S.
376 1472 415 1532 R.
433 1473 470 1532 E.
487 1470 764 1542 vicecancellarii,
786 1473 832 1532 iii
853 1470 929 1532 idus
945 1471 1045 1548 junii,
1058 1471 1116 1532 in-

324 1566 470 1630 dictione
499 1571 554 1640 iii,
585 1569 828 1630 incarnationis
859 1569 991 1630 Domini
1028 1585 1115 1630 auno

939 329 1117 404 HONoit11
1138 343 1184 405 111
1203 345 1352 408 OPERA.

1903 355 1956 418 852

1170 503 1244 582 ipso
1264 521 1327 568 nec
1350 505 1386 568 ln
1405 506 1594 572 bominibus
1613 511 1666 574 vel
1686 513 1763 576 aliis
1782 513 1885 578 robus
1905 533 1956 582 seu

1166 602 1300 680 juribus
1319 605 1467 682 eiusdem
1488 610 1682 672 monasterii
1703 613 1879 676 occasione
1900 615 1956 676 ad-

1170 701 1308 762 vocatiae
1332 702 1458 780 aliquid
1481 705 1622 767 ulterius
1642 709 1778 785 exigent
1797 713 1851 772 vel
1870 713 1954 774 reci·

1171 797 1262 874 pient
1276 801 1586 878 quoquomodo,nec
1600 819 1636 866 se
1647 805 1813 883 aliquibus
1828 825 1956 872 monas·

1170 894 1248 956 terii
1269 897 1412 972 negotiis
1435 898 1678 975 immiscebant,
1703 905 1769 966 nisi
1787 921 1808 966 a
1828 922 1956 968 monas·

1170 993 1255 1055 tario
1283 994 1447 1071 requisiti.
1473 998 1636 1075 Requisiti
1659 1016 1738 1062 vero
1763 1001 1870 1078 ipsum
1892 1021 1957 1066 mo-

1171 1091 1354 1152 nasterium
1374 1092 1550 1156 detondere
1568 1095 1755 1168 teneantur,
1777 1099 1823 1162 ita
1838 1103 1954 1174 mmeu,

1171 1187 1257 1263 quod
1266 1187 1490 1252 defensionem
1499 1191 1763 1268 hujusmodinon
1772 1197 1955 1271 extendent,

1171 1283 1236 1344 nisi
1258 1286 1421 1362 quatenus
1442 1287 1550 1366 ipsum
1567 1293 1806 1354 monasterium
1829 1294 1895 1354 sibi
1912 1295 1957 1356 vi-

1171 1380 1257 1443 derit
1271 1383 1440 1459 expedire.
1462 1387 1554 1460 Quod
1574 1387 1602 1448 si
1622 1387 1706 1450 torte
1725 1391 1841 1452 contra
1861 1408 1956 1453 vene-

1170 1478 1248 1550 rint,
1264 1481 1296 1541 et
1310 1480 1467 1556 praedicto
1483 1483 1665 1546 advocatiae
1680 1488 1814 1548 nomine
1830 1490 1864 1552 et
1877 1504 1957 1564 praa-

1170 1573 1238 1637 iato
1254 1575 1385 1639 redditu
1405 1579 1471 1642 sint
1494 1581 1566 1658 ipso
1580 1585 1657 1659 jure
1681 1583 1814 1660 privati.
1840 1585 1890 1646 Ad
1912 1587 1955 1648 rei

325 1666 496 1738 licciiiii,
509 1666 719 1742 pontificatus
734 1681 814 1730 vero
829 1665 960 1728 Domini
975 1667 1114 1728 Houorii

324 1765 436 1840 Papae,
449 1763 486 1826 in
501 1779 590 1826 anuo
612 1763 738 1842 quinto.

1171 1689 1249 1750 ergo
1279 1675 1472 1737 memoriam
1501 1678 1534 1740 et
1554 1682 1746 1758 perpetuam
1771 1682 1955 1745 firmitatem

1170 1772 1954 1855 provisionemseucompositionemhujusmodi,

1170 1885 1268 1945 quam
1282 1885 1391 1932 comes
1406 1871 1439 1933 et
1450 1876 1646 1948 procurator
1660 1877 1809 1952 praedicti
1825 1877 1861 1938 in
1876 1893 1956 1953 prae·

1169 1967 1278 2028 sentia
1293 1969 1406 2030 nostra
1422 1971 1539 2046 sponte
1551 1987 1592 2034 ac
1604 1973 1813 2036 concorditer
1825 1989 1956 2051 recepe·

1170 2065 1259 2136 runt,
1275 2068 1433 2140 praesenti
1453 2069 1582 2144 pagine
1601 2071 1755 2132 annotari
1773 2070 1911 2132 fecimus
1928 2074 1957 2134 et

1169 2159 1268 2222 bullae
1306 2166 1429 2226 nostrae
1466 2165 1649 2228 munimine
1680 2167 1845 2230 roborari.
1870 2167 1956 2230 Nulli

1170 2273 1261 2334 ergo,
1280 2259 1343 2320 etc.
1364 2262 1483 2324 Datum
1507 2263 1675 2336 Laterani,
1700 2267 1746 2326 111
1768 2265 1844 2328 idus
1861 2265 1954 2343 junii,

1171 2355 1382 2432 pontificatus
1396 2361 1503 2421 nostri
1518 2373 1605 2423 anno
1621 2361 1749 2438 quinto.

576 2065 869 2154 ccccxxviii

362 2237 414 2296 Ar
432 2235 587 2297 abbatem
605 2235 795 2298 remoram
812 2235 846 2296 et
868 2235 1074 2297 corruentem

563 2335 870 2408 Nicoburpeusem.

611 2481 643 2538 ii
657 2479 731 2553 junii
744 2481 824 2539 liii.

399 2622 577 2688 [lisinemaun
587 2623 672 2674 Codex
681 2622 848 2683 inbuitinus,
858 2637 884 2688 p.
897 2620 938 2682 ar,
949 2635 975 2672 n.
985 2621 1038 2686 aa]

1440 2651 1692 2741 ccccxxiii

1228 2801 1281 2860 Ad
1297 2801 1533 2864 scholasticum
1553 2804 1588 2865 et
1604 2807 1913 2880 paeaataemaaraam

1427 2901 1701 2962 ambianensem.

1459 3031 1491 3089 li
1504 3030 1576 3103 iunii
1592 3032 1672 3090 liii.

321 2754 425 2813 Abbati
437 2762 465 2813 et
476 2755 629 2814 conventui
639 2759 664 2814 N
666 2755 849 2828 lenburgensi
860 2755 1029 2828 compositio
1042 2754 1114 2822 iuter

404 2845 483 2918 ipsos
501 2851 530 2903 et
543 2846 676 2902 comtum
696 2845 821 2902 Ascuris
836 2843 1028 2902 confirmatur.

360 2979 539 3052 Honorius,
554 2979 616 3040 etc.

359 3079 406 3138 Ea
422 3093 495 3154 quae
517 3093 576 3154 pro
591 3076 677 3137 bono
693 3075 784 3152 pacis
804 3074 940 3152 provide
955 3074 1115 3138 ordinan-

321 3173 385 3247 tur,
408 3173 580 3250 scripiurae
603 3172 697 3235 decet
719 3173 918 3234 authenticae
940 3188 1111 3234 commen·
1199 3149 1318 3214 [mima
1332 3149 1570 3217 ¹¹b·V⁵⁰l³⁶¹·³¹⁰·
1583 3155 1642 3206 ¹¹⁸⁸·
1655 3155 1778 3206 ΝΟΜ
1792 3156 1927 3225 “lfflfll

321 3269 406 3340 dari,
423 3285 466 3331 ne
481 3285 540 3346 per
554 3269 730 3330 oblivionis
745 3269 989 3330 incommodum
1004 3270 1039 3329 in
1054 3285 1113 3330 re·
1168 3265 1285 3325 Mandat
1304 3267 1348 3326 eis
1370 3275 1402 3325 ut
1424 3269 1455 3326 B.
1478 3269 1652 3327 monachum
1676 3273 1842 3330 monasterii
1865 3273 1964 3331 sanati·

320 3365 438 3428 cidivae
472 3366 668 3444 quaestionis
693 3366 886 3441 scrupulum
909 3365 1111 3427 relabantur.
1204 3355 1552 3414 FussslflsslAfflbilssessSlss
1570 3359 1667 3429 quise
1688 3360 1716 3415 ῑῦ
1736 3361 1860 3432 i¹1⁰dfl¹¹1
1874 3375 1953 3434 trgi·

1203 3443 1277 3500 stulo
1290 3441 1395 3502 iecerat
1410 3444 1524 3514 intrudi,
1542 3444 1578 3502 ad
1593 3447 1798 3506 monasterium
1817 3463 1896 3506 suum
1910 3463 1951 3504 re·

320 3465 407 3524 Sane
422 3479 522 3540 quum
538 3462 677 3523 dilectus
693 3462 781 3522 tilius
796 3461 988 3538 Rodegerus
1003 3477 1115 3522 mona·
1203 3536 1306 3587 vocem

319 3557 403 3620 chus
425 3561 458 3620 et
481 3560 677 3636 procurator
700 3559 811 3620 vester
833 3562 948 3619 contra
971 3558 1113 3618 nobilem

319 3655 427 3718 virum
443 3655 623 3718 ilenricum
639 3655 791 3716 comitem
804 3655 961 3726 ascarico,
981 3655 1015 3715 in
1031 3670 1112 3740 nos·
1208 3655 1385 3726 Honorius,
1409 3657 1483 3728 etc,
1509 3657 1641 3720 dilectis
1660 3659 1739 3720 liliis
1761 3661 1951 3724 scholastico

318 3755 371 3816 tra
387 3754 565 3830 praesentia
577 3753 802 3825 constitutum,
820 3752 999 3814 multatam
1015 3767 1115 3828 super
1168 3753 1201 3814 et
1215 3753 1461 3830 poenitentiario
1476 3753 1672 3816 ambianen.

318 3851 550 3913 exoculatione
566 3851 599 3911 et
615 3849 822 3912 mutilatione
842 3851 909 3920 tua,
931 3849 979 3910 fili
999 3849 1112 3921 abbas,
1207 3850 1325 3911 Dilecti
1355 3849 1416 3910 lilii
1442 3853 1549 3928 major
1576 3852 1609 3912 et
1632 3853 1747 3914 sanior
1768 3869 1847 3932 pars
1876 3870 1951 3916 con-

319 3963 416 4024 quam
433 3963 533 4026 super
547 3947 688 4008 diversis
704 3945 953 4023 gravaminibus
972 3948 1004 4008 et
1018 3947 1112 4022 inju-
1168 3948 1285 4008 ventus
1301 3947 1494 4009 monasterii
1518 3949 1630 4010 Sancti
1650 3951 1807 4011 Fusciani
1826 3951 1952 4013 Ambia-

202 4105 205 4114 ,
317 4043 391 4116 riis,
408 4060 480 4122 quae
495 4043 669 4105 occasione
685 4043 867 4104 advocatiae
883 4042 975 4103 vobis
990 4043 1023 4103 et
1038 4057 1113 4102 mo·
1168 4057 1244 4102 nen.
1260 4043 1412 4104 dioecesis
1428 4043 1522 4105 nobis
1543 4044 1714 4107 humiliter
1733 4047 1952 4124 supplicarunt

318 4141 466 4202 nasterio
485 4142 596 4203 vestro
616 4141 785 4216 irrogasse
806 4139 978 4201 dicebatur
992 4139 1113 4200 nobilis
1170 4139 1204 4200 ut
1219 4141 1253 4200 B.
1270 4141 1467 4201 monachum
1480 4141 1626 4218 ejusdem
1643 4145 1836 4206 monasterii
1851 4146 1949 4206 virum

318 4239 531 4311 memoratus,
562 4252 746 4315 proponere
767 4236 961 4308 curavisset,
982 4253 1043 4298 nos
1065 4236 1113 4297 eis
1168 4235 1359 4310 litteratum,
1379 4238 1552 4313 providum
1569 4241 1602 4301 et
1620 4239 1809 4312 honestum,
1827 4242 1881 4319 qui
1895 4241 1950 4300 dn-

319 4335 498 4412 diligenter
512 4334 646 4405 auditis,
667 4334 708 4394 ad
725 4334 937 4395 concordiam
953 4333 1113 4394 intervos
1168 4332 1300 4394 durnin
1320 4333 1462 4411 quodam
1490 4336 1657 4412 ergastulo
1681 4353 1717 4398 se
1739 4337 1818 4401 lecit
1835 4336 1948 4399 intrudi

318 4432 352 4493 et
365 4433 517 4493 eumdem
528 4431 680 4493 comitem
691 4430 947 4502 reformandam,
958 4430 1114 4491 curantes
1168 4432 1258 4492 motu
1270 4431 1413 4508 propriae
1428 4432 1619 4504 voluntatis,
1634 4433 1812 4496 addictum
1827 4449 1949 4496 monas-

317 4529 529 4606 interponere
545 4530 656 4606 partes
672 4529 802 4590 nostras
815 4528 855 4588 de
871 4543 1035 4590 consensu
1048 4527 1114 4588 dio·
1167 4527 1287 4589 terium
1308 4529 1462 4590 revocari
1481 4529 1741 4592 misericorditer
1762 4529 1946 4593 laceremus.

316 4627 427 4686 torum
442 4625 572 4686 comitis
591 4625 625 4686 et
644 4623 880 4702 procuratoris,
902 4623 959 4702 qui
974 4623 1114 4684 manda·
1167 4625 1236 4684 Nos
1260 4623 1363 4700 igitur
1383 4625 1630 4702 praemissorum
1661 4626 1800 4688 fratrum
1833 4625 1946 4688 devotis

316 4721 387 4783 tum
401 4725 468 4783 tarn
481 4721 522 4782 ad
543 4721 804 4798 componendum
825 4737 922 4799 quam
943 4719 984 4782 ad
1005 4735 1112 4796 agen·
1168 4720 1321 4796 precibus
1347 4721 1512 4794 inclinati,
1539 4722 1732 4796 discretioni
1756 4726 1873 4786 vestrae
1894 4735 1946 4798 per

318 4817 395 4879 dum
409 4817 563 4890 habebat,
578 4819 626 4879 sic
639 4817 794 4878 duximus
809 4817 1058 4894 providendum,
1075 4819 1113 4877 ut
1167 4819 1357 4894 Apostolica
1392 4819 1514 4897 scripta
1552 4821 1758 4893 mandamus,
1796 4823 1944 4899 quatenus

317 4915 473 4978 videlicet
483 4915 619 4992 triginta
629 4915 756 4976 tantum
767 4929 954 4976 marcarum
965 4913 1112 4975 redditus
1167 4917 1385 4977 memoratum
1398 4917 1434 4976 B.
1457 4916 1493 4977 ut
1516 4916 1557 4977 ad
1577 4917 1765 4981 claustrum¹
1781 4931 1945 4982 suumra-

318 5014 489 5075 annuatim
520 5012 752 5090 percipiendus
775 5011 810 5071 in
842 5012 931 5072 certo
958 5009 1031 5071 loco
1058 5009 1112 5073 vel
1167 5011 1244 5074 deat
1263 5011 1323 5073 sub
1339 5012 1466 5074 abbatis
1485 5013 1536 5074 sui
1552 5011 1741 5076 obedientia
1758 5013 1945 5090 regulariter

317 5111 413 5184 locis,
430 5110 589 5188 praedicto
605 5108 716 5170 comiti
733 5109 765 5170 et
783 5111 856 5184 ejus
874 5107 1062 5170 haeredibus
1077 5107 1112 5168 in
1167 5110 1325 5180 moretur,
1338 5109 1534 5172 auctoritate
1550 5111 1661 5173 nostra
1673 5109 1944 5184 monerediligen-

317 5209 413 5270 bonis
433 5207 628 5269 monasterii
648 5207 750 5267 vestri
774 5221 834 5283 per
855 5205 899 5278 te,
925 5205 973 5267 fili
997 5204 1110 5276 abbas,
1166 5208 1243 5278 tius,
1265 5207 1299 5267 et
1318 5206 1475 5268 inducere
1495 5209 1691 5283 procuretis
1717 5209 1833 5270 Datum
1853 5207 1941 5267 nau-

317 5307 498 5368 advocatiae
515 5305 648 5367 nornine
663 5304 852 5381 assignetur
869 5303 926 5376 ita,
941 5302 1026 5380 quod
1040 5303 1113 5379 ipse
1167 5303 1253 5375 rani,
1266 5305 1311 5364 ili
1324 5303 1398 5365 idus
1408 5304 1509 5383 junii,
1527 5305 1738 5381 pontificatus
1753 5305 1853 5368 nostri
1865 5314 1941 5364 anno

318 5419 428 5465 comes
447 5402 501 5465 vel
521 5402 670 5466 haeredes
686 5405 758 5479 eius
778 5401 888 5464 necin
911 5400 1113 5462 monasterio
1168 5401 1294 5478 quinto.
