4090 6316
121 333 171 392 1:³9
727 333 955 394 EPISTOLAE.
979 331 1056 392 LIB.
1082 333 1137 392 111.
1699 331 1757 390 130

120 491 260 563 condere,
274 506 334 551 nos
353 489 513 554 habentes
532 491 723 570 utriusque,
735 491 814 553 licet
839 491 902 554 im·
957 490 1132 559 demicus,
1156 489 1332 562 Ricardus,
1361 489 1545 560 lohannes,
1573 487 1754 566 llnglorum

121 585 230 655 meriti,
246 587 454 662 potestatem,
474 585 671 648 auctoritate
689 588 902 664 praesentium
957 604 1064 664 reges
1099 589 1157 650 aut
1183 587 1241 648 alii
1270 587 1384 648 fideles
1410 587 1450 648 de
1479 603 1539 649 suo
1554 590 1632 666 jure
1647 589 1756 648 vestro

120 683 327 755 declaramus,
354 683 441 760 quod
466 683 545 744 licet
563 686 721 746 statutum
744 683 845 746 luerit
868 684 902 746 in
957 686 1161 747 monasterio
1184 685 1405 757 contulerunt,
1421 701 1636 763 qsraecumque
1656 685 1757 746 etiam

120 781 254 840 Concilio
282 779 445 856 generali,
463 783 498 844 ut
524 781 646 842 iratres
661 781 788 843 ordinis
811 785 905 844 Prae·
957 781 1065 859 ipsum
1075 783 1756 860 monasteriuminpraesentiarumjustenc
1871 799 1876 806 ·

119 879 360 940 monstratensls
372 878 412 939 de
423 879 543 940 alienis
554 880 665 951 terris,
679 880 903 958 etatempore
958 881 1757 958 eanonicepossidetautinluturnmconcessione

120 975 256 1052 praedicti
264 977 406 1038 Consilii
414 977 635 1053 acquirendis,
646 977 675 1038 si
686 992 744 1040 eas
759 977 903 1054 propriis
958 979 1161 1056 pontificum,
1177 979 1352 1055 largitione
1367 995 1483 1056 regum
1494 979 1546 1041 vel
1556 981 1755 1057 principum,

120 1073 260 1134 manibus
270 1077 330 1136 aut
344 1075 529 1152 sumptibus
539 1076 757 1147 excoluerint,
772 1075 905 1138 solvant
958 1076 1125 1138 oblatione
1153 1077 1310 1148 fidelium,
1332 1093 1390 1138 seu
1413 1076 1488 1138 aliis
1508 1077 1609 1155 justis
1637 1077 1755 1146 modiS,

119 1171 253 1232 decimas
279 1172 443 1244 ecclesiis,
470 1173 589 1251 quibus
608 1174 737 1234 ratione
755 1173 903 1249 praedio-
959 1175 1137 1251 praestante
1146 1175 1426 1252 Domin0‚poterit
1439 1175 1590 1252 adipisci,
1600 1175 1693 1236 firma
1703 1193 1759 1237 vo·

119 1285 183 1328 rum
195 1272 271 1331 ante
287 1269 513 1338 solvebantur,
524 1271 590 1331 nisi
606 1287 681 1332 cum
699 1271 781 1348 ipsis
797 1271 906 1332 eccle-
959 1270 1010 1331 bis
1020 1273 1207 1350 vestrisque
1230 1273 1482 1334 successoribus
1495 1273 1665 1336 etillibata
1679 1289 1757 1351 per-

119 1368 181 1440 siis,
205 1367 305 1428 aliter
333 1368 491 1430 duxerint
521 1369 803 1445 componendum,
839 1384 904 1431 non
960 1370 1126 1440 maneant,
1155 1369 1189 1430 in
1205 1369 1324 1448 quibus
1347 1370 1418 1432 baec
1439 1371 1582 1448 propriis
1602 1371 1757 1433 duximus

119 1469 220 1527 amen
243 1465 497 1542 intelligendum
513 1468 564 1528 est
588 1481 647 1527 vos
664 1467 772 1528 teneri
792 1466 832 1528 ad
846 1467 906 1528 de-
960 1467 1175 1545 exprimenda
1196 1469 1388 1530 vocabulis:
1404 1469 1569 1540 videlicet,
1591 1470 1759 1532 monaste-

119 1565 212 1623 cimas
242 1562 284 1624 de
322 1563 499 1625 novalibus
534 1564 781 1640 persolvendas.
812 1564 906 1626 Unde
960 1565 1047 1626 rium
1077 1565 1183 1644 ipsum
1210 1565 1297 1628 beati
1320 1566 1441 1628 Albani
1470 1584 1544 1630 cum
1570 1565 1649 1628 villa
1671 1568 1755 1638 tota,

118 1661 284 1722 statuimus
299 1663 336 1724 ut
350 1661 391 1722 de
415 1661 590 1724 novalibus
614 1662 735 1723 vestris
764 1662 905 1724 excultis
960 1662 1135 1724 eeclesiam
1170 1663 1259 1726 beati
1293 1665 1393 1736 Petri,
1420 1666 1595 1728 eeclesiam
1628 1682 1758 1744 quoque

118 1762 288 1836 atempore
317 1759 457 1821 concilii
471 1759 650 1835 generalis,
666 1759 771 1822 autin
795 1766 907 1838 poste-
960 1763 996 1821 Β.
1005 1761 1164 1836 Stephani
1177 1762 1210 1822 et
1225 1762 1385 1823 ecelesias
1396 1762 1436 1823 de
1452 1762 1661 1841 Ryngesbyri
1673 1767 1706 1825 et
1719 1762 1759 1822 de

118 1873 182 1916 rum
210 1856 415 1930 excolendis,
448 1857 559 1918 nullus
594 1874 614 1920 a
641 1857 736 1920 vobis
759 1858 905 1920 decimas
960 1859 1124 1930 Watiord,
1147 1859 1477 1934 Ricliemareswitlre,
1498 1863 1539 1922 de
1557 1861 1757 1938 Langeleya,

118 1955 257 2029 exigere,
279 1955 335 2016 vel
369 1957 568 2032 extorquere
596 1958 785 2032 praesumat.
815 1955 906 2018 Nulli
961 1957 1002 2018 de
1016 1955 1218 2028 Rethburne,
1242 1957 1283 2017 de
1298 1958 1464 2042 Gudicote,
1477 1959 1518 2020 de
1532 1959 1705 2032 waldene,
1719 1959 1760 2018 de

117 2067 187 2126 ergo
199 2054 357 2124 ommino,
376 2055 437 2116 ote.
447 2054 481 2114 Si
493 2053 567 2130 quis
578 2055 699 2126 autem,
709 2054 771 2115 etc.
788 2055 905 2116 Datum

119 2151 266 2212 laterani
280 2153 342 2212 ΧΠ
364 2151 432 2213 kal.
449 2152 561 2212 martii
576 2151 786 2228 pontificatus
800 2154 906 2216 nostri

117 2249 318 2310 annotemio.

430 2364 587 2452 CXXIX

128 2499 172 2558 lo
189 2499 403 2560 Wilitetmam
416 2499 571 2560 abbatem
586 2502 727 2574 circaque
739 2499 884 2574 fratres.

404 2611 439 2669 20
451 2610 521 2669 sehr.
536 2613 616 2670 lits.

144 2715 271 2780 magdala,
285 2718 453 2769 Monasticum
474 2719 653 2783 Anglicanum,
664 2721 695 2780 ll,
708 2721 765 2780 232,
780 2735 806 2770 n.
822 2721 874 2786 ἢ]

119 2823 294 2898 Privilegium
316 2825 353 2882 de
364 2825 498 2884 omnibus
513 2827 689 2886 libertatibus
700 2829 796 2886 Sancti
804 2828 907 2886 Albani

178 2921 206 2969 et
215 2915 449 2986 possessionibus
457 2930 522 2974 oum
532 2917 612 2974 cellis
626 2916 834 2990 adjacentibus.

151 3033 329 3101 Honorius,
364 3033 440 3106 eto„
477 3033 607 3096 dilectis
638 3033 716 3095 tiliis
738 3035 906 3096 Willelmo

119 3126 216 3191 abbati
228 3131 426 3192 monasterii
442 3133 554 3194 Sancti
562 3131 681 3194 Albani
692 3136 829 3211 ejusque
844 3134 908 3196 lra-

118 3225 211 3287 tribus
231 3231 300 3290 tam
325 3229 544 3305 praesentibus
560 3247 659 3309 quam
672 3230 793 3294 suturis
807 3247 908 3309 regu-

119 3323 209 3386 larem
225 3326 331 3388 vitam
349 3327 551 3403 protessisin
566 3332 772 3406 perpetuum.

151 3424 354 3500 Religiosam
367 3425 676 3502 vitameligentibus
687 3427 905 3504 apostolicum

118 3524 265 3584 convenit
279 3523 397 3584 adesse
410 3523 614 3600 praesidinm,
630 3541 672 3586 ne
693 3525 778 3589 iorte
793 3530 908 3603 cujus·

120 3616 192 3681 libet
202 3621 403 3682 temeritatis
430 3621 596 3695 incursus,
617 3623 907 3702 auteosapropo-

118 3714 171 3776 sito
193 3721 341 3790 revocet,
366 3720 424 3781 aut
448 3718 560 3792 robur,
577 3720 663 3798 quod
686 3719 783 3793 absit,
801 3737 905 3784 sacrae

117 3814 282 3890 religionis
295 3814 507 3892 infringatur.
531 3819 725 3895 Eapropter,
744 3818 854 3880 dilecti
870 3819 905 3880 in

118 3909 245 3974 bonine
272 3913 344 3986 filii,
370 3913 412 3974 ob
439 3915 660 3977 reverentiam
680 3915 768 3979 beati
786 3915 906 3978 Albani

118 4006 244 4080 gloriosi
264 4011 447 4086 anglorum
462 4013 725 4090 protomartyris,
740 4017 834 4090 cujus
850 4030 906 4076 sa-

118 4107 332 4170 cratissimum
348 4125 469 4187 corpus
489 4111 524 4172 in
540 4111 613 4172 loco
628 4113 739 4174 vestro
760 4113 906 4189 requies·

119 4215 182 4264 cere
194 4205 412 4282 dignoscitur,
424 4207 904 4282 praedecessorumnostrorum

118 4295 211 4362 ielicis
223 4303 396 4366 memoriae
411 4304 544 4377 calixti,
554 4304 735 4378 Goelestini,
752 4307 902 4382 Eugenii,

116 4396 254 4472 Adriani,
268 4401 462 4473 Alexandri,
478 4402 583 4475 Lucii,
600 4403 777 4464 Clementis
790 4405 823 4466 et
837 4405 906 4466 Coe·

117 4489 215 4558 lestini
234 4498 338 4570 tertii,
357 4501 581 4560 Romanorum
609 4499 807 4563 Pontificum
828 4517 906 4563 ves-

118 4589 195 4664 tigiis
209 4595 428 4668 inbaerentes,
456 4598 578 4660 vestris
590 4598 692 4675 justis
708 4598 906 4675 postulatio-

117 4685 201 4749 nibus
215 4693 401 4756 clementer
412 4695 602 4768 annuimus,
617 4696 651 4757 et
667 4696 904 4758 monasterium

118 4782 225 4861 ipsum,
238 4791 275 4850 in
288 4806 354 4868 quo
367 4791 480 4854 divino
493 4794 620 4856 vacatis
634 4792 803 4870 obsequie,
818 4795 904 4872 quod

118 4883 205 4959 adjus
214 4887 305 4951 beati
312 4891 403 4952 Petri
414 4890 604 4967 specialiter
614 4894 763 4970 spectare
776 4891 906 4968 dignos·

117 4977 201 5055 citur,
226 5001 302 5047 cum
324 4987 553 5063 adjacentibus
580 4990 674 5052 cellis
699 4991 733 5052 et
754 4989 905 5052 ecclesiis

118 5078 144 5135 et
154 5083 303 5145 omnibus
317 5085 425 5146 eidem
434 5088 636 5150 monasterio
649 5087 902 5164 pertinentibus,

119 5173 169 5233 Sub
180 5177 266 5242 beati
283 5183 375 5244 Petri
388 5185 421 5245 et
440 5187 554 5246 nostra
570 5186 775 5261 protentione
792 5186 904 5249 susci-

120 5269 213 5342 pimus
226 5281 259 5339 et
274 5281 450 5356 presentis
477 5282 591 5360 scripti
617 5283 793 5359 privilegio
813 5299 906 5346 com-

119 5372 281 5437 munimus.
320 5379 530 5447 statuentes,
568 5383 604 5442 ut
639 5381 798 5442 universa
830 5396 905 5458 quae

119 5461 247 5532 illustris
266 5475 437 5538 memoriae
461 5477 533 5539 Oila
559 5477 725 5550 videlicet,
753 5481 785 5540 et
815 5477 904 5539 tilius

119 5563 180 5636 ⁰]ss
213 5569 383 5646 Egiridus,
422 5575 586 5648 EdreduS,
618 5575 837 5648 Willielmus,
873 5577 906 5637 et

149 5677 183 5750 (Ι)
203 5684 268 5741 tiss.
286 5687 469 5746 Socalutinie.

250 5826 366 5870 mrum.
388 5827 460 5870 rrius
479 5817 528 5872 lll.

961 2055 1214 2126 Heostonestun,
1230 2055 1270 2115 de
1281 2056 1466 2123 Northuna,
1483 2057 1524 2117 de
1539 2057 1702 2128 Neuham,
1720 2057 1760 2116 do

962 2152 1283 2224 Estuna,del3arnet,
1293 2153 1332 2214 de
1345 2153 1514 2230 Scepeale,
1529 2154 1570 2214 de
1579 2153 1757 2223 Thinbirli,

962 2249 1760 2338 deBranteleld,deStanmere,cumeisdemvillis

961 2349 1761 2428 etomnibusearumpertinentiisadsusceptio-

962 2463 1037 2509 nem
1056 2447 1235 2525 bospitum,
1257 2449 1433 2510 ecclesiam
1447 2448 1487 2510 de
1504 2449 1713 2526 Pedesgrave
1728 2451 1761 2510 et

961 2545 1136 2610 ecclesiam
1152 2547 1193 2607 de
1219 2549 1348 2608 Lutune
1371 2563 1445 2608 cum
1461 2548 1603 2610 ecclesia
1618 2547 1659 2608 de
1672 2550 1762 2608 Hoc-

962 2644 1041 2706 tune
1065 2646 1098 2706 et
1123 2660 1198 2706 cum
1226 2645 1295 2706 tota
1321 2648 1411 2706 terra
1437 2662 1536 2723 quam
1560 2645 1760 2708 Willielmus

962 2742 1167 2803 camerarius
1188 2742 1295 2804 tenuit
1309 2742 1343 2804 in
1358 2759 1435 2804 soca
1453 2744 1595 2805 Lutunie
1611 2742 1657 2824 (1)
1674 2744 1707 2805 et
1725 2743 1760 2804 iu
1821 2793 1833 2822 κ

962 2839 1042 2900 villa
1057 2840 1098 2900 de
1123 2841 1273 2902 Hoctune
1286 2843 1321 2901 et
1339 2842 1374 2901 in
1386 2842 1544 2903 Hertwell
1562 2842 1640 2902 etin
1655 2840 1762 2902 Bade-

962 2937 1099 2998 lesdune
1115 2940 1147 2999 et
1175 2938 1210 2999 in
1231 2937 1442 3014 Podesgrane
1466 2941 1499 3000 et
1517 2954 1592 3000 cum
1608 2938 1760 3000 omnibus

961 3033 1061 3094 terris
1073 3034 1106 3095 et
1118 3033 1257 3095 decimis
1279 3035 1312 3095 et
1328 3033 1589 3111 quibuscumque
1603 3033 1703 3095 rebus
1718 3035 1759 3094 ad

961 3146 1019 3192 aas
1041 3130 1293 3209 pertinentibus,
1308 3130 1394 3192 sicut
1409 3133 1498 3208 regis
1514 3132 1652 3194 Henrici
1669 3133 1760 3194 carta

961 3230 1111 3291 testatur.
1128 3229 1177 3290 Ad
1194 3229 1369 3306 coquinam
1385 3230 1635 3302 monachorum,
1652 3230 1762 3292 ecole-

961 3327 1045 3388 siam
1074 3328 1221 3388 omnium
1248 3329 1438 3390 sanctorum
1463 3329 1497 3388 ln
1523 3327 1663 3390 Suberia
1685 3343 1760 3390 cum

961 3425 1089 3503 capella
1108 3425 1149 3486 de
1168 3425 1356 3486 Berindune
1372 3429 1406 3488 et
1419 3427 1591 3504 adjacente
1610 3428 1713 3498 terra,
1727 3433 1761 3488 et

961 3522 1136 3600 ecclesiam
1164 3523 1204 3584 do
1229 3524 1442 3586 Letlrewrtba
1470 3540 1544 3585 cum
1568 3524 1759 3602 capellada

961 3619 1160 3708 burgalexa.
1185 3619 1235 3682 Ad
1267 3623 1541 3683 sustentationem
1563 3638 1757 3706 pauperum,

960 3718 1135 3779 ecclesiam
1151 3718 1192 3780 de
1217 3719 1452 3781 Heteresdune
1472 3723 1505 3782 et
1520 3721 1696 3782 ecclesiam
1718 3719 1759 3781 de

960 3815 1225 3877 Henebellacum
1240 3817 1412 3894 adjacente
1423 3821 1523 3889 terra,
1538 3819 1572 3879 et
1583 3819 1758 3880 ecclesiam

960 3914 1000 3974 de
1015 3915 1204 3989 Wengrave
1228 3929 1303 3976 curn
1318 3914 1445 3975 decima
1461 3915 1501 3975 de
1516 3917 1638 3976 Heswa
1663 3918 1696 3978 et
1717 3915 1760 3979 de

961 4013 1166 4089 Ryngetune,
1178 4013 1211 4072 et
1220 4011 1381 4073 decimam
1393 4012 1433 4072 de
1444 4015 1609 4091 Royuges.
1619 4015 1759 4076 Terram

960 4125 1090 4188 quoque
1103 4125 1202 4186 quam
1215 4109 1417 4172 willielmus
1433 4110 1521 4172 tilius
1533 4111 1683 4173 Gauiridi
1694 4113 1756 4173 de-

960 4207 1019 4276 uit,
1035 4207 1163 4270 scilicet
1191 4224 1291 4270 unam
1316 4207 1428 4270 hidam
1443 4210 1478 4270 in
1493 4209 1700 4272 Helesburne
1723 4211 1758 4270 in

959 4304 1059 4367 sartis
1072 4303 1112 4366 de
1133 4304 1328 4383 Wydebale,
1356 4307 1390 4368 et
1412 4323 1511 4368 unam
1538 4307 1703 4384 virgatam
1723 4308 1757 4368 in

959 4417 1095 4464 nemore
1110 4403 1257 4480 ejusdem
1276 4402 1465 4480 Wydeball‚
1483 4403 1568 4466 sicut
1587 4403 1758 4465 donatoris

959 4502 1052 4564 carta
1075 4500 1258 4562 contlrmat.
1271 4501 1493 4562 Adeameram
1505 4501 1754 4572 monachorum,

960 4598 1133 4660 ecclesiam
1141 4597 1182 4658 de
1191 4597 1426 4659 Thireleltl.Ad
1443 4600 1642 4672 sacristiam,
1655 4600 1757 4662 eccle·

961 4696 1045 4758 siam
1057 4695 1096 4756 de
1109 4695 1247 4764 Daobat,
1262 4697 1296 4757 ot
1307 4711 1350 4758 ex
1362 4696 1448 4758 dono
1458 4697 1617 4758 Hamonis
1628 4697 1662 4759 in
1677 4697 1758 4759 villa

960 4794 1000 4854 de
1018 4792 1193 4854 Challunte
1206 4808 1306 4854 unam
1321 4794 1485 4870 virgatam
1496 4796 1596 4857 terrae
1612 4796 1757 4857 etdimi-

960 4891 1048 4952 diam
1064 4892 1098 4953 et
1110 4907 1210 4952 unam
1227 4894 1391 4953 assertam
1407 4909 1482 4954 oum
1499 4893 1605 4955 libera
1622 4895 1758 4970 pastura

959 4988 1121 5067 pecudum
1130 4988 1163 5050 et
1173 4992 1407 5065 porcorumln
1417 4989 1626 5053 Eboraoisira
1638 4993 1756 5052 eccles.

960 5087 1001 5148 de
1025 5086 1213 5164 Hapoltune
1233 5103 1307 5148 cum
1332 5089 1475 5150 ecclesia
1500 5089 1757 5167 Haymundesby

960 5186 993 5246 et
1018 5182 1170 5246 omnihus
1194 5200 1309 5246 earum
1335 5186 1557 5261 pertinentiis.
1589 5187 1756 5248 Praeterea

959 5282 1135 5343 ecclesiam
1148 5282 1188 5343 de
1201 5283 1404 5360 Tynemube,
1413 5284 1531 5345 cellam
1544 5285 1756 5362 deBynhanr,

960 5379 1077 5441 cellam
1097 5380 1137 5442 de
1152 5380 1416 5458 Wymundbam,
1428 5381 1546 5442 cellam
1567 5382 1607 5443 de
1621 5385 1757 5446 Walin-

959 5475 1042 5550 iord,
1058 5477 1175 5540 cellam
1191 5477 1231 5538 de
1245 5481 1396 5550 Benwer,
1412 5478 1531 5540 cellam
1546 5480 1588 5542 de
1603 5483 1755 5548 Hertord

960 5575 1079 5637 cellam
1104 5575 1143 5637 de
1165 5575 1258 5636 Bello
1284 5578 1382 5646 Loco,
1400 5576 1518 5638 cellam
1534 5579 1574 5641 de
1590 5579 1754 5650 llethleld,

1601 5819 1617 5872 ὃ
