3946 6304
278 289 340 354 eos
893 287 1068 352 uououu
1090 287 1136 348 111
1157 288 1304 352 oruata.
1864 289 1914 350 eol

277 449 335 512 uel
355 445 521 511 retinendi
544 446 742 512 auctoritate
766 445 892 510 sanctae
916 448 1075 510 Romanae
1131 461 1218 510 cere.
1247 447 1451 525 Quicumque
1474 457 1555 510 sane
1583 447 1618 508 in
1649 447 1760 510 vestro
1789 447 1918 524 collegio
1963 441 1964 464 ¹

245 531 263 552 ‘
281 547 439 610 Ecclesiae
451 545 619 608 licentiam
639 543 801 608 habeatis.
824 544 859 608 Si
879 558 958 606 vero
974 543 1076 621 aliqui
1131 544 1365 621 suscipientur,
1391 543 1606 608 stabilitatem
1629 544 1706 616 loci,
1734 546 1918 606 conversio-

280 643 399 706 horum
413 645 487 720 post
501 642 621 704 factam
634 640 874 719 professionem
888 641 1077 703 turbatores
1131 657 1208 706 nem
1224 657 1354 705 morum
1371 657 1473 720 seque
1487 643 1688 705 militaturos
1703 643 1844 704 Domino
1857 643 1918 704 die-

279 743 400 804 uestrae
426 739 599 816 religionis
627 739 685 802 aut
712 738 830 800 domus
853 738 979 801 fuerint
1005 737 1077 800 for·
1131 739 1193 800 bus
1207 740 1285 802 vitae
1301 755 1370 802 suae
1388 739 1449 802 sub
1469 739 1657 802 obedientia
1677 739 1832 816 magistri
1852 757 1917 801 res-

278 839 380 904 tassis
395 837 533 908 inventi,
552 835 759 900 liceatvobis
775 851 832 897 eos
856 851 930 898 cum
952 835 1077 897 saniori
1131 837 1186 910 tri,
1216 837 1323 913 posito
1357 837 1480 914 scripto
1507 852 1609 913 super
1637 837 1758 908 altare,
1798 837 1833 897 in
1864 854 1915 913 quo

279 937 373 1013 parte
392 934 530 1011 capituli
549 949 703 996 amovere
717 933 864 1011 ipsisque
883 932 1077 996 transeundi
1132 935 1365 998 contineantur
1387 936 1462 1002 ista,
1484 935 1689 1013 promittant.
1713 935 1915 996 Decernimus

279 1033 321 1099 ad
336 1032 439 1094 alium
456 1031 618 1104 ordinem,
633 1029 688 1092 ubi
710 1031 890 1092 secundum
914 1033 1016 1092 Deum
1032 1031 1078 1092 vi·
1133 1047 1223 1107 ergo,
1238 1033 1275 1094 ut
1288 1035 1477 1110 receptores
1488 1033 1674 1094 uestrarum
1685 1030 1916 1093 fraternitatum

278 1145 357 1195 vere
380 1129 485 1192 velint
508 1130 541 1190 et
563 1128 709 1200 valeant,
738 1128 823 1192 dare·
842 1128 1022 1200 licentiam,
1046 1127 1079 1190 et
1133 1129 1203 1190 sire
1231 1129 1456 1204 collectarum,
1487 1130 1582 1191 salvo
1609 1133 1687 1207 jure
1722 1129 1916 1190 dominorum

279 1227 353 1291 loco
374 1227 523 1302 ipsorum
545 1225 629 1288 alios
649 1225 785 1288 idoneos
805 1224 996 1301 subrogare,
1022 1225 1077 1301 qui
1133 1242 1281 1298 suorum,
1297 1226 1431 1290 inbeeti
1446 1228 1535 1288 Petri
1552 1228 1710 1289 etnostra
1724 1227 1918 1303 protectione
1963 1215 1964 1262 3

279 1325 379 1388 etiam
394 1324 494 1386 unius
508 1323 589 1385 anni
610 1323 716 1400 spatio
737 1323 773 1384 in
791 1325 905 1384 vestra
920 1322 1078 1387 societate
1133 1324 1316 1386 consistant
1335 1326 1369 1386 et
1383 1339 1465 1400 pace
1484 1325 1644 1393 interris,
1661 1323 1785 1400 quibus
1800 1322 1917 1394 fuerint
1963 1359 1964 1394 ,

279 1421 471 1499 probentur,
489 1435 593 1498 eoque
613 1421 759 1497 peracto,
778 1420 807 1479 si
827 1435 941 1480 eorum
956 1433 1080 1494 exego·
1133 1420 1313 1497 poliantur.
1339 1420 1450 1482 Simili
1472 1435 1603 1498 quoque
1625 1419 1724 1482 modo
1753 1419 1917 1490 sancimus,
1963 1411 1964 1474 3

279 1520 348 1582 rint
374 1533 482 1582 mores
508 1520 541 1582 et
564 1517 663 1579 utiles
689 1517 813 1580 fuerint
836 1517 878 1580 ad
903 1517 1078 1580 servitium
1133 1519 1170 1580 ut
1181 1519 1245 1590 nis,
1263 1518 1319 1596 qui
1334 1517 1459 1580 fuerint
1473 1518 1509 1580 in
1523 1518 1635 1580 uestra
1651 1516 1865 1580 fraternitate
1876 1533 1920 1578 re·

280 1617 396 1680 domus
411 1618 535 1680 uestras
548 1615 685 1688 inuenti,
707 1617 786 1678 tunc
803 1613 935 1678 demum
949 1613 1080 1692 profes·
1134 1615 1220 1692 cepti
1249 1615 1309 1688 ita,
1335 1615 1421 1692 quod
1450 1615 1559 1678 ordini
1584 1617 1695 1678 vestro
1721 1615 1834 1676 adbuc
1857 1631 1918 1675 ma-

280 1713 408 1778 stonem
427 1711 552 1776 faciant
568 1713 767 1788 regularem,
793 1713 1021 1789 promittentes
1043 1729 1079 1774 se
1133 1713 1251 1774 nantes
1265 1714 1301 1774 in
1316 1713 1429 1776 seculo
1450 1713 1517 1775 sint
1535 1712 1649 1784 oblati,
1671 1712 1801 1774 mutato
1819 1711 1917 1774 babitu

279 1810 481 1888 regulariter
495 1810 608 1872 vivere
623 1826 662 1872 ao
677 1809 838 1887 magistro
855 1809 989 1886 proprio
1005 1809 1079 1872 obe·
1134 1809 1279 1872 seculari
1292 1811 1344 1872 vel
1359 1809 1454 1872 vobis
1470 1809 1665 1874 interrivos
1680 1809 1838 1872 dederint
1847 1809 1918 1870 bona
1963 1837 1964 1874 t

281 1908 364 1982 dire,
398 1908 445 1972 ita
475 1910 587 1969 tamen
613 1907 700 1985 quod
734 1907 885 1968 eumdem
909 1907 1078 1970 vobiscum
1134 1923 1194 1970 sua
1210 1908 1339 1970 retento
1354 1907 1418 1970 sibi
1433 1907 1592 1985 quamdiu
1607 1908 1641 1968 in
1657 1907 1775 1970 seculo
1789 1907 1918 1968 vixerint
1963 1887 1964 1956 l

281 2005 406 2068 uictum
425 2003 571 2068 babeant
592 2005 625 2066 ct
647 2005 802 2066 vestitum
821 2019 952 2066 necnon
971 2004 1080 2067 lectis·
1134 2006 1318 2076 usufructu,
1342 2005 1371 2066 si
1391 2004 1505 2068 forsan
1525 2005 1677 2068 ecclesias
1696 2004 1739 2066 ad
1756 2019 1838 2084 qrras
1852 2019 1917 2080 per·

279 2102 400 2174 ternis,
415 2101 629 2178 hocexoepto
645 2101 730 2177 quod
749 2102 865 2166 clausa
879 2101 1079 2164 vestimenta
1133 2104 1242 2166 tinent
1271 2117 1291 2164 a
1319 2103 1434 2164 divino
1459 2101 1584 2164 fuerint
1607 2101 1718 2164 officio
1747 2101 1916 2164 interdicta

280 2199 470 2278 portabunt,
486 2200 549 2262 Sed
572 2214 632 2263 neo
651 2199 734 2276 ipsis
754 2198 854 2262 liceat
875 2199 917 2262 de
932 2200 1078 2276 capitulo
1134 2201 1291 2276 ipsosque
1313 2200 1398 2262 morl
1417 2199 1603 2276 contigerit,
1628 2199 1804 2276 sepultura
1825 2199 1918 2260 eccle·

282 2298 335 2359 vel
351 2313 431 2362 cura
450 2295 567 2358 domus
583 2297 702 2358 uestrae
718 2312 755 2360 se
769 2299 894 2358 temere
908 2297 1078 2359 intromit-
1135 2298 1270 2360 siastica
1285 2313 1351 2358 non
1366 2298 1506 2372 negetur
1524 2295 1612 2373 apud
1626 2298 1758 2360 vestras
1778 2297 1832 2358 rel
1845 2296 1917 2358 alio·
1963 2289 1964 2346 ἐ

284 2397 367 2463 tere,
393 2393 461 2455 nisi
481 2395 640 2470 qnantum
664 2393 765 2456 fuerit
787 2394 838 2455 eis
862 2409 881 2454 a
908 2394 1001 2456 uobis
1022 2394 1080 2456 in-
1134 2411 1208 2460 rum
1227 2411 1294 2476 pon
1313 2393 1507 2456 interdictas
1529 2393 1700 2465 ecclesias,
1722 2393 1843 2471 quibus
1863 2395 1919 2454 ele-

281 2491 445 2569 J'unctum.
1134 2492 1244 2568 gerini
1278 2491 1424 2568 sepeliri,
1460 2491 1526 2552 nisi
1561 2491 1841 2554 excommunicati
1873 2492 1915 2550 uel

323 2589 490 2652 Praeterea
523 2587 607 2650 nulli
629 2603 781 2664 personae
812 2589 908 2652 extra
932 2589 1079 2652 uestrum
1135 2590 1330 2652 nominatim
1352 2588 1477 2650 fuerint
1495 2587 1678 2663 interdictu
1702 2588 1791 2650 tales
1804 2603 1917 2665 quoque

283 2685 464 2763 capitulum
487 2685 556 2747 sint
579 2685 731 2764 subjecti,
747 2685 883 2762 tibique,
904 2685 1023 2749 dilecte
1044 2686 1079 2748 in
1134 2685 1329 2757 confratres,
1347 2686 1376 2748 si
1395 2700 1453 2748 eos
1472 2685 1690 2748 ecclesiarum
1714 2685 1845 2763 praelati
1863 2700 1916 2744 oon

284 2783 425 2846 Domino
440 2784 487 2846 fili
502 2783 670 2858 magister,
686 2783 818 2860 tuisque
833 2783 1079 2846 suecessoribus
1135 2783 1347 2860 permiserint
1373 2783 1460 2860 apud
1485 2799 1563 2844 suas
1594 2783 1758 2844 ecclesias
1787 2781 1916 2858 sepeliri,

199 2887 202 2890 ’
284 2881 444 2960 tanquam
463 2881 621 2956 magistro
636 2895 675 2942 ac
697 2881 834 2957 praelato
850 2897 910 2942 suo
930 2880 1080 2943 deferant
1134 2880 1222 2956 apud
1237 2883 1366 2943 vestras
1388 2880 1548 2942 ecclesias
1572 2879 1702 2942 deferre
1725 2879 1859 2956 possitis
1877 2881 1919 2938 tu-

288 2980 471 3042 secundum
491 2978 594 3040 vestri
616 2977 743 3040 ordinis
768 2978 931 3042 instituta.
955 2980 1080 3042 Conse-
1134 2977 1320 3040 mutandos.
1337 2977 1514 3048 Praeterea,
1533 2977 1562 3038 si
1577 2977 1635 3054 qui
1649 2976 1793 3039 matrum
1811 2979 1918 3038 vestro
1963 3013 1964 3026 ,

286 3077 452 3140 orationes
478 3091 557 3137 vero
580 3075 735 3137 altarium
759 3091 818 3138 seu
850 3074 1077 3147 basilicarum,
1133 3091 1207 3136 rum
1232 3073 1272 3136 ad
1297 3074 1524 3151 recipiendum
1548 3073 1682 3136 easdem
1706 3073 1916 3136 fraternitates

284 3173 510 3234 ordinationes
525 3171 734 3243 clericorum,
751 3173 807 3248 qui
827 3173 869 3236 ad
890 3188 1003 3236 sacros
1018 3188 1079 3236 or·
1134 3173 1188 3234 uel
1201 3171 1360 3234 collectas
1375 3187 1395 3232 a
1408 3171 1504 3232 uobis
1519 3171 1613 3234 missi
1627 3171 1755 3234 fuerint
1769 3173 1804 3232 in
1816 3186 1916 3247 quam-

282 3270 379 3332 dines
394 3269 517 3334 fuerint
537 3269 763 3346 promovendi,
780 3271 814 3331 et
832 3271 954 3334 caetera
968 3270 1079 3332 eccle-
1135 3267 1215 3331 libet
1247 3267 1426 3339 civitatem,
1464 3268 1610 3330 castrum
1649 3268 1702 3328 vel
1740 3266 1915 3338 aillamis

283 3367 419 3429 siastica
430 3367 637 3430 sacramenta
650 3381 670 3426 a
681 3366 878 3429 dioecesanis
891 3367 1079 3444 suscipietis
1134 3365 1249 3426 eadem
1264 3365 1410 3436 civitate,
1427 3366 1537 3428 castro
1549 3365 1602 3426 vel
1624 3363 1704 3426 vilia
1719 3381 1790 3428 una
1805 3366 1913 3426 tantm

282 3463 458 3540 episcopis,
498 3463 660 3540 siqrndem
703 3463 860 3525 catholici
893 3463 1017 3527 fuerint
1047 3467 1081 3528 et
1134 3462 1277 3526 ecclesia
1302 3462 1408 3538 ipsius
1428 3460 1555 3523 ordinis
1578 3460 1737 3524 fratribus
1762 3463 1798 3524 in
1819 3475 1914 3522 eorum

282 3559 425 3636 gratiam
441 3561 541 3637 atque
553 3559 818 3622 communionem
834 3560 929 3622 Sedis
943 3563 1080 3637 Aposto-
1130 3559 1279 3637 jucundo
1299 3558 1444 3621 adventu
1461 3559 1563 3620 semel
1585 3560 1759 3635 aperiatur
1783 3559 1816 3620 in
1832 3572 1913 3623 anno,

284 3657 360 3720 licae
374 3656 553 3720 habuerint
565 3658 598 3718 et
611 3672 650 3718 ea
665 3657 770 3732 gratis
783 3659 815 3718 et
829 3656 954 3734 absque
967 3659 1081 3736 pravi·
1134 3659 1170 3719 ut
1188 3657 1334 3728 exclusis
1358 3656 1654 3720 excommunicatis
1680 3659 1716 3718 et
1735 3655 1914 3717 nominatim
1963 3707 1964 3712 ,

284 3753 352 3814 tate
367 3753 479 3830 aliqua
494 3751 588 3816 uobis
608 3751 775 3814 voluerint
788 3752 966 3828 exhibere3
990 3754 1079 3816 alio·
1134 3753 1320 3818 interdictis
1331 3753 1447 3816 diuina
1455 3752 1578 3818 ibidem
1588 3751 1699 3823 officia
1709 3753 1911 3816 celebrantur.

283 3848 362 3926 quin
383 3849 482 3910 liccat
503 3847 597 3910 vobis
616 3848 820 3912 catholicum
841 3865 1079 3926 quemcumque
1174 3849 1532 3922 salutassemus
1550 3850 1634 3912 nulli
1652 3850 1912 3928 episcopoinec·
1963 3837 1964 3894 l

283 3945 570 4008 malueritisadire
579 3945 772 4016 antiststem,
784 3946 841 4022 qui
853 3949 969 4010 nostra
978 3945 1080 4010 fultus
1134 3947 1247 4011 clesiis
1265 3947 1361 4008 uobis
1385 3948 1526 4024 utroque
1544 3949 1622 4024 jure
1642 3946 1802 4024 subjectis
1821 3947 1912 4006 inter·

283 4043 481 4108 auctoritate
507 4041 594 4118 quod
622 4041 810 4116 postulatur
837 4042 1017 4118 impendat.
1044 4043 1079 4106 Si
1134 4044 1213 4111 dicti
1229 4045 1282 4108 uel
1298 4044 1656 4108 excommunicationis
1671 4045 1864 4106 sententiam
1877 4041 1911 4100 li-

284 4138 416 4215 quando
430 4151 510 4198 vero
522 4137 596 4200 loca
611 4137 742 4200 deserta
755 4137 880 4203 fuerint
895 4140 1001 4202 eidem
1016 4157 1078 4204 ve·
1135 4143 1209 4204 ceat
1223 4142 1451 4218 promulgar03
1474 4144 1719 4209 verumtamen,
1733 4142 1763 4204 si
1778 4138 1912 4217 generale

280 4235 423 4297 nerabili
438 4235 550 4299 domui
565 4233 606 4298 ab
621 4235 734 4312 aliquo
749 4235 803 4313 pia
818 4235 995 4300 deuotione
1009 4237 1081 4300 col·
1134 4239 1347 4304 interdictum
1363 4241 1461 4302 terra
1483 4237 1583 4303 fuerit
1604 4238 1639 4300 in
1660 4239 1743 4301 locis
1764 4240 1832 4302 illis
1844 4251 1909 4314 pro·

279 4333 358 4405 lata,
387 4332 488 4394 liceat
512 4331 607 4408 uobis
631 4330 757 4396 ibidem
779 4332 947 4397 aedificare
967 4334 1078 4407 uillas,
1134 4335 1247 4406 latum,
1272 4336 1418 4398 exclusis
1444 4335 1740 4400 excommunicatis
1765 4339 1800 4400 et
1820 4331 1909 4396 nomi·

281 4429 443 4492 ecclesias
466 4429 499 4492 et
520 4431 711 4492 ommateria
736 4429 778 4492 ad
801 4445 884 4506 opus
909 4431 1079 4496 bominum
1134 4433 1238 4494 natim
1254 4432 1450 4506 interdictis,
1472 4433 1597 4496 clausis
1611 4433 1727 4510 januis
1741 4429 1908 4512 absquesi-
1963 4445 1964 4492 t

279 4525 403 4590 ibidem
421 4527 627 4590 manentium
649 4525 826 4600 fabricare,
847 4528 894 4590 ita
914 4529 1025 4592 umen
1044 4531 1081 4592 ut
1133 4545 1274 4608 gnorum
1316 4530 1505 4607 pulsatione
1542 4530 1639 4607 plene
1676 4530 1791 4594 divitia
1819 4527 1907 4592 officia

273 4619 316 4686 in
331 4623 389 4685 illa
402 4625 527 4686 vicinia
543 4623 675 4688 abbatia
698 4625 751 4686 vel
769 4625 1003 4702 religiosorum
1022 4627 1078 4690 vi·
1134 4627 1319 4690 celebretis.
1336 4627 1551 4690 Decernimus
1574 4628 1713 4706 insuper
1734 4626 1907 4692 auctoritate
1963 4639 1964 4706 l

280 4737 393 4782 rorum
410 4721 588 4798 collegium
606 4737 673 4784 uon
692 4723 824 4794 existat,
841 4739 926 4800 qum,
947 4722 988 4787 ob
1004 4725 1079 4795 boc,
1132 4725 1334 4802 Apostolica
1348 4727 1395 4796 ut,
1416 4724 1504 4802 apud
1524 4741 1765 4803 quemcumque
1782 4727 1906 4788 locorum
1963 4709 1964 4768 l

280 4818 393 4881 valeat
409 4818 609 4896 perturbari.
627 4821 708 4882 Cum
731 4821 840 4882 autem
863 4821 960 4886 terrae
982 4822 1078 4886 cultae
1132 4839 1192 4886 uos
1206 4823 1322 4886 venire
1337 4823 1524 4900 eontigerit,
1542 4821 1583 4884 ab
1595 4821 1747 4886 honestis
1759 4826 1850 4900 alque
1862 4835 1905 4880 ca·

278 4915 374 4979 robis
390 4915 638 4995 quolibetjusto
660 4917 759 4980 titulo
780 4917 1002 4990 conferentur,
1022 4917 1077 4980 fa·
1132 4919 1266 4982 tbolicis
1280 4919 1507 4988 sacerdotibus
1524 4920 1723 4996 postremam
1743 4919 1904 4982 unctionem
1963 4911 1964 5000 ᾖ

281 5014 438 5080 cultatem
461 5015 494 5076 et
517 5013 686 5078 licentiam
714 5013 865 5077 habeatis
890 5015 1013 5079 ibidem
1036 5017 1077 5078 ad
1133 5033 1192 5080 seu
1214 5016 1369 5094 qualibet
1387 5017 1455 5078 alia
1474 5017 1703 5080 ecclesiastica
1723 5016 1904 5080 sacramenta
1963 5039 1964 5078 r

282 5127 365 5189 opus
378 5112 623 5174 transeuntium
636 5117 796 5174 eteorum
810 5113 949 5186 tantum,
966 5115 1022 5192 qui
1038 5114 1079 5176 de
1132 5114 1226 5178 uobis
1246 5113 1416 5190 suscipere
1436 5113 1546 5185 liceat,
1570 5115 1712 5178 neforto
1731 5114 1773 5178 ad
1790 5125 1903 5192 percep-
1963 5107 1964 5198 ξ

281 5223 397 5272 mensa
410 5211 521 5271 vestra
541 5207 676 5281 fuerint,
700 5209 914 5272 construendi
931 5211 1078 5276 oratoria
1131 5213 1255 5280 donem
1270 5210 1494 5289 spiritualium
1513 5211 1676 5274 bonorum
1693 5211 1814 5290 aliquid
1830 5205 1903 5270 uobis
1963 5209 1964 5248 f

280 5309 314 5368 ct
328 5307 518 5370 coemeteria
532 5306 694 5382 faciendi;
711 5310 761 5370 est
775 5307 863 5369 enim
877 5307 1036 5370 indecens
1045 5309 1080 5372 at
1132 5309 1226 5372 desit.
1255 5309 1339 5380 Quia
1364 5323 1445 5370 uera
1473 5323 1588 5370 omnes
1620 5324 1722 5371 unum
1756 5321 1857 5372 sumus
1878 5302 1903 5360 iu

234 5437 237 5453 ·
280 5403 430 5480 periculo
454 5404 643 5482 proximum
676 5405 874 5476 animarum,
900 5405 1094 5490 religiosos
1132 5406 1263 5470 Christo
1280 5407 1314 5468 et
1342 5421 1408 5468 non
1430 5407 1482 5469 est
1502 5421 1723 5482 personarum
1743 5399 1902 5468 differentia
1963 5435 1964 5450 2

278 5502 400 5562 fratres
413 5503 589 5564 occasione
601 5501 760 5568 adeunda
773 5501 972 5566 ecclesiaese
987 5503 1078 5566 viro-
1132 5503 1219 5580 apud
1244 5505 1360 5575 Deum,
1384 5505 1453 5564 tam
1486 5502 1696 5566 remissionis
1720 5503 1902 5580 messurum

278 5599 475 5660 rum-turbis
494 5601 527 5660 et
544 5599 723 5660 mulierum
738 5597 933 5675 frequentiae
947 5597 1077 5662 im'mis-
1132 5617 1230 5678 quam
1251 5601 1390 5663 alterius
1411 5600 1639 5664 benenceutiss
1663 5603 1762 5678 atque
1783 5597 1900 5674 aposto·
