3962 6308
693 280 920 341 EPISTOLAE.
946 279 1022 340 LIB.
1047 280 1084 340 V.

326 465 640 556 caxantur·

18 623 19 696 3
95 602 137 660 ld
152 601 269 660 Omrrm
290 603 584 675 archiepiscopum
607 603 834 676 Upsotensem.

356 713 389 770 31
403 713 464 786 jan.
478 714 558 772 liii.

225 819 372 883 [Liljeqrcm
384 819 493 870 Sveuskt
504 819 579 884 dipl,
594 819 614 878 l,
627 819 695 884 m]

18 977 19 984 ,
78 924 179 984 dandas
196 933 229 982 ut
251 925 403 1000 diligenter
423 925 539 999 colligat
560 926 727 984 vicesimam
754 932 782 984 et
800 925 854 984 alia

18 987 20 1098 J
102 1015 231 1072 Eccissiae
247 1016 384 1072 Romane
405 1014 500 1072 debita
522 1021 552 1072 et
571 1015 664 1073 miliat
685 1030 736 1087 per
758 1015 856 1072 fideles

18 1183 20 1200 .
101 1103 218 1172 nuutios,
235 1103 281 1160 vel
297 1105 425 1176 assignet
441 1104 584 1162 Luu'densi
598 1103 822 1177 archiepiscopo.

18 1213 20 1252 i

18 1317 19 1328 r

18 1349 20 1368 i

104 1221 268 1280 Honorius
280 1220 466 1298 episcopus,
476 1235 773 1284 serrusservorum
782 1221 852 1293 liei,

76 1319 140 1378 tileo
150 1317 405 1394 archiepiscopo
418 1319 604 1396 Upsalensi.

104 1415 314 1476 Fraternitati
335 1417 400 1476 tuae
423 1416 637 1490 praesentium
657 1413 854 1476 auctoritaie

18 1583 19 1586 Ἴ
75 1511 282 1586 praecipiendo
316 1512 522 1582 mandamus,
546 1514 708 1589 quatenus
727 1511 853 1573 vicesi-

18 1593 19 1628 ³
75 1625 144 1668 ruam
181 1608 488 1672 ecclesiasticorum
523 1611 757 1686 proventuum,
792 1623 854 1670 uec

18 1779 19 1804 χ
74 1721 125 1764 ron
137 1709 167 1768 et
179 1722 319 1768 censum
336 1706 377 1768 de
390 1707 509 1768 Suesia
524 1706 681 1770 Ecclesiae
696 1710 853 1769 Romanae

76 1803 203 1864 debitum
229 1805 392 1880 colligens
409 1804 597 1880 diligenter,
618 1806 685 1866 tam
701 1821 739 1866 ea
756 1819 852 1882 quam

75 1900 126 1960 alia
149 1901 246 1962 nobis
274 1902 303 1962 si
325 1902 495 1963 commode
515 1903 639 1978 poteris
658 1918 718 1980 per
740 1901 853 1962 ddeles

18 2073 19 2078 ἵ
74 1999 190 2060 nuntios
216 1999 354 2061 studeas
375 1999 552 2062 destinare.
576 1999 732 2076 Alioquin
752 2015 854 2060 vene-

18 2115 19 2170 f
75 2095 154 2156 rabili
177 2096 278 2158 tratri
298 2097 462 2169 nostro...,
480 2096 647 2158 Lundensi
661 2096 852 2172 archiepis-

18 2251 19 2256 ,
75 2209 149 2268 copo,
166 2193 312 2255 fideliter
335 2194 509 2269 assignare
528 2209 698 2270 procures,
714 2194 852 2271 quanti·

18 2323 19 2356 r
74 2291 155 2350 nram
183 2305 303 2350 eorum
327 2289 424 2353 nobis
450 2290 592 2353 fideliter
617 2290 850 2366 rescripturus.

18 2419 19 2450 2
75 2387 172 2446 batum
186 2387 358 2458 Laterani,
371 2389 400 2448 11
409 2387 569 2448 kalendas
584 2385 756 2457 februarii,
769 2401 853 2464 pou-

75 2483 200 2546 iiiicatus
213 2484 323 2544 nostri
335 2499 423 2546 anno
437 2485 563 2561 quinio.

348 2689 567 2774 OEfflfflffl

18 2771 19 2836 ἕ
75 2823 114 2878 ad
134 2823 273 2883 abbates
288 2823 408 2884 Sancti
431 2823 599 2885 Vinceniit
626 2822 792 2883 Maiensis
819 2822 852 2884 ei

103 2922 137 2979 cie
157 2922 279 2986 Viiers,
303 2920 337 2980 ei
351 2922 397 2982 od
411 2924 571 2994 priorem
592 2923 633 2982 de
652 2923 760 2982 Viiers
777 2922 854 2980 Me-

105 3016 204 3078 ieasis
223 3019 393 3078 diaecesis.

362 3128 460 3187 liebr.
475 3131 554 3189 liri.

98 3233 203 3298 thasra,
214 3235 263 3286 lib.
274 3235 306 3294 V,
323 3235 398 3299 epist.
410 3235 463 3284 tii.
473 3237 531 3285 idas.
544 3237 580 3285 La
591 3235 667 3286 Porta
677 3234 712 3285 du
725 3235 818 3300 Thell]

76 3340 182 3413 injungit
193 3342 237 3398 eis
252 3350 285 3398 ut
300 3341 465 3398 mandatum
480 3343 675 3414 Apostolicum
687 3341 852 3400 daviviano

100 3427 192 3486 clerico
211 3431 242 3486 in
260 3427 382 3486 ecclesia
404 3429 524 3488 liciensi
544 3427 727 3501 providendo,
746 3443 849 3486 execu-

100 3517 160 3572 tioni
173 3516 236 3574 dari
252 3515 432 3589 provideant.

18 3615 19 3630 ²
104 3633 853 3706 mmmmmfflmmmp

75 3731 156 3791 rentii
174 3734 312 3803 Meton,
332 3733 365 3792 et
383 3730 424 3792 de
445 3732 555 3792 Vilers
579 3731 764 3803 abbatibus,
782 3733 849 3793 et...

78 3827 163 3900 priori
179 3821 219 3890 de
230 3829 355 3900 Vilers,
372 3830 492 3890 blaten.
509 3829 673 3890 dioecesis.

106 3927 300 4003 scripsimus
319 3924 398 3987 olim
406 3925 539 3987 dilectis
554 3926 644 3998 liliis,
656 3926 777 3988 Meton.
795 3943 852 3987 ca-

77 4020 172 4096 pitulo,
189 4026 226 4086 ut
245 4022 403 4084 dilectum
428 4023 533 4084 filium
554 4022 731 4084 vivianum
752 4024 852 4084 cleri-

79 4131 134 4178 cum
148 4121 337 4196 reciperent
351 4120 386 4180 in
401 4121 597 4181 canonicum
608 4121 641 4181 et
651 4122 687 4181 in
702 4121 849 4192 tratrem,

78 4229 106 4274 ac
116 4217 239 4278 demum
256 4215 367 4278 abbati
390 4218 502 4279 Sancti
518 4217 704 4289 Michaelis,
720 4220 753 4280 et
767 4233 850 4278 con-

75 4312 221 4383 judicibus
234 4317 310 4390 ajus
324 4315 477 4375 dedimus
490 4315 525 4375 in
540 4316 717 4387 mandatis,
738 4316 774 4376 ut
793 4331 851 4376 eos

78 4409 107 4467 ai
126 4412 154 4471 id
179 4413 407 4474 ecclesiastica
435 4412 641 4474 districtione
669 4412 850 4489 compelle·

78 4511 144 4580 rent,
156 4510 222 4571 uisi
238 4510 323 4570 torte
339 4509 465 4586 aliquid
479 4509 674 4571 canonicum
690 4510 848 4572 obviaret.

79 4603 200 4683 Cumque
212 4623 329 4669 eorum
338 4607 420 4684 ipsis
433 4606 549 4668 suisset
560 4607 683 4669 diutius
692 4608 851 4683 discepta-

79 4701 277 4772 lum‚demum
289 4704 419 4766 dilectis
429 4703 506 4765 tiliis
516 4704 705 4780 primicerio
714 4707 848 4776 blaten,

79 4801 103 4856 st
124 4801 256 4874 praelato
282 4800 403 4862 clerico
430 4801 563 4877 propter
589 4801 710 4862 hocin
737 4803 850 4862 nostra

80 4899 234 4964 praeseutia
263 4897 451 4960 constitutis
482 4899 530 4958 sic
561 4897 716 4958 duximus
738 4899 852 4975 provi·

81 4987 850 5071 deudum,utvidelicetidemcapitulumquiude·

81 5085 128 5147 rim
144 5091 243 5152 libras
260 5091 524 5169 provenientium
539 5092 688 5153 Franciae
702 5092 766 5168 ipsi
778 5091 850 5152 cle-

81 5183 135 5245 rico
144 5188 288 5250 conferat
296 5189 479 5260 annuatim,
488 5204 659 5265 quousque
670 5187 733 5249 sibi
744 5187 852 5264 provi·

82 5277 148 5343 derit
158 5285 190 5346 in
204 5286 414 5362 aequivalenti
430 5285 656 5346 ecclesiastico
675 5285 848 5356 beneficio,

82 5378 121 5436 rel
131 5383 251 5458 majori,
264 5398 364 5460 super
379 5383 567 5459 receptione
580 5381 753 5459 praelatum
765 5381 852 5459 capi·

82 5471 164 5536 iulum
176 5479 395 5542 absolventes.
407 5480 551 5556 ideoque
566 5480 759 5542 discretioni
774 5495 852 5540 ves-

84 5570 128 5631 trae
140 5591 192 5650 per
204 5576 391 5653 apostolica
408 5577 531 5653 scripta
548 5577 752 5648 mandamus,
768 5593 852 5654 qua-

1642 281 1701 342 sal

909 438 1007 500 tanus
1028 438 1112 514 quod
1135 453 1235 514 super
1249 438 1303 500 his
1322 452 1342 498 a
1361 437 1456 498 nohis
1478 437 1528 500 est
1549 437 1703 515 aequitate

910 535 1071 596 suadente
1092 535 1260 612 provisum
1282 534 1414 597 faciatis
1426 535 1566 596 tirmiter
1588 535 1705 596 ohser-

909 633 992 692 vari.
1002 631 1269 694 contradictores
1280 632 1308 692 si
1319 631 1375 708 qui
1387 631 1513 692 tuerint
1523 633 1704 694 monitione

909 729 1081 806 praemissa
1101 744 1161 806 per
1179 745 1353 790 censuram
1368 729 1628 790 ecclesiasticam
1643 745 1704 806 ap-

910 827 1090 904 pellatione
1104 826 1286 904 postposita
1297 827 1555 902 compescentes.
1568 825 1658 896 Quod
1673 825 1702 886 si

910 940 978 986 nou
997 939 1122 994 omues,
1140 925 1202 984 etc.
1224 925 1342 984 Datum
1357 924 1524 993 Laterani,
1540 923 1701 984 kalendas

909 1020 1082 1092 februarii,
1100 1020 1310 1096 pontificatus
1323 1019 1429 1082 nostri
1451 1035 1537 1080 anuo
1553 1019 1679 1096 quinte.

1242 1215 1371 1301 CCXL

1022 1349 1073 1407 Aci
1088 1347 1307 1408 eutichetem
1321 1349 1591 1422 dirosteasem

1150 1447 1457 1519 archiepiscopum.

1214 1562 1311 1621 tsebr.
1326 1565 1405 1623 liii.

1047 1668 1152 1733 [Longa
1163 1669 1229 1734 [iipl.
1242 1669 1417 1734 Norvsqisum,
1428 1671 1469 1728 vi,
1478 1684 1497 1730 r,
1509 1669 1560 1734 l7.]

908 1773 1043 1833 Concedit
1063 1776 1207 1832 licentiam
1229 1775 1265 1834 ab
1288 1778 1583 1835 excommunicatione
1604 1775 1697 1836 absol·

944 1863 1026 1919 vendi
1035 1863 1113 1936 juxta
1122 1863 1242 1921 sormam
1253 1866 1388 1922 Ecclesia
1400 1881 1450 1924 eos
1460 1865 1508 1938 qui
1516 1880 1572 1923 uon
1581 1870 1700 1938 possent

943 1950 979 2008 ad
993 1951 1096 2009 Sedent
1111 1953 1304 2025 apostolicam
1318 1953 1406 2010 adire.

947 2070 1612 2146 Honoriusepiscopus,servussarvorum
1621 2071 1692 2140 Dei,

907 2166 1090 2228 venerabili
1116 2167 1248 2228 fratri...
1270 2168 1488 2244 Nydrosiensi
1504 2167 1694 2246 archiepis-¹

907 2278 1000 2338 copo,
1023 2263 1174 2336 salutem,
1191 2265 1253 2326 etc.

946 2362 992 2420 De
1011 2360 1216 2423 subditorum
1244 2361 1377 2422 tuorum
1403 2362 1511 2422 salute
1533 2362 1697 2424 sollicitus

907 2457 1111 2534 supplicasti,
1121 2458 1158 2519 ut
1172 2473 1247 2518 cum
1262 2458 1414 2520 nonnulli
1429 2473 1543 2520 eorum
1558 2475 1618 2536 pro
1630 2459 1699 2520 vio-

906 2553 996 2616 lanta
1005 2555 1698 2632 manuuminjectionasententiamexcom·

907 2652 1141 2715 municationis
1151 2653 1363 2724 incurrerint,
1371 2654 1404 2714 et
1418 2652 1551 2730 propter
1563 2652 1698 2728 longin-

906 2750 1064 2824 quitatem
1088 2750 1150 2811 viae
1174 2750 1227 2812 vel
1253 2751 1491 2826 paupertatem,
1512 2765 1571 2810 seu
1597 2749 1697 2810 etiam

906 2845 1062 2907 duritiam
1077 2862 1182 2918 suam,
1195 2847 1238 2907 ad
1256 2847 1480 2924 apostolicam
1497 2847 1614 2908 sedem
1630 2861 1697 2908 non

906 2943 1042 3004 veniant
1072 2944 1292 3006 absolutionis
1322 2943 1518 3006 beneficium
1547 2943 1696 3020 petituri,
1780 3006 1782 3017 ⁴

906 3041 962 3100 sed
980 3041 1128 3118 plerique
1144 3042 1180 3102 in
1200 3041 1577 3102 excommunicationem
1593 3041 1694 3101 deee-

906 3137 995 3210 dant,
1028 3153 1129 3216 super
1163 3137 1225 3198 boc
1244 3138 1418 3214 providere
1438 3137 1698 3199 misericorditer

906 3233 1130 3309 dignaremur.
1144 3233 1303 3295 volentes
1329 3233 1431 3310 igitur
1451 3249 1565 3294 eorum
1585 3233 1699 3309 provi-

906 3331 984 3391 dere
1013 3331 1125 3404 saluti,
1164 3331 1378 3409 praesentium
1403 3330 1464 3392 tibi
1500 3329 1697 3392 auctoritate

906 3428 1129 3500 concedimus,
1147 3430 1182 3490 ut
1203 3427 1324 3490 talibus
1340 3429 1511 3506 postquam
1522 3427 1629 3504 passis
1641 3427 1698 3487 in-

902 3525 1026 3601 iuriam
1040 3524 1261 3586 satisfecerint
1279 3527 1512 3602 competenter,
1527 3523 1698 3601 impendas

902 3624 998 3698 juxta
1012 3622 1151 3683 sormam
1165 3622 1323 3684 Ecclesiae
1336 3621 1555 3684 absolutionis
1569 3620 1698 3683 benefl-

906 3717 1699 3794 ciumvicenostra,nislforsanaliquorumesset

905 3814 988 3876 adeo
1002 3815 1114 3890 gravis
1134 3816 1167 3876 et
1181 3814 1326 3876 enormis
1347 3829 1514 3886 excessua,
1532 3813 1616 3890 quod
1628 3829 1699 3872 me·

905 3912 969 3973 rito
992 3913 1104 3972 essent
1127 3909 1168 3971 ad
1197 3910 1315 3972 Sedsm
1343 3909 1567 3988 apostolicam
1595 3908 1700 3970 dasii-

906 4007 1018 4069 nandi.
1033 4010 1151 4068 Datum
1166 4007 1333 4078 Laterani,
1346 4005 1506 4068 kalendas
1522 4003 1696 4077 februarii,

907 4105 1116 4182 pontificatus
1125 4103 1231 4166 nostri
1242 4089 1334 4166 anno
1350 4103 1476 4182 quinto.

1229 4316 1377 4404 ccxli

925 4461 977 4519 Ad
996 4461 1190 4533 episcopum
1205 4458 1239 4520 ei
1253 4458 1439 4532 captiuium
1456 4457 1677 4519 catalaunen.

1200 4571 1218 4628 3
1232 4568 1303 4627 tebr.
1319 4570 1398 4627 liii.

938 4686 1058 4750 [Repest.‚
1068 4683 1114 4734 lib.
1125 4685 1157 4743 V,
1170 4685 1245 4749 epist.
1257 4684 1313 4734 ios.
1324 4685 1381 4734 liss.
1395 4686 1431 4735 La
1442 4683 1518 4734 Porta
1528 4683 1563 4734 du
1573 4683 1667 4750 Thalli

905 4791 1038 4864 Praecipit
1050 4792 1092 4848 eis
1107 4798 1137 4848 ut
1150 4793 1294 4864 hogerum
1309 4791 1445 4849 clericum
1460 4791 1697 4851 catalaunensem

940 4895 998 4936 nou
1020 4879 1151 4936 obstante
1174 4879 1250 4951 quod
1265 4895 1316 4952 pro
1327 4880 1390 4937 aliis
1405 4879 1490 4937 scribi
1507 4881 1654 4953 potuisset,
1669 4879 1697 4936 iu

938 4969 1108 5024 canonicum
1124 4975 1152 5024 et
1164 4965 1279 5024 tratrem
1295 4969 1443 5041 recipiant.

944 5085 1120 5156 Honorius
1138 5085 1212 5146 etc..
1232 5083 1417 5146 venerabili
1432 5084 1528 5146 tratri
1543 5084 1698 5161 episcopo
1778 5099 1781 5107 “

905 5182 937 5242 et
956 5174 1086 5242 dilectis
1102 5182 1191 5254 tiliis,
1208 5181 1353 5258 capitulo
1368 5183 1584 5243 catalaunen.

946 5279 980 5340 Si
996 5279 1035 5340 de
1048 5279 1239 5355 provisione
1260 5278 1393 5344 illorum
1410 5279 1544 5340 solliciti
1560 5278 1616 5356 qui
1633 5281 1697 5342 ad-

905 5377 1021 5453 scripti
1041 5375 1189 5437 elericali
1205 5375 1333 5437 militiae
1353 5375 1482 5436 nullum
1496 5376 1573 5437 suut
1590 5376 1698 5438 adhuc

905 5473 1167 5534 ecclesiasticum
1189 5473 1386 5534 beneficium
1406 5473 1561 5544 assecuti,
1578 5489 1648 5544 voe,
1665 5476 1698 5535 et

905 5571 989 5632 alios
998 5571 1213 5632 ecclesiarum
1226 5571 1395 5632 ministros
1405 5571 1445 5632 ad
1457 5569 1489 5630 id
1499 5570 1697 5646 apostolicis
