3978 6292
292 255 352 314 375
907 256 1082 316 IlONORII
1105 253 1150 316 111
1171 255 1318 317 OPERA.
1716 321 1720 330 ,
1874 261 1924 318 376

293 414 390 477 candi
404 416 436 477 et
450 415 573 477 auditis
597 415 771 476 hincinde
794 413 981 490 propositis,
1000 413 1085 490 quod
1142 413 1271 486 dilatat,
1288 415 1324 476 ut
1347 429 1420 476 cum
1446 429 1482 476 se
1506 413 1717 492 consumptos
1733 416 1920 492 putaverint,
1972 479 1973 490 ,

293 511 490 574 canonicum
510 510 620 584 fuerit,
644 510 866 589 appellatione
890 510 1085 587 postposita,
1143 511 1233 573 velut
1248 511 1382 574 Lucifer
1397 511 1558 574 oriantur.
1575 514 1658 574 Ecce
1672 511 1706 572 in
1722 529 1836 574 eorum
1863 531 1924 574 na·
1972 495 1973 590 l

292 607 458 679 statuatis,
490 607 648 669 facientes
675 609 761 684 quod
789 606 1004 668 decreveritis
1029 621 1088 684 per
1143 606 1240 670 nibus
1257 609 1324 672 tam
1341 607 1539 670 mirabiliter
1553 623 1650 686 quam
1677 609 1923 672 misericorditer

294 719 470 764 censuram
484 703 742 764 ecclesiasticam
755 703 1085 763 firmiterobservuri.
1142 705 1342 767 antedictam
1381 705 1518 767 tradidit
1552 706 1735 779 civitatem,
1761 723 1829 768 non
1853 709 1923 768 solis
1972 689 1973 772 l

294 801 409 862 Testes
424 801 545 872 autem,
561 801 622 862 etc.
640 799 750 861 Nullis
773 800 893 861 litteris
906 800 1038 860 veritati
1055 800 1088 860 et
1143 802 1320 874 thesauris,
1333 803 1389 863 sed
1405 803 1504 866 etiam
1518 803 1728 874 victualibus,
1744 803 1843 879 longe
1861 805 1924 881 plus
1972 819 1973 880 i

291 896 739 974 justitiaepraejudicontibus
757 912 776 956 a
793 896 877 958 Sede
899 897 1086 972 apostolica
1143 915 1200 975 spe
1232 915 1273 962 eo
1308 899 1463 977 opinione
1495 901 1665 978 repletam.
1692 903 1731 962 nt
1763 905 1801 962 ut
1835 902 1922 979 nujus

294 994 515 1071 impetratis...
541 995 632 1066 Quod
662 995 690 1055 si
713 1011 779 1056 non
808 993 1089 1054 omnesiisexse-
1142 997 1191 1057 rei
1220 996 1361 1072 gloriam
1393 997 1564 1059 evidenter
1587 997 1714 1060 nomini
1738 1013 1800 1059 suo
1829 999 1922 1072 daret,

296 1090 445 1168 quendis,
469 1093 530 1152 etc.
548 1093 666 1154 Datum
691 1093 803 1154 Romae
826 1091 912 1167 apud
930 1091 1087 1152 Sanctum
1143 1092 1254 1154 nullus
1281 1093 1538 1156 christianorum
1561 1094 1854 1172 ineiusoaptione
1873 1097 1921 1156 in·
1972 1083 1973 1164 ζ

295 1188 428 1249 Petrum
456 1190 485 1248 ll
507 1189 667 1251 kalendas
689 1187 854 1266 januarii,
876 1187 1087 1266 pontificatus
1142 1191 1250 1264 teriit,
1276 1193 1334 1252 aut
1364 1191 1465 1254 etiam
1494 1193 1617 1254 lethale
1639 1193 1761 1254 vulnus
1791 1195 1920 1270 excepit,

296 1287 402 1348 nostri
421 1287 649 1364 annoquarto.
1021 1295 1024 1302 '
1142 1287 1228 1350 sicut
1254 1289 1498 1353 venerabilium
1521 1289 1659 1352 fratrum
1684 1293 1872 1352 uestrorum
1891 1294 1921 1352 P.
1972 1335 1973 1338 ,

1142 1383 1341 1448 albanensis
1364 1387 1512 1465 episcopi
1538 1387 1736 1466 apostolice
1765 1387 1860 1448 Sedis
1882 1387 1926 1448 le-

611 1437 776 1524 LXXIII
1142 1483 1221 1558 gati,
1250 1487 1345 1562 cujus
1383 1485 1567 1546 ministerio
1603 1488 1689 1546 Deus
1722 1485 1922 1562 potissimum
1972 1489 1973 1582 l

294 1571 346 1630 Ad
365 1571 546 1632 uniuersos
566 1573 738 1646 episcopos
761 1586 828 1645 per
853 1573 1088 1632 Tureacnsem
1143 1581 1191 1642 nti
1217 1582 1323 1644 vninit
1350 1582 1385 1644 in
1398 1581 1461 1648 1100
1476 1582 1573 1655 finio,
1589 1597 1716 1644 necnon
1730 1582 1923 1659 patriarcnae
1972 1585 1973 1672 p

469 1667 907 1742 provinciomcenstttutos.
1142 1679 1451 1756 ierosolymitaniet
1461 1681 1550 1757 regis
1562 1683 1595 1742 et
1605 1681 1745 1742 fratrum
1758 1679 1921 1757 hospitalis
1972 1679 1973 1768 l

615 1821 672 1838 .....
687 1781 766 1838 lilii.
1142 1777 1175 1837 et
1189 1775 1315 1852 templi,
1331 1792 1370 1838 ac
1385 1778 1502 1839 domus
1517 1779 1785 1846 Teutonicorum,
1802 1783 1919 1842 Jeroso·
1972 1770 1973 1865 l

420 1885 550 1949 [uertere
566 1885 687 1950 implica.
702 1885 817 1944 miles,
830 1886 862 1946 v,
880 1885 962 1950 lton]
1143 1873 1241 1950 lymis
1267 1873 1386 1936 litterae
1418 1875 1514 1936 nobis
1538 1876 1650 1936 missae
1677 1876 1805 1952 liquido
1826 1877 1920 1936 mani·

298 1983 391 2054 liogat
410 1989 441 2039 ut
461 1982 498 2040 ad
526 1981 743 2040 subventionem
772 1985 914 2042 exercitus
941 1983 1090 2040 christiani
1142 1968 1279 2042 festam,
1300 1972 1337 2033 ut
1357 1972 1531 2034 manifeste
1563 1972 1667 2034 divini
1691 1973 1818 2034 favoris
1838 1973 1920 2034 laelil-

302 2125 303 2132 ,
332 2071 361 2126 in
380 2073 465 2128 Terre
486 2071 588 2130 Sancta
612 2071 770 2141 intendant,
788 2071 935 2144 lectasque
950 2087 965 2128 a
983 2071 1086 2144 princi·
1143 2069 1258 2128 rentur
1292 2069 1325 2130 et
1346 2068 1613 2131 confortarentur
1652 2069 1803 2142 indicio,
1832 2086 1919 2146 quum

330 2157 723 2234 pioiodulgentiasinnovet.
835 2229 839 2243 f
1143 2163 1298 2226 timerent
1337 2181 1380 2226 ue
1414 2163 1493 2243 ipsis
1518 2167 1685 2228 civitatem
1716 2167 1918 2238 intrantibus,
1972 2177 1973 2214 l

336 2268 601 2340 nederusen,
619 2269 786 2330 universis
798 2269 962 2346 episcopis
978 2268 1088 2329 fideii.
1143 2260 1361 2324 circumstans
1371 2264 1630 2324 sarracenorum
1642 2265 1811 2325 exercitus
1824 2265 1918 2326 castra

296 2362 359 2434 bus
368 2367 657 2440 perTuronensem
668 2365 873 2442 provinciam
887 2366 1085 2438 constitutis„
1142 2358 1315 2421 invaderet
1335 2360 1544 2433 eorumdem,
1571 2361 1693 2422 flumen
1715 2361 1830 2423 divino
1852 2363 1919 2422 nillil

298 2459 439 2522 salutem
455 2463 488 2522 et.
501 2461 717 2538 apostolicum
731 2462 1007 2524 benedictionem.
1143 2454 1225 2517 adeo
1237 2456 1409 2518 inundavit
1424 2457 1533 2519 subito
1549 2459 1585 2520 ut
1596 2459 1842 2520 inaccessibilia
1852 2459 1918 2520 red-

335 2558 469 2620 Exultat
482 2559 667 2623 innomine
683 2574 818 2621 suorum
831 2559 927 2622 turba
940 2560 1086 2621 fidelium
1142 2552 1263 2614 diderit
1290 2555 1399 2615 castra
1434 2554 1539 2631 ipsa:
1568 2556 1601 2616 et
1628 2553 1805 2618 manifeste
1830 2555 1920 2632 patuit

299 2655 332 2716 et
355 2655 404 2716 eis
425 2671 538 2718 vocem
562 2655 815 2729 benedictionis,
840 2656 1024 2732 gratiarnm
1054 2658 1088 2718 et
1143 2649 1228 2725 quod
1240 2665 1299 2725 pro
1311 2651 1517 2712 Christicolis
1530 2651 1644 2713 contra
1658 2651 1846 2714 insensatos
1856 2653 1918 2730 ipsa

297 2750 407 2814 laudis
427 2752 615 2826 laetabunda
641 2769 870 2831 prorumpens
887 2769 962 2814 cum
984 2770 1086 2830 apos·
1143 2745 1305 2808 elementa
1338 2749 1543 2826 pugnarent,
1574 2748 1723 2826 pluribus
1763 2749 1918 2812 miraculis

296 2847 364 2909 tolo
387 2849 501 2912 dicat:
525 2851 730 2916 Benedictus
743 2855 846 2922 Dens,
863 2849 937 2922 ein„
954 2855 1012 2924 qni
1025 2865 1088 2912 nos
1142 2841 1218 2903 aliis
1237 2842 1283 2903 ibi
1308 2842 1415 2916 factis,
1430 2861 1503 2924 quae
1525 2845 1658 2922 longum
1672 2849 1762 2908 esset
1783 2863 1841 2926 per
1862 2847 1919 2906 siu-

297 2947 335 3006 in
363 2950 457 3008 omni
488 2948 705 3010 tribulatione
743 2950 949 3010 consumtor.
980 2948 1087 3008 Nimis
1142 2939 1219 3016 gula
1244 2954 1413 3002 enarrari·
1435 2941 1574 3005 Psallile
1598 2959 1677 3018 01'80
1706 2945 1775 3006 DeO
1808 2945 1916 3014 1108trb

297 3042 427 3120 quidem
439 3044 537 3105 natus
547 3045 671 3108 estsibi
681 3044 755 3117 soli,
766 3045 865 3106 nimis
881 3046 1026 3108 intentus
1038 3045 1089 3106 est
1142 3037 1273 3112 psallite
1286 3039 1435 3115 :psallite
1446 3039 1590 3117 quidem,
1601 3041 1657 3101 sed
1672 3041 1787 3118 utique
1800 3041 1917 3118 sallien-

298 3139 451 3215 propriis,
466 3141 566 3202 nimis
579 3141 719 3216 negligit
733 3157 939 3202 communem
952 3157 1087 3201 causam
1141 3139 1203 3209 ter,
1218 3153 1283 3198 non
1299 3137 1443 3198 elatione
1458 3137 1586 3210 tumidi,
1604 3139 1661 3199 sed
1677 3139 1862 3200 bumilitate
1875 3139 1919 3197 de·

297 3237 409 3312 populi
422 3236 607 3308 christiani,
620 3238 675 3314 qui
686 3237 802 3301 diebus
815 3239 939 3300 nostris
954 3239 988 3298 in
1001 3253 1088 3298 men·
1142 3235 1220 3306 voti,
1235 3237 1509 3310 recognoscentes
1524 3236 1703 3312 prudenter
1717 3237 1751 3298 et
1765 3236 1919 3296 humiliter

296 3333 340 3394 tis
363 3334 517 3408 augustia
540 3337 574 3396 et
595 3335 810 3396 tribulatione
831 3351 898 3398 non
922 3335 1086 3407 fuit,cu1n
1142 3332 1346 3404 confitentes,
1365 3333 1451 3410 quod
1477 3347 1674 3394 normanus
1697 3333 1852 3404 humana,
1872 3331 1917 3392 sed

296 3429 397 3491 sciret
410 3431 628 3491 christianum
644 3433 826 3498 exercitum
843 3433 1009 3496 civitatem
1028 3435 1088 3494 Da·
1142 3429 1299 3490 Dominus
1316 3427 1394 3491 fecit
1411 3430 1482 3491 llaec
1498 3431 1621 3499 omnia,
1636 3433 1672 3492 ut
1687 3431 1742 3508 qui
1759 3429 1917 3508 gloriatur,

298 3526 408 3588 miatae
422 3542 576 3602 magnam
589 3528 622 3590 et
637 3529 893 3590 munitissimum
905 3529 1085 3601 obsedisse,
1141 3527 1175 3588 in
1198 3527 1337 3588 Domino
1353 3519 1526 3614 glorietur,
1544 3527 1642 3606 eique
1665 3528 1784 3590 laudes
1799 3530 1830 3589 et
1849 3542 1916 3602 gra·

296 3623 1086 3702 inipsoquasimediopaganismi,ubiafidelibus
1142 3623 1217 3696 tias,
1232 3623 1329 3685 factis
1345 3640 1403 3702 per
1419 3625 1551 3702 singula
1566 3627 1751 3702 opportuna
1773 3626 1843 3687 loca
1860 3639 1918 3700 pro·

296 3719 372 3782 aliis
386 3723 478 3784 tanto
492 3724 707 3794 terrarnmet
721 3725 824 3786 maris
838 3724 1014 3787 intervallo
1029 3725 1085 3785 di·
1142 3721 1357 3794 cessionibus,
1376 3721 1569 3784 solemniter
1589 3723 1812 3784 exsolventes.
1828 3725 1917 3782 Porro

295 3817 398 3890 visus,
421 3821 454 3882 ot
463 3819 509 3880 ab
525 3820 714 3883 infidelibus
740 3823 886 3896 exomni
908 3823 977 3884 fere
994 3823 1086 3898 parte
1142 3835 1215 3880 cum
1233 3818 1391 3880 Dominus
1413 3817 1530 3881 fecerit
1550 3819 1721 3881 nobiscum
1747 3821 1872 3896 signum
1889 3817 1914 3876 in

295 3915 852 3988 circumdatua,uontamobsidens
874 3919 939 3981 dici
958 3921 1087 3996 poterat
1141 3915 1275 3988 bouum,
1293 3931 1367 3977 cum
1383 3918 1510 3978 tantum
1529 3915 1624 3978 nobis
1647 3917 1771 3978 ostium
1792 3915 1916 3993 aperuit,

296 4027 395 4090 quam
416 4013 581 4076 obsessus.
598 4017 699 4092 cujus
723 4018 869 4078 vestrum
891 4018 1022 4078 animus
1044 4015 1085 4078 ud
1141 4011 1300 4090 numquid
1322 4011 1488 4075 deerimus
1500 4013 1617 4090 gratiae
1630 4030 1724 4074 suam
1740 4015 1834 4076 nobis
1849 4013 1917 4073 dex-

296 4107 431 4170 dubium
450 4125 516 4171 nou
534 4111 699 4186 pendebat
715 4114 750 4172 et
761 4112 908 4188 pavebat
919 4114 1084 4184 eventum,
1142 4109 1247 4170 teram
1263 4109 1475 4186 porrigentis,
1488 4111 1545 4189 qui
1564 4127 1691 4172 memor
1705 4113 1757 4173 est
1772 4113 1916 4188 imprope-

296 4221 363 4268 non
384 4207 450 4268 tam
468 4223 529 4284 pro
549 4207 756 4283 singulorum
777 4209 886 4270 salute
909 4209 1084 4282 sollicitus,
1142 4206 1267 4268 riorum
1280 4221 1428 4280 suorum,
1441 4223 1515 4285 quae
1526 4207 1635 4269 sunta
1653 4208 1844 4278 sarracenis
1854 4205 1917 4267 insi·

296 4320 394 4381 quam
410 4320 469 4382 pro
484 4305 641 4367 universo
655 4307 818 4377 exercitu,
835 4322 948 4382 speao
968 4307 1086 4368 timore
1141 4302 1386 4379 pientibustota
1399 4303 1464 4376 die,
1474 4319 1659 4380 exsurgens
1669 4306 1821 4381 judicare
1835 4301 1916 4378 coepii

295 4401 494 4474 alternante,
521 4405 723 4478 suspensusi
753 4406 854 4464 Immo
884 4403 1084 4480 quisipsius
1141 4415 1276 4460 causam
1292 4415 1385 4460 suam
1408 4401 1442 4462 et
1463 4402 1617 4462 inimicos
1639 4417 1718 4464 suos
1739 4401 1914 4464 terribiliter

187 4507 191 4515 ·
295 4513 361 4558 nou
381 4497 637 4561 obliviscebatur
656 4501 838 4563 exercitusi
852 4501 932 4573 Quis
947 4503 1018 4576 ejus
1031 4515 1087 4562 re-
1141 4496 1329 4572 dissiparet
1358 4498 1454 4558 Nunc
1478 4500 1578 4570 certe,
1608 4515 1696 4560 nunc
1723 4501 1848 4576 tempus
1875 4496 1913 4556 est
1972 4575 1973 4578 Ἴ

295 4595 495 4658 cordabetur
521 4597 673 4673 periculi,
704 4614 854 4674 pensansv
876 4597 936 4658 sub
963 4598 1085 4673 quarite
1141 4594 1182 4654 de
1197 4609 1313 4654 somno
1329 4595 1473 4672 torporis
1487 4611 1680 4672 exsurgere,
1695 4613 1786 4658 nunc
1799 4606 1914 4657 uerene
1972 4581 1973 4650 l

297 4694 400 4754 staret
412 4693 614 4765 discrimine,
628 4710 769 4770 quamve
789 4695 880 4757 tenui
896 4694 951 4754 illo
962 4692 1086 4770 pende·
1141 4693 1192 4752 est
1206 4690 1478 4754 athletisuostris
1496 4692 1715 4754 existentibus
1727 4693 1775 4756 ibi
1793 4704 1913 4770 succur-

295 4792 346 4852 ret
361 4790 469 4850 bonor
490 4791 590 4851 totius
605 4792 719 4868 populi
734 4792 922 4854 christianii
933 4790 1085 4852 Profecto
1141 4803 1216 4848 rere
1242 4786 1453 4860 festinanter,
1469 4791 1502 4850 et
1524 4790 1710 4852 idololatris
1723 4807 1754 4852 ¹a
1777 4790 1831 4852 Dei
1847 4785 1913 4848 facie

295 4887 330 4948 in
342 4903 382 4949 eo
394 4888 563 4950 eratstatu
574 4903 629 4948 res
640 4888 759 4964 posita,
772 4889 807 4950 ut
820 4887 1085 4950 idemexercitus
1141 4885 1359 4960 fugientibus,
1376 4887 1443 4948 tote
1468 4889 1600 4958 conatu,
1618 4889 1696 4950 tetis
1714 4889 1845 4956 viribus,
1858 4883 1912 4945 toto

294 4984 335 5046 de
358 4985 487 5046 viribus
516 4987 585 5046 suis
605 4988 676 5062 jam
704 4985 839 5046 omnino
861 4985 1036 5058 diffideret,
1054 4986 1087 5046 et
1141 4997 1239 5058 posse
1268 4998 1380 5046 rerum
1401 4987 1434 5044 et
1456 4999 1674 5060 personarum
1700 4985 1833 5052 instare,
1851 4982 1912 5042 dun

294 5083 718 5159 menormagnaliumquae
734 5081 847 5143 divina
863 5083 1007 5158 potentie
1025 5097 1086 5159 pro
1141 5080 1268 5142 recenti
1295 5079 1406 5142 adbuc
1439 5081 1578 5144 vvvlnere
1599 5082 1776 5159 trepidant,
1790 5082 1859 5145 dun
1879 5091 1912 5136 ex

294 5179 447 5241 fidelibus
470 5182 540 5242 suis
565 5181 676 5241 facere
700 5179 889 5250 consuevit,
915 5180 955 5240 de
978 5179 1085 5256 ipsius
1141 5178 1293 5254 captione
1316 5179 1462 5245 civitatis
1488 5178 1667 5255 praedictae,
1691 5195 1764 5256 quae
1784 5173 1913 5254 caputet

295 5278 366 5338 sola
381 5279 596 5341 miseratione
609 5279 769 5353 speraret.
786 5277 963 5353 Undeipse
976 5277 1086 5355 quide
1141 5275 1243 5336 robur
1264 5276 1403 5354 AEgypti
1430 5274 1555 5348 fuerat„
1572 5277 1785 5348 consternati,
1804 5273 1910 5336 nullum
1972 5309 1973 5366 ἶ

295 5389 354 5434 sua
374 5378 546 5450 sperantes
572 5373 803 5436 misericordia
827 5390 894 5435 nou
914 5373 1084 5452 relinquit,
1141 5372 1249 5433 lecum
1260 5372 1323 5432 sibi
1334 5373 1449 5435 contra
1458 5373 1732 5446 Christianorum,
1745 5373 1839 5434 immo
1852 5381 1911 5430 con·
1972 5369 1973 5456 l

295 5472 351 5550 qui
367 5488 469 5550 prope
490 5474 542 5536 est
566 5471 719 5536 omuibus
734 5471 1014 5534 invocantibusin
1030 5487 1088 5534 ve-
1141 5471 1192 5531 tro
1218 5469 1341 5532 Christi
1367 5470 1550 5548 potentiam
1579 5471 1684 5534 tutum
1712 5471 1831 5548 putant.
1859 5469 1912 5526 lle·
1972 5477 1973 5514 l

295 5570 395 5632 ritate
422 5585 541 5631 nomen
570 5570 654 5646 eius,
685 5568 740 5644 qui
768 5584 845 5630 suos
873 5568 1087 5632 tribulatione
1142 5568 1242 5645 nique
1258 5582 1435 5644 numquam
1449 5566 1671 5630 subventione
1684 5567 1823 5646 amplius
1835 5561 1908 5625 iudi-
