3952 6350
288 337 348 398 707
906 339 1081 403 HONORII
1104 341 1148 402 111
1170 341 1317 402 OPERA.

290 495 442 558 omnibus
461 495 640 570 desistatis,
654 497 687 560 et
705 499 834 560 vestros
858 498 1006 560 subditos
1021 515 1082 576 ap-

288 593 468 670 pellatione
483 595 609 658 remota
629 594 669 656 ab
684 595 799 656 eadem
811 593 971 658 desistere
984 612 1078 658 corn-

288 691 432 767 pellaiis.
449 693 566 754 Datum
582 693 801 765 Laterani‚Vl
815 693 891 756 idus
907 692 1078 766 februarii,

288 787 498 865 pontificatus
524 791 628 852 nostri
650 805 739 852 anno
752 791 878 867 quinto.

588 1013 776 1102 CCLVIII

572 1158 624 1216 Ad
637 1159 782 1218 eosdem.

581 1277 599 1336 8
616 1275 686 1335 febr.
703 1278 781 1336 laal.

466 1391 602 1455 [Strehlkc,
613 1393 630 1444 1.
642 1407 674 1452 e.,
689 1407 714 1457 p.
726 1391 781 1451 art,
793 1407 818 1442 ιι.
832 1393 899 1457 337]

286 1499 384 1556 Monet
395 1499 536 1572 prelatos,
551 1507 580 1558 ut
596 1502 719 1558 excitent
735 1500 853 1574 populos
868 1493 904 1556 ad
920 1497 1078 1556 subsidium

304 1586 340 1644 de
350 1586 433 1645 bonis
442 1603 544 1646 eorum
551 1588 642 1646 ordini
653 1589 827 1647 'theutonico
837 1589 893 1646 cito
904 1585 1062 1644 terendum.

326 1713 494 1775 Honorius
505 1715 689 1792 episcopus,
700 1729 815 1776 servus
827 1729 998 1774 servorum
1007 1713 1076 1785 Dei,

285 1810 534 1872 uenerabilibus
567 1811 724 1873 iratribus
762 1811 1022 1889 archiepiscopis
1047 1813 1080 1874 et

283 1908 464 1985 episeopis,
480 1910 542 1970 etc.

326 2007 443 2068 Gravis
456 2006 514 2067 illa
529 2006 562 2067 et
583 2007 681 2067 nimis
701 2005 843 2068 dolenda
856 2005 966 2078 ruina,
980 2021 1078 2083 quam

281 2102 398 2165 dilecti
409 2103 469 2164 lilii
486 2103 605 2164 iratres
621 2103 802 2180 Hospitalis
817 2105 947 2166 Sanctae
962 2103 1077 2166 Mariae

285 2201 565 2262 theutonicorum
582 2202 873 2280 Hierosolymitani
887 2217 947 2278 pro
961 2201 1078 2262 deien-

282 2299 379 2359 sione
407 2297 482 2358 fidei
515 2297 706 2360 christianae
739 2299 854 2360 diebus
887 2299 1077 2360 novissimis

285 2395 504 2472 pertulerunt,
533 2395 627 2456 illum
643 2395 739 2458 debet
752 2393 834 2473 ipsis
847 2397 957 2458 etsuis
968 2396 1076 2459 domi-

284 2489 347 2553 bus
373 2492 407 2552 in
427 2492 533 2554 oeulis
552 2493 700 2554 omnium
721 2495 900 2570 impetrare
916 2493 1075 2565 savorem,

285 2589 322 2650 ut
347 2589 388 2650 ad
412 2603 526 2650 eorum
546 2589 806 2652 consolationem
827 2593 860 2652 et
879 2590 1074 2661 remedium,

285 2689 353 2749 tam
384 2685 604 2764 importabilis
627 2687 750 2748 excidii
773 2687 983 2760 detrimento,
1012 2688 1076 2764 piae

285 2781 525 2857 compassionis
557 2781 753 2844 adhibendae
782 2783 928 2854 obtentu,
953 2783 1076 2858 singuli

285 2878 1076 2957 spontecurreredebeantpotius,quamaliorum

278 2977 459 3054 'expectent
486 2976 754 3054 suggestionibus
780 2977 926 3039 invitari.
951 2979 988 3038 ln
1013 2977 1076 3039 boe

284 3076 372 3137 enim
382 3075 524 3137 articulo
537 3091 597 3152 per
611 3075 830 3152 experimenti
845 3074 1076 3138 certitudinem

286 3173 471 3234 evidentius
496 3172 684 3249 apparebit,
709 3173 784 3249 quis
805 3173 913 3233 zelum
930 3173 990 3234 Dei
1012 3172 1076 3232 ba-

284 3267 371 3342 beat,
385 3269 459 3346 quis
472 3270 630 3348 injuriam
643 3270 756 3347 populi
772 3269 946 3332 christiani
962 3273 994 3332 et
1008 3271 1075 3331 mm

284 3381 420 3428 enorme
439 3367 612 3428 orientalis
631 3367 744 3452 populi
759 3366 993 3429 detrimentum
1015 3383 1075 3444 pro

284 3479 398 3526 amore
408 3463 539 3524 Domini
554 3465 587 3526 et
595 3464 672 3525 fidei
684 3464 876 3526 christianae
890 3465 1074 3526 constantia

284 3561 451 3622 desideret
475 3561 675 3637 propulsari.
703 3563 783 3622 Cum
803 3561 904 3637 igitur
926 3561 1074 3622 retribu-

283 3659 408 3720 tionem
432 3659 597 3736 largitatis
625 3661 784 3736 exoptare
813 3659 933 3721 divinae
958 3674 1075 3720 secura

283 3755 484 3818 confidentia
516 3757 638 3827 valeat,
679 3756 827 3834 quisquis
866 3757 933 3818 tam
963 3757 1075 3833 gravis

282 3854 491 3916 necessitatis
530 3851 672 3916 articulo
709 3854 876 3931 praedietae
902 3854 1013 3915 domui
1034 3854 1076 3915 ad

283 3949 367 4014 tanti
381 3951 640 4028 reparatorem
672 3951 862 4012 exterminii
892 3951 1075 4012 subsidium

282 4047 323 4110 de
337 4047 433 4110 bonis
447 4049 685 4124 temporalibus
707 4049 872 4111 studuerit
898 4048 1072 4125 impertiri,

283 4147 534 4208 universitatem
546 4147 691 4208 vestram
701 4147 913 4208 hortamurin
923 4147 1072 4220 Domino,

282 4259 440 4320 rogamus
455 4245 554 4306 etiam
564 4245 723 4306 attentius
736 4246 768 4306 et
783 4245 1076 4321 mandemusque·

282 4343 380 4404 tenus
415 4343 579 4422 subjectos
607 4343 719 4406 vestro
755 4343 910 4418 regimini
937 4344 1075 4420 populos

282 4441 445 4504 moneatis
471 4444 504 4503 ot
529 4456 587 4518 per
613 4442 856 4516 urgentissimae
877 4441 1074 4517 pulsationis

282 4539 476 4602 instantiam
492 4539 667 4609 inducatis
687 4539 773 4601 sicut
794 4539 867 4600 ileri
880 4554 975 4615 posse
987 4539 1075 4600 cele-

282 4638 354 4699 rius
369 4639 401 4699 et
416 4637 619 4700 commodius
630 4637 847 4712 cognoscetis
861 4639 897 4698 ut
909 4636 949 4698 ob
963 4653 1077 4715 pecca·

282 4736 393 4797 torum
407 4751 542 4796 suorum
552 4735 784 4796 remr'ssionem
794 4751 860 4796 non
873 4735 921 4795 eis
933 4736 1072 4806 tantum,

283 4833 342 4896 sed
355 4833 464 4909 potius
489 4833 699 4894 universitati
721 4832 894 4900 catholicae
918 4831 1074 4894 debonis

283 4931 455 5008 abisquae
475 4930 515 4991 de
535 4946 635 4991 manu
659 4931 764 4991 divini
785 4929 938 4991 beneficii
954 4947 1074 5006 perce·

283 5030 415 5105 perant,
432 5025 614 5088 subsidium
640 5043 707 5088 non
731 5027 886 5090 differant
902 5026 1071 5090 exhibere.

284 5122 449 5188 Resenim
471 5123 538 5186 tam
557 5123 705 5199 urgentis
727 5125 760 5186 et
777 5124 931 5185 immensi
951 5124 1074 5185 discri-

245 5274 247 5286 ,
283 5222 389 5284 minis
398 5237 525 5284 moram
540 5236 607 5281 non
622 5221 755 5297 patitur,
772 5221 828 5282 sed
842 5221 877 5280 in
890 5221 959 5284 ictu
972 5221 1072 5289 oculi,

283 5319 312 5380 si
332 5321 443 5396 posset
460 5318 544 5390 fleri,
562 5318 745 5380 remedium
765 5319 915 5394 exigeret
931 5319 1074 5382 festina-

283 5417 363 5479 tum.
392 5417 510 5478 Datum
534 5416 700 5488 Laterani,
722 5417 765 5476 Vl
791 5415 867 5476 idus
894 5415 1071 5488 februarii,

283 5512 494 5596 pontificatus
510 5513 614 5574 nostri
627 5528 714 5574 anno
726 5513 851 5590 quinto.

1460 507 1607 596 culix

1421 645 1472 703 Ad
1495 645 1641 704 eosdem.

1431 763 1533 822 Blebr.
1551 766 1629 821 ital.

1310 876 1444 942 [Strebllra
1459 879 1478 929 l.
1495 894 1526 938 c.‚
1540 894 1566 944 p.
1577 880 1632 936 315.
1645 894 1669 932 n.
1684 877 1751 944 358]

1188 982 1272 1042 lubet
1285 984 1393 1042 ordinis
1404 985 1570 1043 'lbeutoaiei
1586 985 1739 1044 violatores
1752 999 1865 1045 ausura
1971 961 1972 1034 Ῑ

1359 1074 1552 1132 ecelesiastica
1563 1075 1699 1132 coerceri.
1971 1066 1972 1078 ¹

1175 1191 1906 1270 Honoriusepiscopus,servasservorumbei,

1134 1288 1380 1349 venerabilibus
1414 1289 1573 1350 iratribus
1605 1290 1862 1367 archiepiscopis
1884 1293 1910 1353 et

1134 1387 1298 1462 episcopis
1320 1389 1353 1448 et
1376 1386 1486 1447 dilect
1464 1389 1507 1447 trs
1531 1387 1610 1447 liliis
1635 1386 1820 1460 abbatibus,
1840 1389 1910 1464 prio
1971 1387 1972 1432 l

1133 1483 1237 1554 ribus,
1254 1483 1511 1556 archidiaconis,
1529 1483 1908 1546 decanisetaliiseccle
1971 1435 1972 1518 I

1134 1579 1259 1640 starum
1282 1581 1442 1657 praelatis,
1459 1581 1500 1642 ad
1523 1597 1604 1657 quos
1627 1582 1746 1642 litterae
1765 1597 1910 1658 perteue·

1133 1676 1211 1748 rint,
1225 1677 1366 1738 salutem
1377 1680 1409 1739 et
1419 1678 1635 1754 apostolicam
1649 1677 1906 1740 benedictionem

1174 1775 1302 1845 Quanto
1317 1778 1425 1851 major
1447 1775 1488 1836 ab
1511 1775 1678 1836 universis
1697 1775 1757 1836 Dei
1774 1775 1908 1837 fidelibus

1133 1872 1331 1948 Apostolicae
1363 1873 1439 1933 Sedi
1468 1873 1656 1934 reverentia
1687 1872 1859 1935 exhibetur
1884 1878 1909 1934 et
1971 1889 1972 1964 ι

1133 1969 1257 2046 quanto
1285 1969 1326 2031 ab
1354 1970 1478 2031 eisdem
1509 1971 1734 2032 sacrosancte
1769 1973 1909 2032 Romane
1971 1967 1972 1970 ’

1134 2065 1289 2128 Ecclesiae
1305 2069 1338 2129 et
1352 2067 1446 2127 nobis
1461 2067 1544 2143 ipsis
1560 2067 1667 2128 bonor
1681 2069 1715 2128 et
1727 2069 1834 2144 majus
1846 2069 1909 2128 rin·

1133 2163 1242 2224 culum
1266 2164 1416 2224 caritatis
1442 2163 1592 2234 offertur,
1614 2165 1706 2224 tanto
1728 2165 1866 2240 amplius
1881 2165 1908 2223 in

1132 2275 1246 2322 eorum
1266 2263 1408 2322 tuitione
1425 2278 1485 2322 nos
1505 2263 1661 2324 convenit
1675 2277 1750 2323 esse
1766 2262 1909 2324 sollicitos

1132 2359 1909 2435 atque,exn0striauctoritateoiileii,deeorum-

1132 2456 1206 2516 dem
1230 2457 1428 2519 utilitatibus
1448 2458 1604 2520 atteutius
1629 2457 1777 2533 cogitare
1801 2458 1908 2518 ettam

1132 2553 1221 2630 ipsos
1241 2570 1339 2630 quam
1361 2569 1476 2616 eorum
1494 2554 1581 2616 bona
1596 2556 1770 2630 protegere
1789 2570 1809 2616 a
1825 2554 1911 2615 mali-

1132 2667 1271 2726 gnorum
1293 2652 1481 2712 incursibus
1503 2653 1535 2714 et
1559 2652 1697 2728 rapinis.
1722 2653 1801 2714 lllos
1815 2655 1910 2712 auten

1133 2750 1250 2809 summi
1278 2750 1490 2825 pontificatus
1511 2749 1657 2811 osticium
1685 2765 1747 2810 nos
1771 2750 1911 2810 admonet

1131 2849 1164 2908 et
1187 2845 1339 2908 bortatur
1364 2847 1399 2906 in
1423 2863 1484 2910 suo
1503 2849 1581 2924 jnre
1599 2846 1712 2908 fovere
1735 2846 1911 2922 specialiter

1132 2944 1263 3020 atquea
1283 2959 1461 3020 pravorum
1482 2945 1673 3006 incursione
1692 2943 1865 3005 defendere
1877 2958 1909 3003 ac

1131 3041 1228 3112 tueri,
1244 3056 1325 3118 quos
1339 3041 1373 3102 in
1388 3043 1524 3103 caritate
1535 3041 1701 3102 ferventes
1713 3040 1909 3117 agnoscimus

1132 3139 1164 3200 et
1178 3139 1212 3198 in
1228 3155 1328 3214 opere
1343 3139 1575 3215 perpendimus
1595 3139 1758 3200 elilcaces
1776 3137 1910 3210 Qualiter

1131 3237 1241 3296 autem
1257 3236 1369 3298 dilecti
1384 3237 1443 3297 lilii
1459 3237 1578 3298 iratres
1593 3236 1776 3313 Hospitalis
1791 3237 1909 3296 Sancte

1131 3334 1247 3394 Mariae
1261 3335 1538 3395 Tbeutonicorurn
1557 3334 1847 3411 Hierusolymitani
1859 3347 1910 3408 pa·

1130 3432 1252 3503 rentes,
1269 3432 1409 3507 patriam
1428 3435 1460 3492 et
1474 3432 1676 3508 propinquos
1691 3431 1813 3492 intuitu
1826 3431 1908 3491 aeter·

1131 3544 1248 3590 norum
1268 3529 1464 3606 reliquerint
1479 3531 1522 3602 et,
1535 3530 1677 3605 qualiter
1694 3530 1735 3590 de
1752 3529 1838 3592 terra
1857 3541 1908 3586 sua

1130 3627 1163 3686 et
1175 3627 1371 3702 cognatione
1387 3627 1523 3702 egressi,
1535 3627 1574 3686 ad
1590 3628 1713 3687 terram
1726 3625 1905 3691 virentium.

1129 3725 1252 3785 terram
1267 3723 1421 3786 videlicet
1433 3723 1676 3800 promissionis
1694 3737 1792 3800 quam
1804 3737 1907 3782 mons-

1129 3821 1230 3883 travit
1245 3823 1331 3882 Deus
1346 3821 1560 3896 diligentibus
1580 3835 1627 3890 se,
1644 3820 1774 3881 ardenti
1789 3817 1909 3880 deside·

1129 3917 1180 3978 rio
1196 3918 1228 3979 et
1251 3918 1393 3979 ferventi
1413 3918 1552 3980 caritate
1571 3918 1729 3994 aspirent,
1746 3916 1837 3978 vobis
1851 3929 1908 3975 non

1130 4015 1240 4076 exstat
1253 4015 1468 4092 incognitum,
1490 4030 1564 4075 curn
1589 4015 1747 4076 universo
1765 4012 1834 4075 orbi
1848 4011 1908 4072 iere

1130 4111 1173 4172 sit
1192 4111 1415 4172 manifestum.
1430 4111 1497 4188 Ipsi
1516 4111 1671 4172 nimirum
1687 4109 1829 4172 vivificae
1843 4123 1908 4170 cru·

1130 4209 1177 4270 eis
1189 4211 1330 4284 signum,
1345 4208 1386 4270 ad
1402 4209 1581 4285 ignitorum
1597 4213 1787 4286 serpentum
1800 4209 1834 4269 et
1848 4221 1908 4266 ma·

1129 4306 1294 4382 lignorum
1315 4307 1490 4382 spirituum
1503 4306 1743 4382 expulsionem,
1760 4307 1794 4369 et
1811 4303 1908 4366 delen·

1131 4403 1256 4463 sionem
1272 4403 1403 4474 animae,
1420 4404 1564 4464 etetiam
1578 4403 1739 4478 corporis,
1753 4403 1906 4480 portantes

1130 4501 1165 4561 in
1180 4501 1322 4577 pectore,
1337 4501 1543 4561 salvatorem
1563 4499 1677 4560 mundi
1693 4499 1869 4576 sequuntur
1881 4497 1908 4556 et
1971 4539 1972 4588 p

1130 4599 1356 4675 eleemosynas
1373 4615 1431 4676 per
1451 4597 1599 4660 diversas
1614 4597 1726 4673 partes
1743 4597 1830 4658 orbis
1843 4593 1905 4655 col·
1971 4589 1972 4678 t

1129 4695 1233 4772 ligere
1258 4697 1290 4756 et
1312 4695 1386 4756 illas
1415 4694 1455 4756 ad
1480 4698 1614 4766 terram,
1639 4710 1738 4771 quam
1763 4693 1905 4756 Dominus
1971 4681 1972 4690 ’

1129 4793 1348 4868 corporaliter
1368 4793 1526 4864 visitavit,
1552 4793 1593 4852 ad
1617 4808 1700 4868 opus
1725 4804 1902 4869 pauperum,

1129 4888 1340 4951 relectionem
1354 4890 1561 4950 intirmorum
1576 4905 1615 4952 ae
1635 4890 1769 4950 illorum
1785 4889 1904 4950 susten·
1971 4901 1972 4912 ι

1128 4987 1297 5058 tationem,
1313 4988 1369 5063 qui
1390 5003 1456 5048 non
1478 4986 1601 5049 babent
1623 4986 1678 5047 ubi
1696 4989 1796 5064 caput
1816 4983 1904 5046 recli-

1129 5085 1219 5156 nent,
1248 5083 1381 5146 student
1404 5084 1553 5160 diligent·
1545 5083 1658 5145 resima
1680 5083 1972 5161 transportare

1129 5182 1276 5254 Indeest,
1291 5182 1377 5260 quod
1392 5183 1459 5245 tam
1472 5181 1574 5243 fortes
1590 5175 1713 5242 Christi
1728 5177 1882 5243 athletas
1875 5191 1905 5236 ιιι

1129 5296 1189 5340 suo
1206 5281 1320 5341 sancto
1332 5280 1500 5357 preposito
1510 5279 1659 5341 volentes
1672 5279 1827 5340 attentius
1840 5289 1905 5336 oon-
1971 5265 1972 5320 l

1129 5375 1252 5448 fovere,
1267 5375 1308 5437 ad
1327 5375 1553 5438 defensionem
1577 5375 1769 5437 eorumdem
1794 5369 1904 5438 solliei—

1128 5475 1275 5536 tudinem
1288 5476 1431 5536 vestram
1444 5472 1598 5534 duximus
1613 5469 1901 5535 commendandam,
1971 5475 1972 5536 l

1130 5573 1166 5632 ut
1179 5572 1285 5647 magis
1298 5585 1337 5631 ac
1347 5571 1453 5646 magis
1467 5571 1594 5647 possint
1609 5570 1649 5630 ad
1662 5565 1902 5646 promovendum
1971 5541 1972 5576 ¹

1131 5667 1342 5744 propositum,
1371 5667 1456 5743 quod
1484 5667 1705 5742 sumpserunt,
1735 5663 1900 5726 intendere.
