4090 6316
278 389 317 446 ta
894 381 1079 444 nononis
1095 383 1139 446 lll
1160 385 1307 448 OPERA.
1893 388 1934 446 44

281 545 420 606 bairum
442 544 631 606 nostrorum
653 542 793 606 consilio
817 543 973 606 duximus
997 559 1080 604 con·
1121 545 1265 606 -reniam
1288 544 1456 621 natanti
1477 545 1576 626 juxta
1608 543 1749 608 formam
1779 544 1933 615 ecclesiae

281 641 494 709 firmandum,
530 657 591 719 per
614 639 803 718 Apostolica
831 640 926 702 vobis
955 640 1078 718 scripta
1133 656 1253 704 munus
1286 641 1424 706 mimus
1454 643 1671 710 absolutionis
1709 642 1871 719 impendi,
1899 645 1935 704 st

281 739 487 810 mandantes,
505 743 669 816 quatenus
684 737 791 800 eidem
807 737 911 800 electo
921 739 1078 817 tanquam
1125 751 1209 800 'cum
1220 740 1420 818 requirimus
1433 740 1473 806 ab
1487 757 1527 802 eo
1540 731 1601 802 sub
1614 739 1723 806 debito
1734 740 1930 818 juramenti,

280 837 404 912 pastori
434 837 619 898 animarum
641 839 826 899 vestrarum
857 837 1078 899 obedientiam
1133 839 1219 915 qnod
1241 839 1336 900 nobis
1358 839 1569 915 prestiterat,
1588 838 1707 902 ‘utrem
1731 839 1804 915 past
1825 838 1934 903 inter-

280 935 312 996 et
331 933 552 996 reverentiam
582 931 726 996 debitam
753 933 976 1012 impendatiS,
1005 935 1078 1012 ejus
1133 936 1256 998 dictum
1278 936 1379 1013 legati
1403 937 1563 1015 predicti·
1576 935 1689 1000 divine
1711 935 1819 999 officia
1842 935 1934 996 cele-

279 1029 468 1092 salubribus
499 1029 633 1092 monitis
662 1035 694 1094 et
717 1033 881 1094 mandatis
909 1033 1079 1094 humiliter
1123 1033 1277 1104 brasset,
1308 1033 1439 1111 dequo
1468 1035 1577 1110 ipsum
1604 1033 1808 1100 habebamus
1834 1033 1932 1097 valde

279 1129 497 1192 intendentes.
523 1131 592 1192 Nos
623 1131 718 1192 enim
739 1131 937 1194 sententiam
950 1146 1078 1207 ,qoam
1124 1133 1334 1210 suspectum,
1352 1131 1441 1195 idem
1461 1131 1495 1192 id
1514 1131 1649 1214 negarit
1663 1130 1797 1198 omnino
1815 1131 1932 1204 :nude

279 1227 488 1289 rationaliter
499 1227 615 1289 tulerit
637 1229 672 1288 in
687 1229 827 1290 rebelles
849 1230 956 1304 ratam
971 1227 1078 1300 habe·-
1132 1230 1241 1308 ipsum
1265 1242 1339 1292 cum
1364 1231 1487 1295 nostrae
1511 1229 1627 1304 meae
1643 1227 1847 1304 plenitudine
1869 1243 1930 1289 re-

280 1341 364 1396 mus,
381 1325 414 1387 et
432 1324 593 1387 iaciemus
615 1328 751 1389 auctore
764 1327 904 1388 nomino
919 1327 1076 1403 usquead
1134 1328 1311 1400 mittentes,
1320 1328 1440 1389 restrae
1451 1325 1661 1391 universitati
1671 1324 1931 1402 perAposiolica

280 1422 541 1484 satisfactionem
556 1423 754 1498 condignam
769 1424 1006 1486 inviolabiliter
1025 1423 1079 1486 ob·
1133 1424 1256 1500 scripta
1276 1424 1490 1495 mandamus,
1517 1423 1680 1500 quatenus
1706 1421 1738 1483 oi
1760 1423 1931 1507 tamquam

280 1520 419 1582 servari.
443 1522 562 1586 Datum
577 1521 746 1594 Laterani,
767 1523 812 1584 111
826 1537 931 1586 nouas
947 1537 1078 1584 novem·
1133 1521 1286 1600 episcopo
1301 1522 1335 1585 et
1349 1520 1475 1598 pastori
1490 1519 1677 1588 animarum
1690 1519 1878 1603 vestrarum
1894 1520 1931 1582 in

278 1617 359 1688 bris,
376 1617 589 1694 pontificatus
600 1620 705 1682 nostm
724 1635 811 1682 anno
825 1619 937 1682 tertio.
968 1637 971 1644 ’
1030 1664 1033 1672 .
1061 1671 1064 1680 ,
1132 1618 1197 1688 bis,
1215 1633 1289 1694 quae
1303 1617 1345 1678 ad
1366 1615 1540 1678 Dominum
1555 1614 1732 1693 pertinent,
1748 1615 1931 1677 intendatis

292 1703 362 1776 'la
390 1719 548 1778 amariam
572 1719 648 1790 sere
679 1721 819 1783 modum
847 1717 1079 1794 scriptumest
1133 1715 1303 1776 humiliter
1316 1715 1350 1777 et
1363 1715 1492 1778 devote.
1510 1713 1628 1779 Datum
1646 1713 1814 1784 Laterani,
1831 1713 1930 1774 nonis

279 1812 461 1874 Biturieen.
478 1813 700 1887 electeusqoc
713 1814 895 1880 observari.
907 1814 1078 1890 Tritaque
1132 1812 1333 1885 novembris
1348 1811 1559 1889 pontificatus
1573 1811 1683 1872 nostri
1705 1827 1793 1872 anno
1814 1810 1928 1872 tertio.

280 1910 490 1972 commissam
518 1911 579 1975 tibi
608 1911 864 1976 sollicitudinem
895 1912 1075 1977 Bituricen.
1122 1947 1126 1956 ·
1587 1934 1589 1938 ·

279 2007 431 2070 ecclesiae
450 2008 498 2071 ita
514 2007 726 2071 laudabiliter
739 2025 898 2072 exercere
919 2025 1077 2086 procures
1404 2079 1409 2087 ,
1450 2007 1612 2095 XXXVI

280 2105 316 2165 ut
336 2104 481 2168 videaris
503 2106 660 2181 prodesse
683 2107 893 2184 potiusquam
920 2121 1075 2183 praeesse,
1161 2151 1581 2226 Admoresoamlm
1595 2151 1629 2212 et
1641 2151 1682 2212 αθ
1697 2149 1808 2212 Pom
1820 2151 1884 2212 M

278 2217 318 2264 ac
329 2201 445 2264 eadem
458 2203 612 2275 ecstasis,
629 2220 702 2280 qus
713 2205 746 2266 ts
756 2203 796 2266 ad
811 2219 907 2264 suum
918 2205 1077 2276 accedere
1420 2277 1422 2282 ,
1886 2193 1894 2210 ’

276 2299 427 2374 regimen
443 2299 643 2376 concupivit,
659 2315 719 2376 per
733 2303 765 2364 te
791 2301 826 2362 in
846 2301 1076 2378 spiritualibus
1399 2267 1414 2322 ⁷
1430 2261 1563 2322 ¹¹⁰vemb·
1581 2263 1660 2321 ¹²¹⁸·

278 2397 311 2456 et
324 2395 562 2472 temporalibus
574 2397 762 2474 suscepisse
792 2399 936 2475 gaudeat
960 2399 1075 2462 incre-
1179 2369 1299 2437 [ΗΘΜ
1308 2369 1353 2422 ¹³³¹
1364 2370 1406 2431 111,
1420 2383 1459 2435 ⁰¹³¹
1473 2369 1526 2420 ¹⁰⁵·
1538 2370 1594 2421 ⁵¹⁸⁸·
1606 2370 1641 2419 ω
1651 2369 1727 2420 ‘⁰²¹⁰
1741 2368 1776 2417 ‘¹¹¹
1787 2363 1880 2434 ML]

278 2493 437 2554 mentum.
912 2555 916 2562 Α
1131 2479 1168 2538 Ut
1186 2475 1316 2552 quedam
1335 2477 1364 2535 in
1384 2476 1557 2538 monasterio
1579 2477 1714 2534 Usercen.
1735 2475 1881 2549 corrigant
1899 2483 1931 2534 et

607 2610 748 2696 XXXV
1447 2565 1611 2624 reforment.

1170 2677 1348 2750 Honorius,
1374 2676 1450 2746 etc„
1480 2675 1678 2744 Cartalicen.
1704 2671 1737 2738 et
1762 2673 1803 2735 de
1826 2675 1928 2736 Porta

517 2735 570 2795 Ad
585 2735 834 2796 Momvw’wes'
1121 2774 1190 2842 ,Dei
1216 2773 1382 2852 prioribus
1411 2773 1620 2836 Lemovicen.
1643 2771 1806 2843 dioecesis,
1837 2772 1870 2832 et
1894 2774 1926 2834 J.

544 2847 710 2907 ⁶¹¹⁰V⁰¹¹¹b·
728 2849 806 2905 ¹²¹⁸·
1130 2872 1331 2934 subdiacono
1342 2867 1926 2947 nostrocanonicoLemovicen.,etc.

425 2951 821 3020 [bruslor-tiberias
836 2955 929 3022 en]
1171 2968 1443 3046 significantibus
1471 2967 1601 3030 calecas
1628 2967 1708 3028 mm
1737 2964 1771 3028 s.
1800 2970 1924 3044 priore,

275 3051 510 3121 bloreviensibus,
522 3059 553 3112 ut
565 3053 789 3127 episeopqsuoa
803 3057 943 3114 sententia
955 3071 1070 3142 excom·
1128 3069 1182 3128 w,
1199 3051 1388 3145 praelpostm,
1401 3068 1440 3129 R,
1455 3049 1605 3136 samm,
1619 3067 1649 3126 J,
1661 3063 1927 3141 eleemosynario

353 3140 555 3196 municationis
571 3139 700 3198 absoluto
714 3141 858 3212 obediant,
870 3145 996 3203 mandat.
1128 3165 1161 3228 eq
1180 3164 1375 3243 quibusdam
1390 3163 1467 3224 aliis
1482 3161 1653 3224 monachis
1673 3161 1830 3223 Usercen,
1853 3177 1929 3221 mo.

316 3249 484 3310 Honorius
497 3249 683 3326 episcopus,
695 3249 824 3312 dilectis
837 3252 915 3314 tiliis
929 3255 1072 3331 capitulo
1128 3263 1278 3333 nasterii,
1292 3261 1500 3323 Lemovicen.
1512 3259 1677 3331 dioecesis,
1690 3273 1752 3321 nos
1766 3257 1927 3320 noveritis

276 3347 310 3406 et
324 3347 481 3410 universo
500 3345 590 3408 clero
609 3347 642 3409 et
657 3347 778 3426 populo
793 3350 1070 3426 Moraviensibus,
1128 3360 1307 3436 accepisse,
1325 3358 1500 3435 quodcum
1515 3357 1751 3419 monasterium
1766 3356 1874 3432 ipsum
1891 3355 1927 3416 tn

276 3443 428 3506 salutem.
1128 3455 1357 3534 spiritualibus
1384 3455 1547 3524 floruerit,
1572 3458 1605 3518 et
1629 3454 1664 3516 in
1686 3451 1927 3531 temporalibus

316 3544 355 3604 nt
368 3540 509 3603 verbera
522 3541 626 3619 patris
639 3543 671 3607 et
686 3543 788 3604 ubera
802 3546 917 3606 matris
930 3550 1073 3626 Aposto-
1127 3553 1346 3618 abundaverit
1366 3553 1407 3614 ab
1427 3553 1579 3630 antique,
1604 3567 1693 3613 nune
1707 3553 1842 3629 propter
1862 3565 1926 3610 ne*

275 3637 341 3700 lica
366 3639 467 3700 Sedes
489 3638 626 3714 babens,
652 3641 701 3702 sic
716 3643 854 3718 corripit
869 3644 954 3706 illios
969 3645 1073 3707 delin-
1126 3651 1332 3728 gligentiam,
1356 3665 1415 3712 seu
1434 3650 1594 3712 malitiam
1610 3649 1718 3727 potius
1742 3649 1778 3710 B.
1795 3645 1926 3708 abbatis

275 3737 423 3814 quantes,
445 3738 482 3797 ut
500 3739 667 3799 correctos
681 3739 920 3803 consolationis
943 3744 1072 3808 reliciat
1126 3749 1273 3826 ejusdem
1296 3747 1438 3810 coenobii
1464 3747 1646 3824 collapsum
1673 3747 1723 3808 est
1751 3745 1863 3807 taliter
1888 3744 1925 3806 in

275 3832 435 3906 ubertate,
450 3850 492 3896 ne
505 3850 541 3896 se
553 3833 657 3912 virge
669 3838 792 3912 passim
805 3843 967 3916 parceret,
984 3843 1071 3904 lilios
1126 3848 1286 3926 utrisque,
1308 3846 1394 3924 quod
1415 3845 1482 3906 nisi
1501 3860 1560 3923 per
1578 3843 1834 3906 sollicitudinem
1850 3857 1926 3904 nos-

273 3932 442 3994 videretur
463 3932 585 4006 odisse,
611 3933 688 3994 dum
712 3949 770 3996 eos
790 3936 983 4018 relinquens
998 3956 1072 4018 pro·
1125 3946 1210 4010 tram
1224 3943 1377 4006 celeriter
1392 3943 1607 4004 subveniatur
1616 3941 1739 4016 eidem,
1760 3941 1818 4002 rix
1832 3939 1924 4019 adJi-

274 4028 357 4106 prise
367 4029 529 4090 voluntati
542 4044 656 4090 curam
669 4031 851 4106 negligeret
861 4037 1068 4101 eorumdem:
1126 4044 1190 4105 ciet
1201 4044 1237 4104 ut
1247 4043 1411 4118 resurgat.
1426 4041 1514 4102 Idem
1529 4041 1617 4102 enim
1631 4039 1733 4101 abbas
1745 4039 1832 4100 bona
1842 4037 1923 4100 dicti

274 4124 352 4201 quia
366 4125 400 4184 et
412 4125 572 4186 Dominus
586 4127 664 4186 tunc
683 4127 912 4192 vehementius
932 4135 982 4196 est
1000 4135 1072 4197 ira·
1126 4139 1278 4214 coenobii,
1304 4138 1444 4199 fratrum
1469 4139 1575 4215 ipsius
1597 4137 1661 4199 loci
1685 4138 1718 4199 et
1741 4151 1923 4215 pauperum

272 4222 338 4293 tus,
364 4237 438 4282 cum
462 4237 542 4298 erga
562 4221 790 4299 delinquentes
809 4225 905 4302 signa
925 4233 1071 4294 continet
1126 4237 1241 4298 usibus
1256 4235 1423 4312 deputata,
1440 4236 1625 4308 temeritate
1645 4235 1778 4314 propria
1797 4233 1922 4311 dilapi-

271 4319 460 4392 iraseentis,
478 4321 534 4398 qui
555 4336 637 4398 quos
653 4319 772 4398 diligit,
789 4325 927 4401 corripit
941 4330 973 4389 et
996 4346 1072 4391 cas-
1125 4335 1219 4404 dans,
1246 4333 1279 4394 et
1296 4347 1503 4406 consumens,
1529 4333 1697 4415 prioratus
1712 4334 1744 4394 et
1763 4332 1924 4393 ecclesias

272 4417 366 4493 tigat,
393 4421 428 4480 ut
451 4418 630 4496 castigatos
653 4419 799 4484 uberiori
822 4423 930 4496 gratia
952 4441 1069 4504 prose·
1125 4432 1166 4492 ad
1190 4431 1278 4492 idem
1299 4431 1538 4492 monasterium
1554 4430 1756 4508 pertinentes
1771 4429 1924 4506 personis

273 4516 403 4590 quatur.
422 4516 515 4576 Unde
529 4517 819 4580 licetvenerabilis
840 4519 944 4584 irater
959 4528 1071 4588 noster
1124 4531 1234 4590 minus
1248 4529 1377 4591 idoneis
1393 4529 1574 4590 concedere
1595 4545 1661 4591 non
1683 4529 1827 4601 veretur,
1855 4542 1924 4590 non

272 4611 492 4672 Moraviensis
516 4613 692 4692 episcopus
711 4632 770 4693 pro
795 4633 846 4690 eo,
874 4618 960 4697 quod
981 4623 1069 4684 tem·
1125 4626 1199 4688 sine
1222 4625 1296 4688 labe
1311 4627 1503 4688 simoniacae
1519 4625 1703 4704 pravitatis
1720 4625 1804 4686 alias
1819 4625 1923 4687 multa

273 4723 352 4784 pore
371 4706 568 4770 turbationis
590 4726 769 4787 regnorum
783 4717 911 4792 Angites
927 4735 966 4780 ac
989 4723 1070 4782 Sco·
1125 4723 1332 4786 committens
1348 4724 1497 4785 enormia
1519 4723 1554 4784 in
1569 4724 1690 4785 animae
1705 4739 1775 4784 suae
1789 4722 1925 4801 pericu-

271 4806 328 4868 tiae
343 4805 489 4880 graviter
502 4820 563 4866 nos
578 4808 610 4868 ei
634 4809 814 4872 Ecclesiam
830 4817 1013 4879 Romanam
1034 4820 1069 4882 in
1124 4821 1192 4882 lum
1204 4823 1237 4882 et
1251 4821 1444 4882 scandalum
1465 4821 1693 4898 plurimorum.
1710 4837 1783 4899 quae
1809 4820 1922 4881 limam

272 4903 387 4966 multis
413 4901 561 4974 offendit,
587 4906 659 4980 ejus
679 4908 822 4969 senserit
845 4911 1066 4990 disciplinam,
1123 4919 1322 4996 apostolice
1333 4917 1551 4980 correctionis
1562 4919 1754 4997 exposcunt.
1769 4921 1849 4979 Cum
1864 4918 1924 4994 igi·

273 5001 350 5062 dum
363 5000 495 5062 vinculo
509 5003 861 5066 excommunicationis
878 5009 1067 5082 adstrictus,
1124 5017 1177 5076 tur
1191 5015 1350 5077 instantia
1366 5019 1479 5077 nostra
1495 5015 1687 5092 quotidiana
1711 5016 1755 5078 sit
1773 5017 1921 5078 omnium

273 5115 347 5162 cum
371 5098 490 5160 litteris
512 5097 624 5160 dilecti
646 5099 706 5160 tilii
732 5103 837 5163 nostri
861 5107 898 5168 G.
921 5107 1009 5170 tituli
1034 5113 1066 5172 S.
1123 5112 1340 5176 eeclesiarum
1370 5112 1557 5174 sollicitudo
1586 5115 1758 5186 continua,
1789 5112 1919 5174 disere-

221 5234 225 5249 ·
273 5196 410 5259 Martini
436 5195 620 5274 presbyteri
645 5197 841 5271 cardinalis,
870 5204 1067 5279 apostolicae
1122 5211 1205 5272 ttoni
1228 5211 1349 5272 vestrae
1373 5227 1432 5288 per
1454 5211 1644 5288 apostoliea
1671 5211 1793 5288 scripta
1821 5227 1920 5272 man-

274 5295 367 5358 Sedis
382 5295 492 5372 legati,
510 5293 551 5354 ad
569 5297 717 5358 nostram
732 5299 942 5372 praesentiam
959 5319 1068 5380 perso
1122 5307 1256 5380 damus,
1285 5309 1446 5384 quatenus
1475 5310 1516 5370 ad
1545 5309 1782 5372 monasterium
1810 5307 1919 5386 ipsum

271 5391 393 5454 naliter
415 5391 579 5454 laborarit
602 5414 609 5451 :
630 5408 690 5455 nos
710 5395 833 5462 tamen,
857 5397 913 5472 qui
934 5402 1068 5478 propter
1122 5405 1341 5482 personaliter
1367 5406 1575 5479 accedentes,
1604 5409 1638 5468 et
1662 5405 1821 5468 habentes
1850 5422 1919 5483 prro

271 5489 435 5566 bocjuste
450 5490 603 5551 commoti
621 5491 744 5552 suimus
764 5493 879 5556 contra
899 5509 985 5567 eum,
1002 5513 1065 5558 ne·
1122 5503 1228 5563 oculis
1252 5503 1358 5564 solum
1380 5505 1494 5577 Deum,
1518 5505 1550 5565 ei
1571 5504 1644 5566 vice
1665 5505 1779 5566 nostra
1796 5504 1919 5565 visita-

271 5588 432 5666 queuntes
452 5585 552 5648 inira
567 5587 804 5652 misericordiae
828 5589 990 5665 oblivisci,
1018 5595 1081 5657 ei-·
1121 5600 1222 5662 tionis
1246 5600 1390 5662 cilicium
1415 5601 1627 5678 impendatis,
1655 5601 1859 5678 corrigentes
1886 5603 1919 5663 et

271 5685 344 5747 dem
361 5685 393 5746 in
414 5683 511 5746 eorde
531 5687 683 5760 contrito,
709 5690 742 5748 et
760 5687 932 5752 humiliato
948 5691 1065 5768 spiritu
1121 5697 1338 5762 reformantes
1354 5697 1474 5762 ibidem
1490 5701 1559 5762 tam
1579 5699 1751 5776 incapite,
1768 5714 1867 5775 quam
1882 5699 1917 5760 in
