3978 6292
858 389 1034 449 HONORII
1056 391 1102 462 111
1123 389 1270 452 OPERA.

608 571 674 660 XC

363 716 416 774 Ad
430 714 636 774 abbatissam
658 715 693 775 et
711 716 918 778 moventem

497 813 789 872 Romartcertsem.

528 932 639 988 imeri.
656 933 737 990 lito.

293 1043 413 1109 [Regnat.
427 1045 471 1096 lib.
485 1045 750 1110 riperensem
763 1047 881 1097 Portedu
894 1046 986 1111 rheti]

243 1147 375 1222 Indulget
391 1150 433 1206 eis
447 1157 478 1207 ut
497 1149 625 1208 decimas
641 1158 670 1208 et
686 1167 873 1224 quaecumque
890 1153 944 1211 alia
964 1151 1038 1209 bonu

278 1235 314 1294 ud
329 1239 456 1309 ipsorum
471 1239 675 1296 monesterium
691 1240 861 1313 pertinentia
876 1241 900 1298 si
915 1240 1037 1298 alienata

277 1323 407 1396 luissent,
422 1341 558 1386 revenere
571 1330 692 1401 possint.

281 1443 461 1516 Honorius,
488 1445 563 1515 eto,
590 1443 720 1506 dilectis
739 1446 774 1505 iu
789 1444 921 1507 Christo
945 1445 1037 1506 illia-

240 1538 340 1600 bus...
366 1539 794 1614 abbatissae‚acconventui
811 1542 1036 1616 Romariceu.‚

242 1639 395 1710 salutem,
413 1639 474 1701 etc.

282 1737 362 1795 Cum
377 1737 788 1810 monasteriumvestrum,
802 1737 896 1817 quod,
910 1737 950 1798 ad
966 1739 1037 1800 Ro-

241 1847 373 1893 manam
388 1833 570 1912 Ecclesiam
587 1835 677 1914 nullo
688 1835 853 1896 mediante
869 1836 1038 1912 periinere

242 1929 375 2003 dicitur,
405 1930 567 1992 bonorum
600 1932 824 2009 spiritualium
851 1934 884 1994 el
911 1935 1039 2010 tempo-

241 2027 362 2088 ralium
384 2027 502 2090 llorere
527 2031 738 2107 consueverit
758 2029 918 2102 ubertate,
943 2030 1037 2092 nobis

241 2124 412 2186 humiliter
426 2127 649 2204 supplicastis,
668 2129 705 2188 ut
719 2144 819 2205 quum
835 2143 923 2188 nunc
937 2143 1039 2204 prop-

240 2223 292 2282 ter
312 2223 498 2284 uicinorum
525 2226 774 2301 oppressionem
806 2223 978 2298 nobilium,
1005 2225 1038 2285 et

242 2319 310 2378 alia
323 2321 704 2400 mpauilestapravamiua
718 2320 836 2400 quibus
845 2321 971 2398 jngiter
986 2321 1038 2382 de·

242 2416 340 2492 primi
362 2418 545 2489 consuevit,
569 2419 651 2479 adeo
674 2420 869 2481 tenuitatem
892 2419 1039 2496 patiatur

241 2515 441 2587 reddituum,
455 2515 540 2593 quod
555 2532 597 2578 ex
612 2517 654 2576 116
665 2517 722 2577 vix
732 2517 1036 2593 potestiscommo-

244 2612 284 2672 de
296 2612 487 2682 sustentari,
507 2613 686 2673 revocandi
708 2613 747 2686 nd
760 2615 828 2691 jus,
845 2615 878 2694 el
892 2615 1038 2691 proprie·

242 2711 345 2771 tatem
373 2709 568 2770 monasterii
597 2710 700 2772 vestri
715 2726 775 2786 pro
797 2711 1037 2782 sustentatione

243 2808 366 2878 vestra,
376 2806 520 2867 decimas
532 2807 634 2884 ipsas,
651 2823 724 2884 quae
738 2806 798 2867 sub
813 2823 924 2868 annuo
936 2823 1037 2868 censu

244 2919 264 2964 6
288 2903 382 2980 vobis
409 2903 540 2964 clericis
564 2904 641 2965 suut
671 2919 850 2976 concessae,
873 2904 1037 2965 deceden-

242 3000 330 3062 tibus
359 3000 605 3079 possessoribus
633 3002 836 3068 eorumdem,
861 3001 894 3061 et
922 2991 952 3060 ei'
971 3017 1036 3078 qua

242 3098 279 3158 16
318 3099 420 3172 vestri
447 3099 639 3172 monasterii
676 3097 906 3175 praejudicium
948 3097 1036 3159 alie-

243 3197 333 3274 nata,
353 3196 424 3257 sire
451 3211 608 3258 concessa
639 3197 706 3256 siut
732 3195 859 3266 illicite,
887 3195 940 3257 vel
969 3193 1038 3254 dis-

241 3295 358 3364 tracta,
376 3292 469 3355 vobis
484 3293 653 3368 licentiam
678 3291 859 3370 concedere
879 3291 1037 3367 dignare-

242 3407 329 3451 rnur.
346 3392 414 3451 Nos
431 3390 534 3466 igitur
545 3391 664 3451 vestris
684 3388 960 3466 postulationibus
976 3405 1039 3449 an-

243 3490 395 3559 6666166,
420 3488 452 3547 61
473 3487 622 3548 ecclesiae
642 3487 760 3548 vestrae
775 3487 925 3548 volentes
940 3487 1037 3548 utili-

242 3585 366 3648 tatibus
382 3583 567 3661 providere,
592 3583 685 3645 vobis
706 3585 864 3661 praedicta
883 3584 1038 3644 duximus

243 3681 465 3744 concedenda.
507 3681 599 3742 Nulli
640 3696 719 3756 ergo
757 3681 892 3742 omnino
930 3681 1039 3742 horni-

243 3797 321 3841 num
347 3779 446 3842 liceat
471 3779 557 3839 banc
576 3779 730 3856 pagiuam
753 3781 875 3850 nostrae
902 3793 1039 3840 conces-

242 3879 347 3953 sionis
373 3877 567 3952 intringere,
600 3876 653 3938 vel
681 3877 713 3938 ei
747 3889 832 3937 ausu
859 3875 1038 3938 temerario

243 3976 422 4037 conmaire.
457 3974 492 4035 Si
527 3974 601 4051 quis
630 3975 741 4035 autern
779 3972 841 4034 hoo
875 3974 1038 4034 attentare

243 4072 504 4150 praesumpserit,
519 4071 781 4145 indignationem
803 4070 1037 4146 omnipotentis

244 4167 327 4245 Dei,
346 4167 421 4240 etc„
436 4181 543 4240 usque
556 4165 776 4226 incursurum.
799 4167 915 4226 Datum
928 4166 1039 4226 Vites-

243 4265 301 4338 bii,
319 4265 413 4326 sexto
429 4278 534 4324 nonas
557 4263 681 4336 martii,
700 4261 910 4340 pontificatus
932 4261 1037 4324 nostri

244 4377 332 4440 6666
345 4363 473 4440 quarto.

597 4523 684 4610 xci

293 4661 345 4734 Ad
354 4659 519 4730 maritales
529 4658 678 4718 ccclesiae
692 4657 733 4718 da
748 4657 986 4722 thbodasseu.

288 4845 290 4852 ,
537 4779 651 4836 limari.
671 4779 749 4836 itio.

388 4884 594 4948 [sibelensium
607 4885 763 4946 Pederboru
782 4883 801 4942 l,
814 4881 881 4946 9816]

298 4996 379 5068 Ipsus
393 5008 462 5055 cum.
475 4990 608 5062 omuibus
622 4991 704 5048 bonis
721 4988 842 5046 tuendas
856 4989 984 5062 suscipit.

285 5111 463 5183 Honorius,
480 5111 556 5178 etc,
573 5109 703 5170 dilectis
719 5109 754 5168 in
770 5107 892 5169 Christi
907 5105 1038 5167 filiabus

245 5203 1044 5273 monialibusecclesiaeWilbodessen.Pederbor·.

246 5325 322 5370 nen.
333 5307 497 5372 dioecesis,
512 5304 653 5365 salutern
666 5305 698 5364 et
711 5301 925 5379 apostolicam
936 5300 1040 5361 bene-

246 5406 436 5468 dictionem.

286 5503 391 5566 Juslis
420 5500 606 5577 petentium
628 5497 803 5559 desideriis
836 5496 971 5574 dignum
991 5497 1042 5556 est

248 5615 308 5662 uos
335 5599 474 5670 facilem
493 5595 641 5674 praebere
667 5611 864 5656 consensum
891 5595 925 5655 et
951 5595 1039 5663 vota,

248 5715 320 5777 quae
333 5713 353 5758 a
368 5694 509 5757 rationis
536 5692 672 5754 tramite
684 5707 750 5754 non
770 5692 976 5760 discordant,
991 5689 1046 5752 ol-.

1827 387 1884 450 396

1092 545 1180 608 lectu
1200 549 1418 624 prosequente
1436 548 1614 625 complere.
1627 549 1818 625 Enpropter,
1834 547 1885 609 dl-

1092 644 1185 705 16616
1201 643 1235 705 16
1246 645 1376 705 6161616
1389 644 1478 717 tiliae,
1490 645 1611 707 vestris
1620 647 1721 723 justis
1730 645 1883 722 precibus

1092 741 1255 812 inclinati,
1281 755 1441 817 personas
1464 743 1595 804 vestras
1627 757 1702 803 curu
1730 743 1882 803 omnibus

1092 837 1198 910 bonis,
1215 853 1289 914 quae
1311 838 1345 898 in
1369 839 1622 914 presentiarum
1644 839 1886 901 rationabiliter

1093 934 1279 1011 possidetis,
1299 937 1356 996 aut
1369 936 1405 995 in
1420 936 1567 997 futurum
1578 938 1680 1013 justis
1690 923 1798 997 modis
1808 953 1888 1013 prae·

1093 1033 1200 1093 stante
1220 1032 1360 1092 Domino
1379 1033 1532 1108 poteritis
1553 1033 1706 1109 adipisci,
1723 1033 1785 1093 sub
1800 1033 1885 1094 beati

1094 1129 1183 1188 Petri
1194 1129 1350 1190 etnostra
1361 1129 1567 1205 protectione
1583 1130 1793 1206 suscipimus.
1812 1132 1887 1206 Spe·

1094 1224 1223 1285 cialiter
1238 1226 1347 1285 autern
1369 1226 1595 1300 possessiones
1612 1225 1653 1285 de
1671 1222 1884 1286 Waiurveldo

1094 1322 1127 1381 et
1150 1320 1190 1381 de
1216 1321 1453 1396 Gleneuberge,
1482 1337 1522 1382 ac
1550 1322 1617 1382 alia
1646 1321 1732 1382 bona
1761 1324 1885 1394 vestra,

1094 1419 1180 1479 sicut
1192 1434 1231 1478 ea
1247 1419 1358 1480 omnia
1372 1421 1518 1494 justene
1535 1418 1673 1494 pacillce
1697 1420 1882 1494 possidetis,

1093 1515 1186 1577 vobis
1200 1518 1234 1577 et
1246 1531 1304 1591 per
1314 1531 1372 1576 vos
1388 1515 1452 1592 ipsi
1467 1515 1617 1576 ecclesiae
1631 1516 1751 1576 sestrae
1766 1518 1884 1576 aucto-

1093 1613 1190 1672 ritate
1205 1613 1394 1688 apostolica
1416 1613 1650 1674 confirmamus
1665 1615 1699 1674 et
1714 1614 1885 1689 praesentis

1093 1709 1208 1784 scripti
1225 1709 1410 1784 patrocinio
1422 1711 1675 1776 communimus.
1690 1709 1783 1770 Nulli
1796 1725 1883 1785 ergo,

1093 1809 1155 1868 etc.
1166 1807 1200 1866 Si
1212 1807 1285 1882 quis
1296 1808 1417 1874 autern,
1428 1809 1490 1868 etc.
1502 1810 1621 1868 Datum
1630 1806 1828 1902 Viiprbiilll
1835 1823 1886 1867 66

1092 1917 1154 1964 uas
1170 1903 1279 1966 martii
1296 1903 1506 1980 pontillcatus
1528 1905 1633 1967 nostri
1648 1919 1737 1965 auno
1758 1907 1882 1981 quartu
1975 1985 1976 1990 ἵ

1437 2074 1545 2160 XCII

1092 2207 1144 2266 aa
1158 2205 1294 2280 priores
1308 2206 1343 2266 et
1356 2206 1489 2280 fratres
1509 2208 1627 2268 sancit
1642 2208 1885 2274 Bartbatoraai
1975 2209 1976 2288 l

1385 2307 1427 2364 aa
1445 2305 1603 2367 litantia.
1975 2305 1976 2312 ’

1385 2415 1407 2473 ll.
1417 2423 1499 2474 mart.
1514 2415 1594 2474 ttae.

1205 2521 1379 2586 [Spicileplum
1393 2521 1565 2578 liberianum,
1579 2537 1606 2587 p.
1618 2523 1674 2581 711,
1686 2538 1713 2574 n.
1727 2524 1780 2590 ta]

1093 2619 1184 2690 sylva
1199 2619 1269 2688 11161,
1283 2633 1368 2692 super
1378 2635 1432 2692 qua
1448 2619 1594 2678 interillos
1605 2628 1635 2678 et
1652 2621 1888 2694 collepsrdeuses
1975 2607 1976 2684 l

1132 2707 1252 2778 questio
1264 2714 1325 2766 erat
1337 2715 1445 2775 enoria,
1460 2707 1673 2780 possesnouem
1686 2709 1845 2772 nouarum.

1132 2823 1299 2883 Honorius
1314 2824 1614 2900 episcopusservus
1630 2840 1804 2888 servorum
1815 2825 1886 2898 Dei,
1975 2845 1976 2870 l

1092 2919 1221 2980 dilectis
1236 2918 1315 2980 liliis
1330 2921 1434 2996 priori
1450 2923 1482 2982 et
1500 2919 1658 2982 iratribus
1672 2923 1787 2983 Sancti
1806 2925 1883 2984 Bar-

1091 3016 1260 3078 tholomaei
1275 3016 1315 3077 de
1336 3017 1493 3090 Trisulto,
1508 3017 1729 3084 cartusiensis
1744 3018 1878 3090 ordinis,
1975 2999 1976 3074 l

1093 3113 1276 3174 salutemet
1288 3114 1506 3190 apostolicam
1527 3113 1803 3177 benedictionem.

1134 3209 1276 3272 Suborta
1290 3211 1453 3273 intervos
1476 3213 1627 3286 exparte
1644 3227 1709 3272 uua
1724 3213 1759 3273 et
1776 3212 1882 3272 Colle-

1092 3307 1272 3384 pardeuses
1287 3323 1330 3368 ex
1344 3307 1450 3368 altera
1461 3323 1563 3384 super
1576 3308 1669 3385 sylva
1691 3309 1881 3386 616166666-

1093 3405 1193 3475 11666,
1217 3419 1256 3465 66
1280 3404 1404 3466 dlutius
1427 3405 1563 3480 agitata,
1588 3404 1775 3467 venerabili
1794 3405 1880 3466 tratri
1975 3403 1976 3436 l

1093 3503 1206 3562 nostro
1221 3503 1375 3578 episcopo
1388 3503 1421 3564 61
1444 3501 1565 3564 dilecto
1583 3502 1652 3563 illio
1672 3503 1817 3572 Orlaudo
1830 3518 1883 3562 ca-

1093 3598 1225 3675 pellano
1250 3601 1373 3666 nostro,
1392 3601 1454 3661 etc.
1480 3597 1527 3677 (et
1552 3600 1764 3676 prosequitur
1792 3599 1882 3677 prout

1093 3695 1128 3754 iu
1152 3693 1351 3772 superiore).
1379 3694 1448 3755 Lib.
1473 3697 1513 3766 ΙΙ,
1541 3695 1878 3772 epist.132,tom.ll,

1094 3791 1156 3851 ool.
1172 3793 1243 3852 625.
1259 3792 1377 3852 Datum
1393 3791 1544 3865 viterbii,
1565 3793 1609 3853 111
1634 3807 1739 3854 nonas
1763 3791 1878 3862 martii,

1093 3903 1182 3949 auno
1196 3889 1409 3964 pontificatus
1424 3889 1530 3951 nostri
1549 3892 1677 3967 quarto.

1428 4032 1577 4145 xciii

1165 4188 1216 4247 Ad
1239 4189 1492 4250 monasterium
1505 4189 1812 4250 daScbwartzbab.

1387 4301 1404 4359 6
1419 4317 1495 4359 mars
1509 4301 1586 4360 laad.

1215 4405 1461 4491 [6666666166.
1475 4406 1549 4472 dipl,
1560 4407 1579 4466 1,
1592 4405 1648 4464 sta.
1659 4420 1684 4456 n.
1697 4405 1766 4472 666]

1093 4517 1248 4580 Coullrmet
1268 4514 1451 4572 donationem
1481 4511 1623 4584 parochio
1643 4513 1673 4570 in
1697 4511 1881 4570 stadelhoreu.
1975 4559 1976 4564 ,

1257 4604 1378 4662 abbatiae
1390 4599 1723 4664 &hwemheblactnm
1975 4689 1976 4692 Ἴ

1133 4714 1312 4784 Honorius,
1339 4712 1413 4782 etc,
1440 4708 1569 4770 dilectis
1598 4708 1677 4770 liliis
1703 4708 1814 4771 abbati
1849 4707 1877 4765 et

1094 4811 1271 4876 couventui
1287 4807 1481 4870 monasterii
1491 4808 1527 4866 iu
1543 4805 1782 4869 Schwarlzbab
1796 4805 1877 4866 salu·
1975 4801 1976 4856 l

1093 4915 1158 4974 tem
1174 4911 1208 4972 et
1221 4906 1438 4986 apostolicam
1451 4903 1723 4966 benedictionem.
1975 4975 1976 4992 χ

1135 5003 1501 5070 soletauuuereaoues
1514 5000 1704 5078 apostolica
1722 4997 1877 5076 piisvotis·
1975 4997 1976 5034 ³

1094 5107 1129 5166 et
1154 5101 1303 5164 honestis
1338 5097 1520 5176 petentium
1555 5095 1709 5173 precibus
1737 5097 1872 5156 levorem
1975 5111 1976 5180 ᾗ

1093 5199 1291 5262 benevolum
1307 5194 1481 5272 impertiri.
1508 5195 1701 5270 Eapropter‚
1721 5191 1828 5253 dilecti
1845 5187 1874 5248 iu

1095 5297 1233 5360 Domino
1259 5293 1333 5366 lilii,
1363 5291 1464 5369 justis
1489 5289 1766 5368 postulationibus
1792 5288 1873 5364 grato

1097 5389 1333 5457 concurrentes
1349 5405 1499 5459 assensu,
1516 5403 1675 5465 personas
1701 5389 1823 5449 rosnae
1845 5383 1873 5442 el

1096 5490 1334 5554 monasterinm
1358 5488 1399 5548 iu.
1420 5501 1485 5562 qno
1506 5486 1619 5546 divino
1635 5479 1872 5558 estisohsequio
1975 5473 1976 5506 l

1096 5587 1276 5663 mancipati
1297 5599 1371 5644 cum
1387 5581 1540 5643 omuibus
1552 5580 1736 5656 bonisque
1752 5580 1785 5640 iu
1798 5589 1873 5652 prte-

1097 5686 1279 5750 sentiarum
1318 5679 1562 5750 rationabiliter
1594 5677 1750 5754 possidet,
1771 5675 1823 5736 aut
1843 5669 1870 5731 iu
