3952 6350
283 363 343 422 '703
904 363 1079 424 Honcnll
1102 363 1146 422 111
1166 365 1312 426 OPERA·
1743 391 1747 402 ·
1856 367 1906 425 tul

285 521 425 583 Domino
440 521 512 596 tilii,
537 523 657 584 vestris
675 521 774 600 justis
796 522 1074 599 postulationibus
1128 523 1253 584 siarum
1276 521 1435 600 praelatis,
1456 521 1497 584 ad
1516 539 1598 599 quos
1617 521 1737 584 littera
1760 519 1829 584 istu
1848 541 1907 600 per-

284 621 380 694 grato
395 623 629 682 concurrentes
645 635 795 692 assensu,
807 621 1005 683 auctoritate
1020 638 1075 682 vo·
1128 621 1289 692 venerint,
1316 621 1455 681 salutem
1482 622 1515 682 et
1531 621 1747 696 apostolicam
1766 619 1907 682 benedic-

285 717 336 778 bis
351 719 562 794 praesentium
587 717 742 777 duximus
769 717 1018 793 indulgendum,
1034 735 1074 780 ne
1128 719 1263 779 tionem.
1446 789 1450 796 ⁴

286 815 358 890 quis
373 815 466 874 vobis
490 818 548 877 aut
562 815 712 876 ecclesiis
727 815 846 876 vestris
863 831 922 892 pro
937 831 1075 892 repara·
1168 817 1271 885 Quam
1308 814 1522 876 laudabiliter
1558 814 1670 878 dilecti
1708 813 1769 876 tilii
1801 813 1907 876 fratres

284 911 375 972 tione
388 927 567 982 murorum,
585 913 734 988 pontium
757 913 809 973 vel
824 913 998 985 vallorum,
1016 929 1071 975 seu
1128 900 1307 989 Hospitalis
1344 916 1474 976 Sauctae
1500 915 1615 974 Mariae
1642 914 1905 976 Theutonicorum

285 1007 699 1084 proquibuslibetpublicis
711 1009 933 1070 functionibus
946 1011 1074 1086 aliquas
1128 1010 1422 1086 Hierosolymitani
1439 1027 1497 1088 per
1512 1027 1612 1088 opera
1629 1011 1763 1088 pietatis
1786 1012 1906 1071 servitio

284 1105 474 1166 exactiones
489 1107 647 1182 imponat.
668 1107 759 1169 Nulli
774 1107 877 1182 igitur
892 1108 991 1169 liceat
1009 1108 1073 1168 vim
1129 1106 1308 1168 conditoris
1323 1108 1647 1186 immineantetquot
1658 1108 1699 1168 de
1710 1107 1906 1168 subventione

283 1201 316 1262 et
331 1202 517 1264 libertatem
545 1219 670 1274 eorum,
700 1219 772 1281 quae
798 1203 892 1265 uobis
916 1206 948 1266 et
963 1204 1074 1266 domui
1128 1203 1277 1279 ipsorum
1302 1204 1427 1264 infirmi
1446 1207 1479 1267 et
1502 1221 1664 1282 pauperes
1684 1205 1903 1276 sustententur,

277 1292 402 1360 'vestrae
424 1300 624 1362 indulsimus
639 1317 698 1378 per
720 1301 847 1362 litteras
863 1303 992 1378 aliquas
1010 1320 1073 1362 au·
1129 1301 1308 1371 neminem,
1327 1302 1383 1377 qui
1397 1302 1578 1362 christiana
1592 1302 1663 1376 lege
1678 1305 1837 1370 censetur,
1851 1305 1905 1362 uti-

284 1395 371 1458 ferre
397 1397 449 1458 uel
465 1397 649 1460 temeritate
675 1399 787 1475 aliqua
812 1415 966 1461 vacuare.
983 1400 1074 1460 Nulli
1130 1397 1216 1468 litas,
1234 1414 1306 1474 quae
1316 1399 1355 1458 de
1368 1399 1523 1476 operibus
1535 1399 1787 1475 ipsisproveuit‚
1800 1400 1904 1474 patitur

285 1509 364 1569 ergo
376 1495 521 1566 omnino,
537 1497 598 1556 etc.
610 1497 643 1556 Si
657 1496 730 1572 quis
746 1497 865 1566 autem,
879 1501 940 1558 etc.
957 1499 1074 1558 Datum
1130 1495 1298 1569 ignorare.
1324 1497 1411 1556 Saue
1431 1497 1709 1572 conquerentibus
1724 1497 1806 1574 ipsis
1820 1512 1904 1556 acce-

285 1592 451 1665 Laterani,
469 1608 545 1652 non.
563 1593 954 1671 februarii‚pontiticatus
969 1595 1075 1656 nostri
1129 1592 1247 1667 pimus,
1260 1592 1345 1668 quod
1357 1593 1490 1670 quidam
1504 1593 1624 1654 fratres
1637 1593 1786 1670 ipsorum
1800 1595 1906 1668 saepius

284 1704 371 1750 anno
386 1690 512 1766 quinto.

601 1841 754 1928 duilli

560 1987 612 2044 Ad
626 1987 794 2046 eumdem.

515 2141 521 2158 .
578 2105 679 2163 olebr.
698 2107 776 2163 last.

465 2211 601 2276 [Strehlke
613 2211 629 2260 l.
641 2225 672 2272 c.,
684 2227 708 2276 p.
719 2211 774 2270 tlt,
787 2227 810 2262 n.
822 2211 890 2278 352]

281 2315 416 2376 Concedit
429 2315 520 2373 ordini
540 2317 714 2375 Tlieutouico
728 2317 774 2390 ius
794 2318 955 2391 appellandi
970 2318 1005 2376 ed
1021 2321 1072 2378 Se-

317 2406 383 2462 dem
402 2406 606 2477 Apostolicam,
625 2406 779 2463 dummodo
802 2415 829 2462 et
850 2421 935 2464 cause
957 2410 1074 2481 recipiet

317 2493 547 2564 appellationem,
564 2509 618 2550 nec
643 2493 805 2568 hujusmodi
833 2496 989 2554 remedium
1013 2497 1072 2568 jnm

317 2581 518 2638 commissione
534 2583 617 2639 fuerit
628 2581 813 2656 denegatum.

321 2689 679 2766 Honoriusepiscopus,
693 2707 986 2754 servusservorum
1000 2695 1070 2764 Dei,

281 2785 411 2846 dilectis
423 2787 500 2847 filiis
513 2789 670 2862 magistro
681 2791 715 2851 et
726 2787 884 2852 fratribus
893 2791 1073 2867 Hospitalis

283 2885 411 2945 Sanctae
425 2885 538 2946 Mariae
552 2887 830 2948 Theutonicorum
840 2889 1074 2966 Hierosolymi-

282 2981 362 3051 tani,
374 2982 512 3044 salutem
527 2985 559 3044 et
569 2983 783 3060 apostolicam
797 2984 1069 3047 benedictionem.

322 3079 479 3140 Pervenit
492 3079 531 3140 ad
545 3096 615 3150 nos,
633 3081 718 3158 quod
734 3081 767 3140 in
783 3083 904 3155 causis,
922 3099 1003 3160 quas
1015 3084 1072 3144 alii

282 3175 396 3236 contra
417 3193 474 3237 vos
499 3178 549 3237 vel
574 3195 631 3238 vos
655 3180 768 3239 contra
791 3180 875 3240 alios
897 3183 1069 3252 exercetis,

280 3271 374 3332 vobis
387 3272 575 3349 frequenter
590 3275 822 3338 intercluditur
840 3277 1071 3353 appellationis

280 3369 455 3443 auxilium,
479 3372 629 3446 quamvis
653 3372 735 3432 illud
760 3373 794 3434 in
826 3375 1071 3436 commissionis

281 3463 400 3525 litteris
416 3467 508 3527 vobis
519 3469 854 3544 minimedenegetur.
865 3473 944 3530 Cum
959 3473 1070 3549 itaque

279 3560 374 3622 vobis
384 3577 448 3623 non
457 3562 744 3636 debeetsubtrabi,
755 3567 840 3642 quod
853 3569 1073 3630 communiter

280 3660 472 3721 conceditur
484 3661 659 3731 universis,
674 3664 896 3740 praesentibus
908 3665 1070 3727 vohislit·

279 3757 360 3817 teris
380 3757 534 3818 duximus
554 3758 801 3836 indulgendum,
816 3763 852 3823 ut
869 3762 904 3822 in
923 3779 1072 3839 quacun-

280 3869 343 3929 que
366 3869 467 3916 causa
486 3855 537 3915 vel
559 3871 577 3915 a
600 3871 805 3933 quocumque
821 3858 944 3934 jndice,
968 3859 1071 3921 libere

277 3949 372 4010 vobis
396 3952 494 4012 liceat
515 3967 533 4012 a
553 3952 737 4014 manifestis
759 3956 1008 4029 gravaminibus
1028 3957 1069 4018 ad

281 4047 398 4106 Sedem
422 4049 646 4123 Apostolicam
670 4050 850 4126 appellare,
868 4052 934 4114 nisi
958 4053 1071 4114 forsan

277 4143 354 4203 talis
370 4145 413 4204 sit
428 4161 539 4214 causa,
553 4161 626 4222 quae
636 4146 893 4223 appellationem
909 4167 974 4210 non
989 4152 1072 4212 reci·

279 4240 359 4316 piat,
375 4241 429 4301 uel
450 4242 485 4301 iu
511 4244 752 4304 commissionis
777 4245 895 4306 litteris
921 4248 1072 4324 appella-

278 4337 378 4398 tionis
397 4339 579 4399 remedium
604 4339 704 4401 fuerit
723 4341 931 4416 denegatum.
953 4345 1070 4405 Datum

278 4434 444 4509 Laterani,
457 4453 533 4496 non.
551 4437 722 4510 februarii,
735 4439 945 4514 pontificatus
964 4442 1070 4503 nostri

278 4545 365 4592 auno
382 4533 506 4610 quinto.

600 4685 749 4772 dcclv

355 4817 406 4876 Au
418 4821 701 4894 archiepiscopos,
718 4821 988 4893 episcopoque..

515 4916 548 4974 et
563 4919 648 4976 otios
660 4917 834 4990 potetates.

575 5035 593 5092 5
606 5034 675 5094 febr.
688 5037 766 5094 lsai.

454 5149 588 5214 [Strclrllm¹
601 5151 620 5202 l.
634 5167 667 5210 c.,
681 5167 705 5216 p.
717 5151 772 5208 312,
786 5165 811 5200 n.
825 5151 893 5218 titt]

340 5254 424 5312 Vetat
438 5254 546 5312 ordinis
560 5255 726 5314 Theutonici
740 5263 885 5328 apostatas
900 5255 1000 5315 foveri.

314 5371 480 5432 Honorius
520 5373 704 5449 episcopus,
744 5388 861 5434 servus
895 5391 1067 5435 servorum

275 5465 346 5536 Dei,
363 5467 607 5529 venerabilibus
629 5469 785 5530 fratribus
809 5469 1068 5550 archiepiscopis

1129 1687 1168 1748 de
1178 1688 1327 1749 domibus
1344 1691 1486 1765 propriis
1499 1693 1659 1752 exeuntes
1672 1692 1787 1752 contra
1802 1692 1908 1765 maqu-

1128 1788 1196 1845 tros
1212 1801 1289 1845 suos
1309 1786 1489 1846 damnabili
1505 1787 1688 1848 rebellione
1703 1787 1871 1852 ducuntur,
1882 1793 1906 1846 el

1128 1883 1163 1942 in
1187 1883 1249 1943 hoc
1268 1884 1460 1960 frequenter
1487 1901 1507 1944 a
1530 1885 1611 1944 viris
1635 1884 1864 1945 ecclesiasticis
1882 1887 1908 1943 ut

1130 1979 1348 2042 saecularibus
1373 1981 1587 2056 roborantur3
1617 1982 1750 2058 quidam
1767 1981 1861 2041 etiam
1875 1982 1907 2040 ub

1129 2077 1210 2154 ipsis
1240 2077 1396 2139 fratribus
1421 2079 1597 2155 pecuniam
1614 2079 1780 2156 recipiunt
1802 2083 1909 2156 praeter

1128 2173 1365 2234 conscientiam
1379 2174 1532 2246 aliorum,
1549 2190 1686 2252 eamque
1708 2175 1742 2234 in
1760 2175 1908 2252 prejudi-

1128 2269 1215 2330 cium
1230 2270 1410 2346 Hospitalis
1424 2271 1572 2332 detinent
1586 2273 1619 2332 et
1636 2271 1774 2332 reddere
1795 2275 1910 2332 contra·

1128 2366 1251 2436 dicunt,
1272 2367 1477 2443 depositores
1511 2369 1617 2446 ipsius
1645 2370 1680 2428 in
1706 2383 1767 2428 sua
1795 2368 1907 2428 malitia

1128 2462 1351 2526 defendentes.
1370 2467 1451 2538 Quia
1467 2481 1548 2528 vero
1568 2469 1634 2527 tam
1648 2481 1767 2542 graves
1780 2464 1908 2542 injtuias

1128 2561 1359 2636 praedictorum
1390 2562 1528 2624 fratrum
1555 2564 1720 2624 sustinere
1745 2564 1905 2624 necrolu-

1127 2674 1210 2728 mus,
1228 2673 1289 2718 nec
1303 2658 1470 2730 debemus,
1486 2661 1696 2722 universitati
1722 2662 1836 2722 vestrae
1858 2677 1906 2736 per

1126 2756 1314 2830 Apostolica
1337 2757 1460 2833 scripta
1476 2758 1670 2818 mandamus
1688 2762 1785 2834 atque
1797 2760 1903 2834 praci-

1127 2853 1251 2927 pimus,
1289 2855 1452 2930 quatenus
1485 2855 1649 2916 neminem
1688 2855 1903 2932 praedictorum

1127 2949 1264 3011 fratrum
1277 2951 1450 3029 quisquam
1466 2954 1611 3014 vostrum
1624 2957 1801 3030 praesumat
1810 2953 1904 3012 defen-

1127 3046 1205 3107 dere
1219 3048 1271 3108 vel
1287 3049 1335 3110 eis
1350 3050 1385 3109 in
1398 3049 1580 3111 rebellione
1592 3066 1652 3111 sua
1668 3053 1701 3112 et
1711 3050 1902 3112 contumacia

1127 3144 1272 3205 favorem
1304 3147 1447 3223 aliquem
1483 3147 1718 3208 damnabiliter
1748 3147 1900 3214 exhibere,

1126 3255 1187 3302 nec
1202 3242 1375 3317 pecuniam
1392 3259 1411 3303 a
1428 3259 1593 3321 quoquam
1611 3243 1750 3306 fratrum
1769 3245 1902 3319 recipiat,

1126 3338 1178 3398 vel
1193 3342 1359 3415 receptam
1375 3341 1528 3412 retineat,
1538 3342 1603 3401 nisi
1618 3343 1649 3402 ei
1666 3341 1766 3402 fuerit
1780 3343 1819 3402 de
1832 3357 1904 3400 com·

1126 3435 1217 3495 muni
1233 3436 1371 3497 fratrum
1386 3439 1528 3498 consilio
1540 3439 1779 3500 commendata.
1790 3441 1822 3500 si
1838 3454 1904 3497 vcro

1126 3531 1258 3608 aliquis,
1275 3534 1360 3609 quod
1387 3551 1452 3594 non
1472 3535 1650 3606 credimus,
1676 3539 1792 3598 contra
1817 3537 1902 3612 hujus

1125 3629 1321 3704 Apostolicae
1338 3631 1499 3706 Jussionis
1517 3634 1665 3694 tenorem
1678 3635 1793 3694 venire
1809 3636 1905 3694 teuta-

1125 3725 1222 3794 verit,
1248 3727 1313 3788 nisi
1343 3731 1561 3792 commonitus
1590 3729 1677 3792 infra
1704 3731 1820 3806 viginti
1844 3730 1903 3788 dies

1125 3837 1272 3884 errorem
1288 3841 1382 3886 suam
1396 3826 1507 3888 debita
1523 3826 1750 3889 satisfactione
1765 3843 1904 3888 correxe-

1126 3921 1179 3992 rit,
1197 3936 1272 3981 eum
1289 3934 1392 3998 usque
1408 3923 1449 3984 ad
1464 3923 1724 3986 satisfactionem
1740 3938 1903 3998 congruam

1125 4019 1460 4081 excommunicationi
1491 4020 1702 4082 decernimus
1731 4022 1900 4098 subjacere.

1125 4111 1242 4172 Datum
1259 4114 1425 4183 Laterani,
1443 4129 1548 4174 nouas
1560 4113 1732 4183 februarii,
1743 4115 1903 4191 pontifica-

1125 4212 1178 4269 tus
1194 4210 1298 4271 nostri
1314 4225 1402 4270 anno
1415 4211 1541 4288 quintu.

1459 4399 1587 4485 cclv

1137 4539 1189 4598 Ad
1201 4539 1408 4612 ›ttoqtstrum
1422 4541 1456 4601 S.
1472 4541 1598 4602 Marioe
1608 4543 1889 4604 tlteulontcorum.

1420 4659 1519 4718 dicht.
1535 4661 1614 4718 litt.

1300 4765 1434 4830 [Strettlke
1449 4767 1466 4816 l.
1478 4783 1510 4825 c.,
1525 4782 1550 4831 p.
1561 4767 1616 4826 313,
1633 4783 1657 4817 n.
1672 4768 1741 4834 tot]

1124 4871 1258 4931 Concedit
1268 4871 1360 4930 ordini
1370 4872 1558 4944 theutonico,
1569 4873 1645 4946 quod
1655 4876 1682 4932 ei
1692 4876 1788 4950 legata
1798 4876 1899 4933 duorum

1212 4961 1257 5016 vel
1267 4962 1352 5018 trium
1365 4963 1480 5019 testium
1495 4963 1582 5020 verbo
1597 4962 1716 5035 probare
1729 4967 1826 5038 possit.

1164 5078 1330 5137 Honorius
1363 5079 1558 5154 episcopus,
1589 5095 1708 5150 servus
1747 5095 1897 5142 serromn

1124 5174 1194 5244 Dei,
1208 5173 1339 5234 dilectis
1353 5174 1432 5235 tlliis
1447 5177 1606 5251 magistro
1619 5179 1652 5238 et
1667 5177 1823 5240 fratribus
1835 5181 1899 5238 llos

1124 5270 1236 5346 pitalis
1252 5273 1381 5333 Sanctae
1397 5274 1512 5333 Mariae
1535 5273 1815 5336 Theutonicorum
1830 5275 1897 5334 Hie-

1123 5367 1365 5444 rosolymitani,
1377 5370 1518 5431 salutem
1533 5370 1566 5433 et
1577 5371 1794 5448 apostolicam
1809 5371 1897 5432 bene-

1123 5465 1311 5526 dictionem.

275 5563 309 5622 et
322 5563 486 5640 episcopis
497 5567 530 5624 et
541 5565 670 5626 dilectis
683 5565 762 5626 tiliis
775 5566 959 5640 abbatibus,
976 5571 1069 5646 prio-
1164 5572 1256 5632 Sicut
1269 5571 1461 5646 evangelica
1479 5573 1619 5636 veritate
1634 5575 1809 5637 attestante
1821 5571 1895 5632 didi-

276 5657 377 5730 ribus,
393 5661 648 5732 archidiaconis,
667 5663 803 5724 decenis
821 5665 854 5724 et
866 5663 942 5725 aliis
957 5667 1067 5727 eccle·
1123 5669 1238 5740 cimus,
1256 5671 1320 5730 stat
1335 5667 1436 5730 inore
1452 5668 1591 5732 duorum
1604 5672 1657 5734 uel
1671 5673 1771 5734 trium
1783 5671 1894 5733 testium
