4088 6306
303 334 360 394 195
910 335 1087 398 uououll
1108 335 1152 398 111
1174 337 1322 400 OPERA.
1887 335 1941 398 lec
2011 270 2012 296 1

302 491 363 555 sub
372 493 673 572 consangumitate
684 495 847 574 pretextu
859 493 946 558 inira
959 509 1094 558 monas-
1146 493 1202 562 na
1236 493 1271 556 tn
1305 491 1543 572 spiritualibus,
1571 493 1606 560 et
1632 477 1872 572 temporalibus
1898 494 1938 558 ad

299 589 376 652 terii
391 589 550 654 ambitum
565 592 764 670 colloquium
779 591 903 655 babere
922 607 997 654 cum
1018 607 1093 654 mu·
1146 589 1254 654 torum
1265 591 1354 658 trahi
1370 605 1438 656 non
1453 590 1555 654 iaciat
1568 589 1741 664 seculare,
1754 589 1812 654 sed
1827 590 1871 653 ad
1885 606 1940 653 ac-

299 686 438 748 lieribus
446 687 598 766 juniores
613 687 1092 765 monachipermlttanturnisl
1146 686 1368 750 clesiasticum
1392 688 1513 766 potius,
1533 702 1576 752 ne
1595 687 1741 766 patiatur
1753 686 1938 750 sacristiam

298 784 528 859 presentibus,
557 784 600 848 ad
628 786 738 850 minus
765 783 894 850 duobus
918 785 1091 850 monacbis
1145 783 1188 848 ab
1215 784 1264 846 eis
1298 784 1434 860 exigere
1459 785 1547 846 ultra
1573 784 1657 846 duas
1688 783 1938 861 procurationes

300 879 445 955 senibus,
460 881 493 944 et
503 881 661 945 honestis.
1145 879 1181 944 in
1195 896 1295 954 auno,
1307 881 1394 944 sicut
1407 880 1487 944 olim
1503 881 1576 944 deri
1590 880 1775 944 consuevit.

336 976 385 1038 nd
399 977 619 1041 imitationem
642 993 772 1058 quoque
794 977 902 1041 felicis
923 977 1091 1042 memorias
1185 981 1352 1046 Praeterea
1381 994 1457 1042 cum
1487 977 1629 1040 consum
1656 979 1856 1052 conventus,
1885 977 1938 1040 vel

295 1073 390 1134 Lucii
404 1089 499 1152 papae
510 1074 765 1153 predecessoris
778 1075 888 1137 nostri
901 1075 1089 1148 statuimus,
1144 1077 1282 1154 majoris
1305 1077 1339 1140 et
1365 1076 1509 1138 sanioris
1531 1075 1637 1153 partis
1661 1075 1764 1152 eligat
1786 1075 1871 1138 duos
1897 1075 1938 1138 de

295 1173 332 1232 ut
345 1169 447 1232 abbas
461 1172 692 1250 possessiones
713 1171 883 1234 demanias
898 1171 1090 1236 monasterii
1143 1171 1227 1251 ipso,
1255 1173 1312 1251 qul
1341 1173 1446 1250 jurati
1471 1173 1650 1250 proventus
1676 1169 1936 1236 obedientiarum

293 1264 454 1338 alienare,
468 1267 706 1332 velinseudare
719 1285 786 1332 non
804 1269 920 1348 possit,
934 1269 1091 1346 adiicien·
1144 1284 1219 1347 quae
1234 1269 1475 1332 consueverant
1497 1269 1604 1332 teneri
1627 1283 1688 1346 per
1712 1267 1895 1330 monachos
1917 1284 1937 1332 a

292 1361 343 1425 tes
359 1365 396 1427 ut
409 1363 497 1426 idem
510 1365 578 1427 tam
593 1365 794 1438 molendina,
811 1381 886 1444 quae
909 1365 1006 1430 bonae
1019 1381 1091 1428 me·
1143 1363 1265 1428 balivis
1283 1365 1459 1442 diligenter
1473 1365 1648 1443 recipiant,
1667 1367 1701 1428 et
1721 1364 1762 1428 de
1782 1363 1939 1428 mandato

294 1460 411 1522 moriae
427 1460 530 1524 abbas
546 1461 715 1526 Roffridus
729 1462 765 1524 in
780 1477 916 1539 gravem
930 1463 1091 1526 alienavit
1143 1460 1272 1526 abbatis
1283 1478 1358 1525 cum
1371 1463 1720 1543 consiliocouventus,
1730 1461 1785 1524 vel
1800 1461 1939 1539 majoris

293 1557 489 1619 monasterii
514 1557 695 1632 lesionem,
721 1575 820 1638 quam
848 1559 927 1634 alia,
951 1575 1025 1636 quae
1049 1559 1089 1622 de
1142 1559 1248 1636 partis
1274 1559 1380 1636 ipsius
1401 1573 1459 1622 eos
1491 1559 1527 1622 iu
1559 1558 1745 1622 debitorum
1772 1555 1938 1620 solutione

292 1651 399 1728 ipsius
429 1655 625 1717 monasterii
654 1655 808 1728 demania
839 1656 985 1718 aberrata
1012 1656 1090 1719 sunt
1143 1655 1338 1720 convertant
1354 1655 1515 1718 reddituri
1533 1669 1645 1720 coram
1659 1653 1844 1728 abbata-ec
1858 1670 1940 1716 con·

292 1748 422 1824 illicite,
437 1750 490 1812 vel
505 1751 673 1824 distracta,
693 1767 753 1814 seu
772 1752 859 1816 male
874 1768 1032 1816 concessa
1046 1751 1087 1815 ad
1142 1752 1244 1815 ventu
1266 1751 1385 1815 balivis
1408 1751 1630 1832 praesentibus
1652 1752 1694 1814 de
1718 1751 1884 1829 receptis,
1906 1751 1938 1814 et

287 1861 376 1924 opus
405 1847 552 1926 ejusdem
580 1848 710 1912 studeat
738 1848 885 1924 legitime
917 1863 1086 1912 revocare·
1143 1848 1298 1927 expensis
1322 1848 1463 1925 singulis
1491 1849 1661 1912 mensibus
1694 1848 1872 1913 rationem.
1901 1849 1939 1909 Et

290 1943 554 2030 Praepositnram
583 1959 663 2006 vero
698 1944 917 2006 ecclesiarum
951 1959 1087 2007 suarum
1142 1947 1210 2008 tam
1228 1945 1383 2008 monachi
1404 1945 1522 2024 quibus
1540 1947 1661 2018 castra,
1677 1959 1777 2022 quam
1797 1944 1850 2006 illi
1865 1943 1941 2022 qui-

295 2040 624 2103 conlaratmonachis
637 2040 863 2118 prudentibus,
882 2040 915 2103 et
927 2041 1086 2116 honestis,
1141 2041 1204 2106 bus
1217 2042 1368 2106 ecclosiae
1382 2043 1642 2114 committuntur,
1659 2041 1884 2118 personaliter
1894 2039 1936 2100 ad

291 2152 374 2214 quos
408 2135 510 2199 iaciat
530 2137 720 2216 juramento
744 2137 890 2212 firmare,
915 2138 1002 2217 quod
1018 2154 1087 2200 nou
1142 2139 1324 2204 claustrum
1342 2141 1379 2202 in
1393 2139 1494 2202 valdo
1508 2137 1727 2202 dedicationis
1742 2137 1937 2200 monasterii
2017 2184 2018 2188 ,

289 2233 483 2296 alienabunt
506 2233 654 2310 ipsorum
675 2235 916 2312 possessiones,
939 2237 973 2298 et
990 2237 1085 2312 jura3
1142 2237 1315 2299 annuatim
1342 2236 1503 2299 accedant
1535 2236 1699 2299 rationem
1724 2233 1941 2296 villicationis

294 2331 380 2408 quod
396 2331 426 2392 si
440 2330 526 2392 forta
538 2331 811 2408 praesumpserint
823 2331 913 2409 ipsos
927 2333 1087 2410 perpetuo
1142 2348 1211 2396 suae
1221 2348 1333 2396 coram
1345 2332 1475 2406 abbata,
1485 2333 1624 2406 decano,
1631 2333 1665 2395 et
1675 2331 1752 2394 aliis
1760 2330 1937 2392 reddituri.

294 2441 314 2488 a
329 2427 516 2490 ministerio
540 2428 613 2512 sine
635 2428 927 2505 spegrestrtunonis
941 2428 1088 2493 decerni·
1182 2430 1274 2502 Quod
1289 2429 1532 2494 observandum
1544 2429 1720 2492 statuimus
1732 2427 1832 2490 etiam
1847 2427 1938 2490 circa

293 2537 367 2586 mus
382 2524 594 2596 amovendos,
616 2525 701 2586 alias
726 2524 874 2602 graviter
890 2524 1085 2602 puniendos.
1141 2525 1249 2604 ipsius
1282 2526 1478 2590 monasterii
1511 2525 1768 2598 thesaurarium,
1804 2523 1941 2586 cellera-

333 2621 419 2684 liicti
436 2622 547 2684 autem
559 2621 740 2700 praepositi,
753 2621 877 2697 singuli
888 2623 1009 2696 certos,
1021 2637 1088 2684 mo·
1141 2623 1240 2696 rium,
1254 2622 1486 2696 infirmarium,
1501 2621 1767 2702 hospitalarium,
1779 2621 1941 2682 etsacris·
2018 2655 2019 2688 2

295 2719 416 2792 destos,
440 2720 474 2782 et
493 2721 669 2781 consuetos
692 2717 840 2780 redditus
858 2717 998 2782 reddant
1015 2734 1089 2781 mo·
1140 2720 1233 2792 dam,
1247 2720 1285 2782 ut
1297 2719 1355 2797 qui
1369 2717 1581 2784 laudabiliter
1598 2718 1730 2795 egerint
1744 2715 1858 2780 debita
1872 2717 1941 2780 tra-

272 2816 444 2878 'nasterio
457 2815 630 2879 annuatim
649 2815 830 2876 secundum
857 2813 1086 2888 ecclesiarum,
1142 2817 1230 2878 trum
1238 2813 1845 2892 commendationelseteutur,quivaro
1853 2813 1941 2877 male
2019 2869 2020 2876 ,

296 2913 416 2991 quibus
441 2910 647 2990 praefuerint,
664 2910 851 2982 tacmtates,
876 2913 909 2973 et
930 2911 977 2982 ut,
1002 2909 1089 2974 sicut
1142 2911 1348 2982 contusione,
1364 2926 1404 2974 ac
1418 2911 1602 2988 ignominia
1624 2910 1879 2990 perfundantur.
1892 2909 1940 2972 nd
2019 2945 2020 2948 =

293 3011 374 3072 mali
383 3009 424 3070 de
434 3008 563 3071 malitia
577 3023 720 3086 poenam,
737 3009 784 3070 ita
796 3006 874 3070 boni
888 3007 929 3070 de
941 3005 1088 3070 bonitate
1143 3008 1233 3082 baec,
1268 3008 1511 3080 thesaurarius,
1551 3007 1758 3080 cellerarius,
1793 3006 1828 3069 et
1849 3005 1942 3068 indr-

292 3107 432 3186 praemia
469 3106 730 3182 cousequantur;
762 3103 864 3166 abbas
892 3103 1088 3182 praepositos
1142 3104 1268 3166 marius
1282 3105 1424 3181 singulis
1444 3102 1561 3168 diebus
1577 3102 1731 3168 sabbathi
1745 3100 1787 3165 ad
1802 3117 1940 3166 monas

293 3204 385 3282 ipsos
409 3216 430 3263 a
455 3201 696 3280 praeposituris,
724 3198 901 3276 inquibus
924 3215 982 3262 eos
1004 3199 1088 3262 bene
1142 3199 1935 3278 teriumsecundumconsuetudinemantiquam,
2020 3215 2021 3272 t

293 3297 547 3360 administrasse
561 3295 747 3360 constiterit
770 3310 838 3357 nou
851 3295 1004 3358 amoveat
1017 3295 1090 3358 abs·
1143 3304 1177 3361 at
1196 3296 1412 3377 approbatam
1433 3297 1593 3362 accedant
1618 3297 1655 3358 in
1682 3296 1828 3359 claustro
1865 3311 1938 3358 cum

294 3409 358 3475 que
394 3392 603 3466 necessitate,
634 3391 689 3456 vel
716 3391 861 3456 utilitate
894 3391 1089 3456 monasterii
1144 3393 1303 3460 iratribus
1326 3409 1431 3474 usque
1445 3393 1679 3458 adsecundam
1698 3392 1816 3456 teriam
1830 3405 1937 3456 mora·

293 3490 481 3555 manifesta.
1143 3491 1223 3564 turi,
1244 3490 1331 3570 quod
1349 3493 1384 3554 at
1402 3487 1504 3554 abbas
1518 3488 1629 3553 facere
1644 3487 1775 3552 studeat
1788 3504 1866 3552 cum
1887 3503 1941 3567 pc·

333 3587 515 3651 Monacbos
539 3599 618 3648 vero
645 3583 686 3648 de
712 3583 843 3661 castris,
869 3587 904 3650 et
927 3585 1017 3648 villis
1047 3585 1089 3648 ad
1143 3587 1223 3650 terit
1236 3588 1470 3664 competenter.
1487 3585 1685 3666 supradicta
1699 3598 1779 3661 argo
1792 3584 1940 3664 capitula

293 3685 475 3748 claristrum
494 3681 704 3761 precipimus
728 3683 900 3764 revocari,¹
915 3682 981 3744 nisi
1005 3681 1089 3746 torte
1143 3684 1354 3764 praecipimus
1378 3681 1618 3746 inviolabiliter
1640 3683 1830 3760 observari,
1849 3682 1885 3745 et
1900 3695 1940 3744 ne

294 3784 336 3846 ad
364 3779 550 3845 custodiam
577 3778 713 3841 illarum
748 3777 987 3852 munitionum,
1016 3793 1090 3858 quaa
1144 3783 1218 3860 quis
1240 3796 1277 3844 se
1306 3795 1368 3860 per
1390 3780 1614 3858 ignorantiam
1637 3779 1749 3844 valeat
1773 3791 1937 3842 excusare

293 3880 419 3944 tuerint
429 3877 465 3940 in
477 3875 600 3938 tinibus
616 3873 757 3938 abbatiae
773 3876 840 3937 sint
854 3875 960 3961 aliqui
973 3891 1090 3938 ncces-
1143 3878 1296 3942 volumus
1310 3879 1344 3940 et
1355 3877 1561 3950 mandamus,
1588 3876 1625 3938 ut
1641 3891 1681 3938 aa
1696 3875 1839 3952 singulis
1854 3889 1941 3938 men·

294 3978 388 4050 sarii,
404 3991 487 4055 quos
504 3973 551 4036 ibi
570 3990 630 4052 pro
643 3975 793 4050 tempore
807 3973 998 4045 toleramus,
1020 3972 1091 4050 qui·
1144 3974 1236 4038 sibus
1249 3971 1830 4051 inabbatls,ettratm1mpraesentia
1847 3971 1938 4034 reci·

294 4071 358 4136 bus
376 4072 478 4136 abbas
498 4071 652 4148 iniungat
674 4069 709 4131 in
735 4069 858 4132 virtute
880 4068 1089 4142 obedientiae,
1144 4073 1266 4134 tantur.
1289 4070 1381 4144 Quod
1405 4069 1435 4131 si
1453 4069 1497 4146 in,
1517 4068 1741 4140 observantia,
1762 4067 1941 4146 praedicto·

251 4225 253 4230 .
295 4173 332 4234 ut
346 4171 506 4250 qnantum
521 4167 676 4246 poterunt
689 4164 1006 4244 religioseviventes
1019 4181 1091 4242 per·
1144 4184 1218 4230 rum
1235 4167 1365 4230 inventi
1392 4165 1523 4229 fueritis
1546 4164 1668 4244 tepidi,
1696 4165 1749 4228 vel
1774 4166 1939 4236 renuisse,

295 4283 411 4331 sonam
430 4263 611 4343 injudicio
632 4279 699 4326 non
720 4261 897 4339 accipiant,
913 4263 971 4326 sed
983 4279 1091 4340 aequa·
1145 4281 1220 4326 cum
1241 4261 1384 4327 nuatum
1407 4279 1451 4328 ex
1471 4263 1570 4326 vinae
1587 4260 1682 4324 vobis
1696 4261 1877 4324 commissa
1889 4259 1941 4323 ia·

295 4366 374 4429 liter
386 4363 554 4444 justitiam
569 4361 694 4424 iaciant
708 4361 847 4438 pauperi
862 4375 902 4421 ac
916 4359 1021 4433 diviti,
1037 4360 1092 4422 de-
1145 4362 1270 4424 ciemus
1284 4360 1411 4438 requiri
1427 4359 1566 4437 perditis
1579 4359 1666 4420 male
1679 4359 1786 4420 malis.
1799 4357 1940 4422 Vineam

294 4461 355 4526 bili
376 4477 416 4523 ac
439 4459 576 4539 potenti.
597 4461 660 4520 Eos
681 4473 777 4530 vero,
801 4456 859 4534 qui
878 4455 1092 4519 declinabunt
1145 4457 1251 4536 ipsam
1275 4457 1352 4520 aliis
1378 4455 1535 4534 agricolis
1561 4455 1708 4532 proiecto
1736 4452 1937 4526 locabimus,

296 4559 338 4621 ad
349 4558 530 4627 dexteram,
541 4553 596 4617 vel
609 4553 778 4616 sinistram
792 4551 902 4614 debita
913 4551 1092 4615 severitate
1145 4555 1202 4632 qui
1215 4553 1356 4618 reddant
1371 4553 1509 4614 Domino
1530 4550 1734 4628 temporibus
1756 4550 1826 4612 suis
1849 4549 1941 4612 truc-

295 4654 412 4735 puuiat
423 4653 495 4731 ipse
505 4650 621 4724 abbas,
631 4650 665 4710 in
676 4665 817 4728 quorum
830 4648 979 4726 poena,si
990 4648 1092 4726 negli·
1145 4651 1225 4725 tum,
1242 4653 1393 4728 cumjam
1409 4664 1476 4711 non
1486 4645 1805 4712 restetaiiudvineaa
1816 4644 1939 4710 tacien-

295 4767 379 4830 gens
403 4750 514 4823 fuerit,
536 4750 594 4810 aut
616 4745 777 4809 remissus
795 4743 992 4822 apostolice
1016 4761 1092 4808 cor-
1145 4747 1235 4810 dum.

195 4834 202 4848 '
295 4845 454 4912 rectionis
468 4845 662 4924 experiatur
678 4841 877 4904 sententiam
895 4842 931 4904 in
949 4857 986 4904 se
1005 4842 1089 4919 ipso.
1185 4841 1276 4906 Nulli
1297 4858 1377 4920 ergo
1400 4841 1535 4904 omnino
1553 4840 1726 4902 bominum
1738 4838 1840 4902 liceat
1855 4839 1941 4902 banc

296 4949 370 5025 ipse
393 4960 474 5008 vero
488 4941 617 5005 nullum
633 4940 774 5002 invitum
794 4953 905 5016 agere,
921 4937 974 4999 vel
998 4955 1092 5000 accu·
1146 4941 1301 5018 paginam
1321 4940 1443 5000 nostrae
1469 4936 1716 4999 constitutionis
1738 4935 1939 5013 intringere,

296 5059 373 5108 sare
392 5039 578 5119 compellat,
592 5053 654 5100 nec
675 5037 847 5116 praepcnat
861 5035 999 5113 judiciis
1013 5049 1091 5098 ven·
1145 5035 1199 5099 vel
1221 5035 1255 5098 ei
1283 5050 1368 5098 ausu
1395 5034 1574 5097 temerario
1606 5031 1784 5095 contraire.
1811 5032 1847 5094 si
1870 5031 1941 5110 quis

296 5143 421 5205 ditores
441 5137 592 5219 justitiae,
616 5133 673 5196 sed
692 5135 783 5196 viros
804 5132 958 5195 timentes
975 5135 1088 5206 Deum,
1146 5135 1257 5196 autem
1281 5133 1346 5196 hcc
1375 5131 1539 5194 attentare
1564 5128 1832 5207 praesumpserit,
1855 5128 1943 5189 indi·

295 5241 328 5303 et
342 5239 469 5317 peritos
491 5235 621 5311 injure,
640 5231 697 5310 qui
717 5231 789 5291 sine
811 5229 1005 5307 acceptione
1020 5245 1093 5306 per·
1145 5229 1338 5305 gnationem
1355 5225 1589 5306 omnipotentis
1609 5224 1680 5298 Dei,
1708 5223 1743 5286 et
1771 5222 1942 5286 beatorum

294 5351 453 5400 sonarum
471 5328 827 5407 exhibeantjustitiam
847 5329 1093 5406 conquaerenti-
1146 5327 1237 5390 Petri
1259 5326 1292 5389 et
1305 5323 1402 5390 Pauli
1420 5323 1646 5402 apostolorum
1664 5323 1738 5399 ejus
1757 5336 1793 5383 se
1808 5320 1939 5384 noverit

294 5435 375 5510 bus;
390 5431 566 5495 interdicto
583 5427 716 5506 penitus
737 5441 780 5488 ne
794 5422 928 5501 aliquod
948 5423 1006 5486 dat
1017 5440 1092 5502 pac·
1144 5425 1368 5486 incursurum.

293 5537 375 5605 tum,
391 5533 428 5592 ut
450 5527 575 5608 aliquid
596 5525 698 5606 curiae
718 5522 912 5586 monasterii
927 5521 1092 5586 serviatur
1185 5521 1304 5583 Datum
1327 5518 1494 5583 Laterani.
1511 5515 1655 5584 secundo
1674 5531 1783 5578 nonas
1809 5515 1934 5593 aprilis,

293 5649 355 5712 pro
374 5627 505 5706 justitia
525 5623 687 5686 iacienda.
706 5621 850 5682 Clericus
867 5622 978 5682 autem
993 5619 1091 5682 abba·
1147 5616 1357 5696 pontificatus
1373 5615 1478 5686 nostri
1498 5629 1586 5678 anno
1605 5613 1712 5676 tertio.
