3952 6350
262 317 324 382 'lta
878 317 1121 380 mortosii-111
1143 317 1291 380 OPERA.

1844 319 1897 382 'tol

263 479 472 545 coloniensis
496 477 777 554 archiepiscopus,
803 493 824 538 a
857 476 961 539 nobili
983 479 1056 539 viro
1110 479 1302 558 episcopum
1321 479 1525 550 consecrato,
1548 477 1654 540 eidem
1672 479 1813 542 suadere
1828 481 1895 542 stu-

263 579 417 643 Jobanne
439 577 572 640 nobem
601 575 673 638 cive
696 577 846 636 Romano
865 590 1056 654 parmenus
1111 575 1253 646 duimus,
1289 577 1326 636 ul
1354 575 1573 652 praebendam,
1604 592 1704 654 quam
1732 576 1767 638 in
1792 579 1897 642 restra

263 675 377 740 dilecti
396 673 463 736 filii
482 675 587 736 nostri
607 671 782 750 Stephani,
799 673 954 734 Basilicas
969 672 1056 732 duo·
1111 671 1280 734 obtinebat
1294 673 1437 736 ecelesia
1458 673 1627 748 retineret,
1650 675 1814 752 quatenus
1833 677 1897 752 ipse

265 773 373 836 decim
393 770 619 848 apostolorum
647 767 834 848 presbyteri
864 769 1055 840 cardinalis,
1112 769 1175 829 boo
1189 769 1320 845 plenius
1335 769 1370 830 in
1385 771 1535 832 ecclesiae
1550 771 1760 832 devotionem
1775 771 1896 833 retine-

265 869 421 932 Ecclesiae
443 871 600 930 Romanae
620 867 806 940 camerarii,
830 868 943 928 mutuo
963 881 1058 927 rece-
1111 865 1204 926 retur
1228 865 1387 942 ejusdem.
1410 868 1474 928 Sed
1495 869 1531 928 in
1545 868 1637 929 nulla
1653 868 1821 929 suasionis
1835 869 1898 928 ins-

264 967 370 1044 perat,
401 964 487 1027 sicut
513 966 550 1026 in
574 963 695 1025 litteris
717 964 815 1025 bonae
842 963 1056 1025 memorial.
1111 963 1218 1026 tantia
1234 964 1400 1042 potuimus
1412 965 1578 1038 obtinere;
1595 966 1683 1026 unde
1697 965 1856 1036 solentes,
1867 967 1899 1028 ut

265 1077 359 1140 papae
385 1061 640 1139 praedecessoris
663 1061 770 1122 nostri
791 1060 923 1138 plenius
950 1061 1059 1121 conti·
1113 1063 1185 1138 ejus
1206 1061 1338 1124 affectio
1360 1061 1493 1142 abipsa
1517 1063 1659 1124 ecelesia
1678 1075 1746 1124 non
1760 1061 1897 1136 recedat,

265 1163 375 1231 netur,
390 1159 486 1220 nobis
501 1159 635 1220 nomine
649 1159 760 1220 restro
774 1158 982 1236 persolverit,
999 1173 1058 1218 ros
1112 1157 1322 1234 praebendam
1338 1159 1443 1238 ipsam
1458 1159 1578 1222 dilaoto
1597 1159 1665 1221 illio
1678 1159 1815 1232 iacebo,
1828 1165 1898 1220 nato

265 1255 558 1320 abeodemdebito
579 1255 755 1333 quitautes,
772 1255 1059 1332 prasenteslitte-
1112 1255 1233 1316 nobilis
1271 1257 1336 1319 riri
1381 1259 1520 1320 loannis
1555 1259 1721 1336 cajetani,
1758 1259 1899 1333 germani

264 1367 321 1414 ras
334 1353 505 1430 superbos
519 1352 673 1413 duximus
687 1354 724 1413 in
739 1352 963 1414 testimonium
976 1367 1060 1412 oon·
1113 1353 1260 1430 ejusdem
1287 1355 1445 1432 episcopi,
1476 1355 1632 1415 duximus
1658 1353 1898 1428 conterendam,

265 1449 573 1512 cedendaslmtmn
597 1450 765 1519 Laterani,
781 1449 913 1511 Vlidus
924 1449 1056 1526 aprilis,
1113 1449 1149 1510 ut
1175 1449 1349 1526 episcopus
1372 1451 1443 1528 ipse
1464 1466 1504 1512 ao
1532 1452 1584 1512 sui
1599 1452 1662 1512 boc
1680 1451 1817 1512 vinculo
1833 1468 1898 1512 me·

265 1547 477 1625 poffioatu
491 1547 597 1610 rasni
611 1563 700 1609 anne
712 1547 837 1625 quinte
1113 1545 1225 1608 diante
1246 1547 1353 1610 eidem
1375 1547 1525 1610 ecclesiae
1547 1550 1744 1610 remaneant
1758 1547 1898 1624 obligati,
1961 1619 1962 1622 Ἴ

287 1871 339 1932 Ad
359 1871 583 1944 prepositum
611 1871 760 1929 ecclcsiae
781 1869 819 1930 tn
839 1869 1037 1943 aencztnqe.

556 1988 574 2048 8
591 1987 672 2063 apri.
685 1975 764 2048 lali.
1042 2073 1045 2076 Ι

343 2103 501 2170 [liniremur.
518 2103 602 2156 Codex
618 2103 785 2164 Anhaltinus,
797 2104 875 2170 pli,
890 2117 916 2154 n.
930 2103 982 2170 ld]

267 2213 500 2286 tuspaaouetus
520 2211 550 2270 iu
570 2210 740 2283 quibusdam
757 2210 885 2268 eeclesiis
899 2210 1058 2268 confirmat.

306 2327 976 2404 Honoriusepiscopus,servasservorum
986 2326 1057 2398 Dei,

267 2424 388 2487 dilecto
396 2423 464 2485 filio
475 2423 809 2500 praepositoeoolesiae
817 2425 853 2485 in
862 2423 1057 2500 Hekelinge,

267 2519 410 2583 salutem
428 2521 461 2582 et
472 2519 688 2598 apostolicam
700 2519 974 2583 benedictionem.

307 2615 412 2682 iustis
436 2617 617 2694 petentium
643 2615 818 2678 desideriis
845 2616 981 2693 dignum
1008 2621 1061 2680 'est

266 2729 327 2778 nos
340 2713 472 2776 facilem
482 2713 632 2792 praebere
645 2729 843 2775 consensum
855 2716 888 2776 et
898 2715 973 2778 vota
986 2731 1059 2792 quae

267 2828 289 2874 a
311 2811 453 2874 rationis
479 2811 611 2874 tramite
635 2825 703 2872 non
722 2809 923 2884 discordant,
940 2809 1061 2873 effectu

267 2908 488 2987 prosequente
516 2908 694 2985 complere.
719 2909 913 2986 llapropter,
941 2909 1060 2971 dilecte

266 3006 303 3067 in
317 3007 455 3068 Domino
477 3005 535 3078 fili,
567 3003 695 3066 nobilis
709 3005 776 3066 viri
795 3005 889 3066 ducis
906 3006 1061 3068 Saxoniae

254 3103 419 3182 precibus
432 3101 594 3170 inclinati,
604 3106 660 3180 jus
675 3101 879 3178 patronatus,
893 3103 979 3179 quod
994 3118 1014 3166 a
1028 3104 1061 3164 te

266 3198 303 3260 iu
327 3197 505 3270 Staelorde,
529 3199 721 3274 Wininuge,
738 3198 912 3270 Cokstede,
932 3199 1060 3262 Alden-

267 3294 361 3371 dorp,
382 3295 590 3371 Lakesdorp,
617 3295 785 3371 Nendorp,
821 3297 853 3356 et
883 3297 1061 3360 Nienstede

266 3391 418 3456 ecelesiis
432 3391 561 3462 ratione
575 3393 804 3468 praepositurae
817 3391 883 3454 tuae
891 3395 1061 3469 pertinere

267 3488 434 3565 proponis,
452 3489 538 3553 sicut
559 3488 644 3550 illud
666 3487 758 3566 Juste
784 3503 824 3550 ao
850 3489 987 3566 panitiae
1002 3491 1063 3552 ob·

161 3593 163 3596 ’
265 3585 363 3656 tinea,
375 3583 436 3646 tibi
450 3584 483 3646 et
494 3599 553 3660 per
570 3585 604 3652 te
618 3585 768 3646 ecclesiae
781 3587 847 3646 tuae
863 3586 1060 3650 auctoritate

265 3681 456 3758 apostolica
472 3681 745 3744 confirmamuset
759 3684 933 3758 praesentis
947 3683 1061 3760 scripti

266 3779 453 3857 patrocinio
468 3779 720 3842 communimus.
729 3780 822 3842 Nulli
836 3796 916 3856 ergo
927 3781 1060 3842 omnino

266 3875 438 3938 bominum
450 3877 553 3940 liceat
565 3876 655 3940 bane
673 3877 831 3954 paginam
842 3878 966 3940 nostrae
981 3893 1062 3940 con·

267 3973 464 4036 firmationis
482 3973 680 4049 intringere,
705 3975 758 4036 vel
772 3973 804 4036 ei
819 3989 904 4036 ausu
917 3975 1061 4038 temera-
1102 4057 1104 4062 Ι

268 4069 319 4132 rio
331 4069 508 4136 contraire.
526 4070 562 4134 Si
577 4071 651 4148 qius
666 4072 786 4143 autern,
798 4073 860 4134 etc.

307 4168 426 4228 Datum
448 4167 616 4238 Laterani,
632 4169 677 4232 VI
689 4167 764 4231 idus
777 4169 906 4244 aprilis,
922 4169 1060 4246 pontill-

269 4263 361 4324 catus
374 4263 479 4325 nostri
494 4279 581 4324 anno
597 4263 724 4340 quinte.

581 4444 744 4538 GCCXX

268 4594 319 4653 Ad
346 4593 559 4654 Gntdetmnm
585 4569 782 4667 episcopum
812 4593 846 4654 et
873 4593 1061 4666 capitalem

571 4693 749 4752 Portsicn.

1113 1643 1252 1722 ideoque
1267 1644 1361 1708 vobis
1375 1661 1434 1721 per
1445 1645 1634 1722 apostolica
1648 1647 1773 1722 scripta
1790 1646 1901 1722 praeci-

1113 1741 1233 1818 piendo
1261 1743 1476 1811 mandamus,
1505 1744 1668 1822 quatenus
1698 1743 1900 1820 procuratori

1115 1853 1176 1898 suo
1191 1841 1262 1914 ejus
1275 1839 1420 1912 nomine,
1438 1839 1571 1902 stallum
1585 1841 1621 1900 in
1637 1839 1740 1902 cboro
1756 1840 1790 1901 et
1802 1841 1900 1900 locum

1112 1935 1149 1996 in
1165 1936 1310 2014 capitulo
1321 1937 1544 2013 assignantes,
1561 1937 1808 2014 fructusipsius
1823 1953 1900 2014 pra-

1111 2032 1229 2095 bendae
1254 2033 1293 2094 de
1315 2034 1435 2096 caetero
1457 2035 1610 2096 exhiberi
1632 2035 1766 2096 facietis
1791 2033 1898 2096 eidem.

1114 2131 1183 2191 Nos
1207 2131 1296 2192 enim
1322 2129 1531 2194 decernimus
1550 2133 1693 2204 irritum,
1717 2133 1747 2193 si
1764 2133 1804 2193 de
1818 2149 1899 2210 prae·
1961 2125 1962 2190 ᾗ

1113 2224 1221 2288 benda
1233 2227 1307 2305 ipsa
1328 2245 1425 2292 secus
1439 2228 1540 2292 luerit
1554 2230 1679 2308 aliquid
1694 2231 1897 2292 attentatum.
1961 2299 1962 2302 Ἴ

1115 2325 1233 2390 Datum
1248 2327 1421 2399 Laterani,
1437 2326 1511 2388 idus
1526 2327 1655 2406 aprilis,
1672 2344 1763 2390 anno
1779 2327 1896 2406 quinto.

1421 2514 1603 2602 CCCXXI

1174 2656 1227 2716 Ad
1240 2657 1400 2718 comitem
1413 2658 1449 2718 et
1465 2661 1629 2731 poputum
1643 2657 1849 2732 Spoletinus.

1396 2779 1430 2835 la
1449 2778 1529 2852 april.
1550 2779 1629 2836 liat.

1244 2889 1363 2954 [Kalene
1375 2891 1487 2943 Historia
1496 2892 1589 2952 entiae,
1602 2897 1621 2943 t.
1634 2893 1666 2952 V,
1678 2909 1703 2958 p.
1713 2893 1786 2958 252]

1111 2997 1152 3054 Ut
1177 2996 1294 3054 Salaros
1319 3007 1347 3055 et
1373 2999 1550 3058 Dalmatinos
1573 3001 1621 3072 qui
1647 3001 1719 3058 alios
1738 2999 1902 3058 christianos

1151 3083 1268 3156 piratica
1289 3085 1367 3144 rabie
1389 3088 1512 3159 spoliant
1532 3103 1620 3146 manu
1644 3089 1754 3161 potenti
1781 3087 1901 3146 studeant
1961 3101 1962 3166 q

1144 3173 1187 3229 de
1202 3173 1261 3230 suis
1276 3173 1379 3231 linibus
1394 3175 1557 3250 profligare.
1961 3189 1962 3258 t

1155 3291 1898 3370 Honoriusepiscopus,servusservorumDei,
1961 3281 1962 3332 l

1116 3385 1244 3448 dilectis
1260 3387 1339 3449 liliis
1355 3389 1466 3451 comiti
1483 3391 1515 3451 et
1527 3391 1648 3469 populo
1663 3393 1805 3470 Spalati,
1821 3391 1901 3452 salu·

1114 3483 1180 3543 tem
1196 3483 1229 3544 el
1242 3485 1458 3560 apostolicam
1475 3485 1752 3550 benedictionem.
1961 3502 1962 3577 t

1154 3579 1247 3654 ‘iacti
1273 3593 1386 3640 sumus
1415 3581 1530 3642 dolore
1558 3581 1669 3644 cordis
1693 3583 1896 3652 intrinsecus,

1116 3673 1213 3752 quod,
1233 3675 1319 3738 sicut
1338 3677 1536 3750 andivimus
1553 3679 1632 3740 novi
1654 3681 1771 3741 contra
1792 3679 1897 3740 Chris·

1112 3773 1185 3833 tum
1209 3772 1322 3834 hostes
1345 3774 1529 3850 proditorie
1547 3776 1758 3852 insurgentes
1780 3778 1898 3852 tempus

1116 3864 1259 3928 faciendi
1271 3867 1378 3944 legem
1391 3871 1462 3946 ejus
1475 3868 1639 3947 dissipare
1654 3872 1821 3946 nituntur;
1832 3870 1898 3947 quie

1116 3964 1250 4040 quidam
1266 3965 1377 4027 Sclari
1392 3969 1425 4028 et
1438 3967 1651 4042 Dalmatiani,
1672 3970 1822 4046 quamvis
1836 3983 1899 4030 oen·

1116 4063 1254 4122 scantur
1269 4063 1403 4126 nomine
1422 4065 1622 4138 Christiano,
1647 4067 1895 4144 crucesignatos,

1114 4158 1369 4222 transfretantes
1387 4163 1423 4222 in
1443 4165 1555 4224 Terrae
1574 4165 1705 4226 Sanotae
1725 4165 1896 4226 subsidium

1115 4253 1156 4316 ad
1168 4255 1362 4334 obsequium
1374 4261 1456 4322 ,lesu
1471 4259 1605 4333 Christi,
1619 4261 1653 4322 et
1665 4261 1750 4322 alios
1761 4260 1897 4323 christia·
1961 4289 1962 4326 l

1115 4367 1175 4413 nos
1186 4351 1327 4430 piratica
1338 4352 1432 4416 rabie
1448 4357 1605 4433 spoliant,
1623 4360 1760 4436 capiunt
1774 4361 1806 4420 et
1819 4357 1896 4418 occi·
1956 4385 1958 4390 ·

1115 4449 1211 4527 dunt;
1238 4455 1271 4513 et
1298 4453 1389 4514 velut
1410 4455 1541 4532 vulpes,
1570 4453 1732 4518 habentes
1758 4455 1895 4534 proprias
1961 4477 1962 4510 t

1115 4547 1241 4621 foveas,
1258 4549 1424 4612 interdum
1447 4550 1591 4625 latitant,
1616 4552 1712 4630 capta
1734 4553 1851 4630 praeda,
1866 4551 1895 4610 ut

1115 4645 1211 4721 qnasi
1239 4659 1283 4706 ex
1310 4647 1488 4710 intervallo
1518 4651 1700 4712 securitate
1726 4651 1892 4728 promissa,
1961 4645 1962 4726 t

650 4810 656 4823 .
1115 4739 1355 4818 subsequenter
1385 4742 1475 4805 aliod
1498 4745 1651 4808 incautos
1678 4745 1842 4818 invadant,
1865 4745 1894 4803 ul
1961 4741 1962 4816 t

380 4903 384 4910 .
549 4811 583 4868 ¹3
597 4810 678 4883 a9¹¹¹·
698 4809 776 4868 ¹²²¹·
1112 4835 1235 4897 iterum
1266 4839 1532 4902 Christianorum
1558 4842 1624 4902 iter
1651 4843 1838 4914 observant,
1864 4841 1894 4900 ut

414 4921 532 4990 [egloin
544 4923 619 4976 icona
634 4925 716 4986 saon,
729 4929 749 4976 t.
768 4925 788 4984 1,
803 4940 828 4990 r·
844 4924 909 4990 Ι68·]
1116 4932 1347 5009 depraedentur
1359 4937 1503 5008 eosdem,
1525 4939 1569 5012 et,
1592 4939 1677 5017 quod
1696 4942 1749 5002 est
1761 4940 1890 5018 gravius,
1961 4921 1962 5016 t

265 5028 456 5102 Lismandat,
481 5037 512 5088 ut
528 5029 722 5106 praebendam,
745 5046 831 5104 quam
849 5029 1061 5090 Alebrandinus
1112 5029 1321 5092 immanitate
1336 5032 1502 5108 perimant
1520 5033 1678 5098 hnmana.
1694 5039 1774 5110 Quis
1792 5047 1891 5114 ergon
1961 5039 1962 5046 ’

301 5119 463 5220 cajetanus,
488 5117 632 5220 mendam
654 5119 685 5177 S·
707 5119 952 5194 susannaepresn.
966 5119 1059 5178 cardi·
1114 5125 1206 5188 tanto
1228 5127 1379 5191 nefandae
1394 5131 1593 5206 proditionis
1615 5134 1732 5198 auditu
1746 5138 1891 5199 aaaron

300 5206 376 5266 nelle
389 5221 421 5264 in
435 5205 622 5266 sabinensem
632 5206 800 5280 episcopum
815 5207 1058 5266 consecratusob·

301 5295 394 5365 tinuit,
405 5295 512 5354 tacebo
521 5293 652 5369 ejusdem
662 5294 770 5367 nepoti,
781 5291 939 5352 conterant.

305 5409 489 5482 Honorius,
507 5411 569 5473 et.

305 5505 496 5568 Venerabili
518 5506 620 5568 lratre
635 5506 749 5568 nostro
765 5507 931 5583 quondam
946 5509 979 5570 S.
997 5509 1062 5570 Su-

266 5617 380 5664 sannae
411 5601 519 5679 presb.
553 5601 735 5674 cardinali,
770 5603 807 5665 in
843 5603 1061 5668 sabinensem

1114 5221 1182 5283 tam
1198 5225 1376 5300 peculiaris
1395 5227 1534 5292 malitias
1548 5245 1615 5292 non
1627 5233 1812 5310 ¹stupescatl
1825 5227 1890 5302 Quis
1961 5225 1962 5312 t

1115 5319 1241 5383 tantam
1256 5322 1378 5384 Christi
1394 5325 1629 5388 contumeliam
1641 5343 1710 5389 non
1727 5329 1851 5399 zeletur,
1864 5324 1890 5384 et
1961 5365 1962 5372 .

1115 5418 1254 5481 horrore
1283 5419 1472 5498 perculsus,
1497 5436 1565 5484 non
1591 5428 1753 5502 exsurgat
1776 5425 1814 5486 ad
1834 5423 1889 5485 en
1961 5423 1962 5484 3

1116 5515 1260 5576 atrocem
1287 5517 1517 5595 Redemptoris
1545 5519 1706 5598 injuriam
1732 5522 1888 5585 vindicam

1116 5610 1202 5683 dam,
1220 5610 1298 5672 diam
1313 5613 1456 5676 ministri
1473 5617 1556 5691 ejus,
1571 5617 1628 5694 qui
1643 5617 1760 5682 fundat
1772 5621 1802 5682 et
1818 5613 1887 5688 regit
1961 5603 1962 5632 ¹
