3988 6306
273 325 332 384 328
417 404 419 415 Ι
650 383 654 395 ,
890 323 1066 386 HONORll
1088 325 1133 388 111
1155 328 1313 414 OPltht,
1866 331 1930 392 324

274 485 329 560 sit,
356 482 449 548 salvo
472 485 511 548 in
531 483 685 548 omnibus
707 487 783 562 jum
802 499 841 546 ac
869 485 1070 564 proprietate
1125 501 1195 549 rem
1220 503 1317 550 suum
1342 489 1539 566 reliquerat,
1568 485 1684 575 tuerat
1699 491 1929 556 confirmata:

273 587 432 648 Romame
445 583 613 656 Ecclesiae,
638 583 680 644 ad
705 599 802 659 quem
815 583 907 644 nullo
927 583 1071 660 pertinet
1125 587 1931 666 undepoetulavitinstantenutpraelatumintru-

140 691 142 703 ·
274 682 451 744 mediante.
477 682 546 742 Nos
561 697 691 758 quoque
715 679 800 758 quod
826 680 949 743 lactum
969 681 1070 744 luerit
1124 687 1422 746 sumeremoventes
1440 684 1490 749 ab
1507 686 1651 748 comesta
1674 688 1871 758 memorata,
1894 687 1930 748 et

274 797 335 858 per
349 779 500 841 eumdem
512 780 704 855 episcopum
724 778 955 856 approbantes,
975 779 1069 840 vobis
1123 796 1269 857 prosuae
1294 783 1564 859 presumptionis
1589 799 1732 846 excessu
1760 783 1930 846 aaronica

275 879 399 940 nostris
412 877 563 939 dedimus
584 876 706 938 litteris
726 877 762 938 in
777 877 955 948 mandatis,
976 878 1013 939 ut
1026 877 1067 938 ad
1123 879 1299 955 punientes
1312 879 1489 958 episcopos
1498 879 1696 954 antedictos,
1710 882 1929 944 confirmare-

272 976 542 1039 reformationem
558 975 662 1052 ipsins
677 977 872 1052 monasterii
886 975 998 1038 taliter
1014 975 1070 1037 in·
1123 991 1196 1036 mus
1211 977 1407 1042 electionem
1424 978 1466 1040 de
1477 979 1551 1056 ipso
1572 979 1811 1044 archidiacono
1831 981 1929 1042 cele-

271 1075 407 1137 tendere
427 1073 601 1146 curaretis,
625 1071 711 1150 quod
729 1073 850 1135 exinde
870 1073 1070 1135 sollicitudi-
1123 1072 1262 1136 bratam.
1293 1075 1386 1138 bloet
1409 1079 1520 1138 eutem
1545 1077 1638 1140 idam·
1661 1077 1929 1140 archidiaconus

272 1171 1066 1250 namvestrampossemusmoritocommendare.
1123 1172 1929 1254 meritasnobislitterasaxlribuerit,perpuaset
1984 1159 1985 1170 ¹

275 1271 365 1332 Unde
378 1271 464 1348 quod
480 1270 513 1332 id
534 1270 747 1332 laudabiliter
768 1269 854 1332 sicut
878 1270 1067 1331 audivimus
1123 1269 1360 1346 perhibebatur
1376 1273 1602 1334 testimonium
1624 1273 1667 1336 de
1689 1273 1873 1352 predictis,
1890 1275 1927 1335 es

270 1368 448 1442 inchoatis,
464 1369 596 1446 gratrrm
609 1369 762 1444 gerentes
775 1367 951 1431 admodum
964 1370 996 1428 et
1011 1384 1069 1429 ao·
1123 1381 1204 1443 quae·
1216 1367 1323 1442 ipsum
1336 1367 1390 1428 de
1406 1368 1474 1430 uita
1496 1371 1529 1429 et
1548 1367 1689 1432 scientia
1706 1370 1929 1432 commanda-

271 1465 412 1544 ceptum‚
442 1469 479 1529 ut
499 1483 542 1528 ex
561 1466 738 1528 iteratione
756 1465 903 1530 mandati
918 1465 1067 1528 nostrum
1099 1539 1100 1544 ἵ
1122 1463 1218 1538 bant3
1241 1465 1319 1541 quia
1342 1467 1453 1528 tamen
1472 1481 1532 1543 pro
1558 1468 1652 1544 parte
1677 1467 1791 1529 altera·
1805 1466 1927 1528 natus

270 1565 403 1642 planius
434 1563 624 1642 agnoscatis
655 1563 828 1636 affectum,
857 1562 1067 1626 universitati
1123 1562 1549 1638 comparuitcoramnobis,
1565 1563 1929 1634 contr'aillamabsen-

270 1665 390 1725 restrae
406 1678 466 1741 per
479 1663 599 1726 iterata
615 1663 739 1740 scripte
759 1662 965 1734 mandamus,
980 1676 1069 1740 prae·
1098 1709 1099 1712 ι
1121 1659 1187 1720 tem
1198 1661 1231 1721 et
1245 1659 1451 1722 indefensam
1467 1677 1534 1724 non
1547 1662 1703 1727 duximus
1716 1663 1836 1725 taliter
1847 1677 1927 1740 pro-

271 1761 423 1844 cipiendo
445 1764 608 1840 quatenus
627 1759 809 1822 reformare
829 1760 1067 1822 monasterium
1098 1795 1099 1800 κ
1122 1758 1595 1822 cedendumvolentastamen
1605 1760 1668 1836 ipsi
1680 1759 1926 1824 archidiacono

270 1859 378 1937 ipsum
407 1859 514 1921 modis
538 1858 690 1920 omnibus
713 1859 891 1931 studeatis,
915 1857 1066 1936 ponendo
1121 1855 1253 1933 injure
1280 1871 1351 1928 suo,
1374 1857 1534 1934 quantum
1569 1857 1656 1919 ratio
1694 1858 1925 1936 permittebat,

270 1949 390 2020 ibidem
418 1973 579 2034 personas
604 1957 762 2018 honestas
787 1956 821 2019 et
847 1956 957 2025 utiles,
982 1957 1068 2018 sicut
1122 1955 1249 2025 adesse,
1277 1969 1412 2016 causam
1443 1953 1633 2032 hujusmodi
1669 1957 1928 2020 venerabilibus

268 2056 421 2119 videritis
441 2055 610 2133 expedire,
626 2055 674 2117 ite
690 2055 775 2132 quod
786 2055 822 2116 et
836 2057 939 2117 Deum
952 2053 1068 2132 propi·
1122 2051 1279 2114 iratribus
1294 2053 1453 2114 nostris...
1470 2053 1721 2131 archiepiscopo
1735 2054 1923 2118 Tuamensi

266 2153 363 2227 tium,
380 2155 413 2215 et
425 2169 484 2215 nos
503 2153 581 2214 inde
599 2153 693 2213 vobis
706 2151 852 2214 reddatis
865 2151 1066 2214 favorabiles
1121 2151 1154 2210 et
1156 2192 1216 2210 .....
1248 2149 1502 2213 Gluamiertenei
1536 2151 1570 2214 et
1572 2193 1633 2212 .....
1664 2152 1923 2214 Enecbdunansi

270 2255 306 2314 et·
326 2251 499 2328 benignos.
527 2252 646 2313 Datum
677 2249 818 2313 Viterbii
841 2252 870 2311 V
904 2247 1066 2312 kalendas
1098 2247 1289 2324 {episcopis
1323 2247 1479 2309 dommus
1510 2249 1792 2318 committendam,
1816 2265 1923 2312 man-

233 2395 239 2400 -
275 2347 464 2412 novembris
479 2347 690 2426 pontificatus
712 2347 818 2410 nostri
833 2349 1064 2426 annoquarto.
1121 2343 1237 2406 dantes
1252 2345 1388 2417 eisdem,
1412 2349 1451 2408 ut
1468 2347 1606 2420 vocam,
1631 2363 1713 2424 quos
1734 2363 1926 2424 cognosce-

1089 2435 1090 2438 ’
1121 2444 1194 2506 rent
1217 2443 1415 2516 evocandos,
1432 2445 1466 2506 st
1490 2444 1625 2518 auditis,
1645 2463 1720 2522 quaa
1745 2445 1924 2508 hincinde

615 2544 721 2632 XXX
1121 2541 1280 2604 ducerent
1291 2531 1562 2618 proponendam
1588 2543 1671 2606 tides
1692 2545 1741 2606 eis
1759 2543 1858 2607 lieret
1878 2545 1923 2606 de

362 2691 415 2750 Ad
428 2689 723 2763 archiepiscopum
736 2689 978 2750 dublinensem
1086 2640 1923 2815 .{iffigsziggtgloffiiasmprgffinasstfflflagg

534 2789 574 2847 Α
591 2790 625 2847 S.
642 2783 803 2862 ‘emtum'
1121 2835 1195 2912 ipsa
1210 2835 1351 2898 ecclesia
1367 2784 1498 2913 penitus
1521 2839 1725 2910 amoventes,
1741 2839 1925 2900 examina·

550 2907 585 2966 ³⁰
600 2905 693 2966 ⁰⁰²⁰h·
708 2907 786 2966 ¹²¹⁹·
1100 2919 1198 2995 frent
1218 2933 1417 2996 electionem
1451 2933 1573 2996 neam
1603 2934 1643 2996 de
1680 2935 1923 2998 archidiacono

333 3015 462 3079 neieina,
476 3013 543 3064 '4⁰¹¹'
556 3013 659 3064 ffihffl‘·
672 3015 847 3074 ⁰²⁵⁰⁰²⁰¹¹¹¹⁰2
862 3014 900 3072 ¹¹¹
914 3027 940 3063 ¹¹·
951 3013 1003 3079 ²⁷·]
1049 3013 1053 3030 ¹
1122 3033 1314 3102 memorata,
1330 3032 1406 3092 etsi
1420 3047 1495 3094 eam
1506 3033 1697 3094 invenirent
1708 3033 1749 3094 de
1768 3049 1923 3110 persona

270 3109 681 3198 archiepiscopobublinensi,
702 3127 732 3178 ut
750 3136 866 3178 censam
888 3122 971 3180 electi
991 3122 1065 3180 Lac·
1121 3128 1240 3192 idonea
1255 3131 1417 3192 canonice
1429 3129 1642 3202 cplphpppam,
1659 3131 1755 3192 ulam
1767 3133 1923 3194 auctori.

357 3279 360 3288 ,
376 3211 485 3268 niensis
500 3217 659 3268 reassumat
671 3217 700 3266 et
712 3211 849 3267 canonice
869 3209 958 3268 ilniat.
1100 3226 1102 3235 ·
1119 3228 1326 3297 ιθῑθῃοῃῃ,
1341 3227 1663 3306 sublmffljusfibffi
1675 3230 1865 3292 contractus
1887 3233 1925 3292 ep

310 3329 477 3392 Honorius
514 3327 702 3405 episcopua,
744 3343 860 3388 servus
892 3343 1066 3393 servorum
1100 3325 1356 3402 ¹appellationis
1379 3325 1565 3400 obstaculo,
1597 3327 1843 3398 confirmarent,
1877 3344 1924 3390 ac

219 3481 223 3490 .
271 3428 342 3498 Dei,
359 3423 544 3488 venerabili
561 3424 695 3488 fratri...
719 3424 969 3502 archiepiscopo
994 3427 1065 3485 Du·
1122 3422 1281 3485 iacientes
1294 3425 1405 3500 ipsum
1427 3423 1565 3500 pacifica
1592 3425 1739 3502 ejusdem
1765 3426 1926 3487 ecclesiae

269 3525 425 3597 bliuensi,
440 3523 637 3602 apostolicae
652 3522 746 3584 Sedis
770 3522 895 3598 legato,
926 3523 1066 3584 salutern
1121 3522 1332 3598 possessione
1369 3521 1526 3598 gaudere,
1557 3523 1821 3586 contradictores
1859 3539 1926 3600 per

271 3627 303 3686 et
318 3621 533 3700 apostolicam
551 3619 827 3688 benedictionem.
1100 3642 1103 3689 ;
1120 3623 1298 3680 censuram
1314 3619 1574 3681 ecclesiasticam
1595 3620 1849 3697 compascendo,
1864 3622 1925 3680 in-

311 3719 479 3782 accedens
506 3717 585 3779 olim
610 3718 652 3778 ad
680 3717 892 3795 praesentiam
919 3718 1066 3779 nostram
1100 3719 1389 3794 piungerentjana
1410 3717 1499 3778 dicto
1521 3717 1773 3794 archiepiscopo
1787 3719 1924 3780 Caesel-

270 3819 410 3880 dilectus
426 3817 515 3879 tilius
530 3819 581 3889 D,
593 3815 850 3878 archidiaconus
872 3815 1067 3877 laoniensis
1100 3798 1218 3891 ;lensi,
1247 3817 1285 3876 ut
1303 3815 1411 3876 eidam
1434 3831 1555 3876 munus
1576 3815 1838 3878 consecrationis
1855 3817 1925 3877 im·-

272 3917 433 3988 ecclesiae,
462 3915 558 3978 nobis
587 3913 758 3976 humiliter
786 3913 963 3986 intimavit,
980 3913 1067 3992 quod
1100 3894 1291 3994 ¹ppendarat,
1308 3913 1395 3975 sicut
1410 3912 1450 3974 ad
1467 3927 1543 3974 eum
1564 3913 1716 3975 noscitur
1738 3914 1920 3991 pertinere.

272 4015 414 4077 ecclesia
436 4015 509 4090 ipsa
523 4015 657 4089 pastore
671 4013 823 4083 vacante,
839 4011 945 4087 ipsius
969 4012 1066 4088 capi·
1101 4006 1103 4083 J
1123 4010 1286 4072 Praefatae
1307 4027 1388 4073 tero
1409 4011 1594 4088 episcopos,
1611 4011 1641 4071 si
1660 4012 1709 4072 eis
1738 4013 1921 4084 constaret,

271 4115 375 4175 tulum
390 4110 541 4172 eumdem
553 4109 587 4169 in
598 4110 894 4196 episcopnmsuum
908 4111 1068 4170 canonica
1100 4100 1104 4185 t
1122 4109 1197 4170 illos
1208 4111 1281 4185 post
1289 4109 1470 4184 legitimam
1484 4109 1740 4186 appellationem
1752 4109 1925 4172 intrusrun

272 4227 311 4274 ac
327 4207 535 4272 concorditer
551 4207 735 4292 elegerunt,
753 4221 852 4283 super
873 4223 938 4283 quo
967 4207 1067 4271 etiam
1101 4246 1103 4266 ι
1122 4219 1337 4270 consecrasse
1358 4206 1567 4283 predictum,
1585 4222 1644 4283 pro
1658 4206 1760 4269 untae
1778 4208 1923 4268 temeri-

272 4309 424 4372 exhibuit
445 4307 613 4369 decretum
637 4304 785 4382 ejusdem
800 4304 937 4380 capituli
952 4305 1069 4380 singu·
1100 4306 1104 4381 t
1122 4304 1200 4365 tetis
1210 4317 1351 4364 excessu
1360 4319 1540 4380 suspensos
1553 4304 1594 4365 ad
1609 4305 1757 4366 rosham
1770 4319 1925 4381 presen-

272 4409 379 4489 lorum
407 4401 684 4481 suscriptionibus
711 4401 913 4463 roboratum.
944 4403 1067 4463 Verum
1100 4406 1104 4491 t
1122 4401 1203 4462 tiam
1218 4401 1434 4463 destinarent.
1450 4403 1565 4479 Nuper
1579 4402 1690 4464 autem
1705 4402 1793 4464 idam
1805 4403 1923 4465 archi-

273 4501 566 4574 waterfordensis,
583 4499 781 4562 lmilicensis
798 4499 830 4561 et
841 4499 1067 4560 limiricensis
1101 4497 1283 4579 {diaconus
1312 4499 1440 4567 litteras
1470 4499 1566 4562 nobis
1593 4499 1747 4561 exhibuit
1767 4500 1925 4578 iudicum.

272 4601 419 4678 episcopi
437 4599 616 4660 Robertum
636 4601 790 4670 Traicere,
807 4613 867 4675 per
886 4597 1067 4674 potentiam
1101 4597 1356 4686 {predictorum
1380 4597 1600 4670 continentes,
1630 4598 1718 4675 quod
1744 4598 1819 4675 ipsi,
1843 4615 1925 4660 cum·

274 4702 311 4760 Ga
330 4698 371 4759 da
390 4696 546 4766 Maricae,
563 4697 740 4773 justitiarii
760 4695 940 4764 Hiberniae,
961 4709 1069 4756 avun—
1101 4691 1104 4717 ²
1123 4693 1163 4756 de
1178 4695 1360 4757 idoneitate
1371 4709 1522 4772 personae
1532 4697 1566 4758 et
1580 4695 1742 4758 canonica
1756 4695 1925 4758 electione

273 4795 419 4866 sullani,
436 4793 649 4856 violenterin
672 4794 849 4854 ecclesiam
875 4795 982 4870 ipsam
995 4795 1069 4871 post
1124 4791 1255 4868 praelati
1277 4791 1517 4863 archidiaconi,
1545 4809 1586 4854 ac
1609 4791 1785 4855 manifesta
1810 4793 1923 4854 intru-

273 4897 345 4972 ejus
374 4891 569 4953 electionem
606 4889 782 4962 intrusum,
813 4905 1012 4954 consecrare
1033 4892 1072 4952 in
1101 4888 1296 4967 ¹sionejam
1308 4889 1388 4954 dicti
1408 4893 1445 4952 R.
1464 4891 1513 4951 eis
1533 4891 1685 4968 plenarie
1703 4893 1919 4961 constitisset,

273 4988 548 5071 ajnsapis'copum
564 4989 858 5064 praesumpserunt,
869 4990 943 5065 post
953 4989 1070 5065 appel·
1100 5034 1104 5069 ,
1124 4986 1321 5050 electionem
1347 4988 1387 5050 de
1415 4988 1488 5064 ipso
1510 4988 1747 5052 archidiacono
1767 4989 1921 5050 celebra-

274 5091 433 5154 latlonem
459 5085 501 5147 ad
529 5099 589 5146 nos
612 5083 760 5160 legitime
790 5085 1008 5162 interjectam,
1033 5087 1069 5148 in
1101 5084 1203 5156 ¹tam,
1233 5087 1343 5148 amoto
1373 5085 1550 5162 saepedicto
1579 5089 1633 5157 R,
1656 5087 1697 5148 da
1720 5086 1921 5164 prudentum

275 5187 525 5252 excusationem
566 5182 836 5260 praesumptionis
878 5184 1069 5261 hujusmodi
1100 5183 1275 5249 ¹virorum
1292 5184 1432 5246 consilio
1457 5185 1707 5256 confirmarunt,
1723 5185 1920 5248 mandantes

275 5285 531 5365 pretendentes,
541 5279 627 5358 quod
640 5279 759 5340 electio
770 5280 812 5341 da
824 5280 914 5352 dicto
927 5282 1069 5344 Robarto
1101 5335 1102 5358 ,
1124 5281 1324 5344 cassellensi
1337 5282 1507 5358 praedicto,
1529 5285 1565 5344 ut
1591 5281 1743 5344 eumdem
1773 5283 1808 5344 in
1833 5285 1922 5344 bao-

274 5384 476 5464 praeeumpta
507 5395 566 5458 per
599 5376 775 5455 quemdam
816 5377 1070 5452 srubdiaoonum,
1101 5377 1274 5442 lniensem
1299 5381 1490 5457 episcopum
1515 5383 1740 5444 consecraret.
1761 5379 1922 5442 Exhibuit

275 5477 585 5561 qrramuenerabilis
600 5475 703 5538 irater
718 5477 1072 5540 noster...cassenen-
1101 5493 1255 5555 ¹quonue
1282 5477 1377 5540 nobis
1401 5478 1490 5540 idem
1510 5479 1767 5548 archidiaconus
1791 5478 1922 5542 litteras

275 5583 322 5643 sis
333 5575 604 5654 archiepiscopus
616 5573 890 5651 metropolitanus
901 5573 977 5646 laci,
989 5576 1069 5637 time
1124 5575 1230 5652 ipsius
1256 5575 1500 5654 archiepiscopi
1539 5575 1770 5649 cassellensis,
1801 5577 1920 5653 quibus

275 5679 316 5740 ad
331 5675 553 5754 apostolicam
563 5673 681 5734 Sadern
693 5674 862 5744 venturae,
873 5675 1071 5750 procurato·
1125 5673 1300 5745 satebatur,
1314 5691 1349 5734 se
1362 5675 1402 5734 de
1419 5675 1475 5736 illo
1491 5675 1716 5738 consecrando
1730 5675 1921 5736 mandatum
