3952 6350
278 333 346 394 me

280 507 316 552 se
329 489 490 567 quasdam
501 489 729 566 possessiones
740 491 817 566 iure
830 489 872 550 ad
885 489 1074 550 6616111616-

280 587 402 648 ditario
410 586 613 663 pertinentes
621 585 805 647 venerabili
815 585 910 648 fratri
922 589 1072 648 666116...

282 683 507 760 salisburgen.
522 683 772 760 archiepiscopo
794 683 995 755 vendidisse,
1010 699 1073 760 ap-

280 782 387 858 posita
403 797 444 842 ex
464 782 557 856 parte
580 781 685 856 ipsius
699 781 846 857 episcopi
862 785 953 842 certa
976 797 1072 858 poena

282 877 315 940 et
337 877 585 954 fidejussoribus
606 878 705 949 datie,
725 879 753 938 si
773 878 916 954 pretium
938 893 1074 939 earum-

280 975 355 1036 dem
381 990 447 1036 non
472 974 660 1036 1611616161
682 977 834 1036 terminis
863 976 1073 1048 constitutis;

282 1073 368 1132 unde
398 1072 504 1148 petiit,
532 1073 567 1133 ut
592 1073 879 1150 archiepiscopum
908 1074 1016 1150 ipsum
1043 1076 1075 1135 et

281 1169 493 1246 fideiussores
508 1172 580 1246 ejus
602 1169 643 1230 ad
664 1170 928 1232 observationem
944 1185 1076 1246 praeno·

280 1267 342 1329 tati
371 1269 559 1328 contractus
588 1282 706 1342 cogere
732 1269 957 1344 dignaremur.
981 1270 1073 1338 Quo-

281 1364 386 1444 circa,
409 1365 601 1426 discretioni
638 1367 758 1426 vestrae
791 1381 851 1442 per
886 1365 1074 1442 6666161166

281 1462 405 1538 6611616
431 1461 638 1531 mandamus,
667 1464 829 1539 quatenus
855 1463 993 1532 vocatis,
1018 1463 1073 1538 qui

281 1558 408 1620 fuerint
421 1559 593 1629 evocandi,
612 1561 645 1620 et
666 1558 788 1620 auditis
805 1559 882 1620 hinc
899 1560 976 1620 inde
993 1576 1073 1636 pro-

282 1657 414 1732 positis,
443 1656 529 1734 quod
554 1657 681 1734 justum
708 1656 823 1728 fuerit,
853 1658 1074 1733 appellatione

282 1753 475 1830 postposita,
493 1754 657 1824 statuatis,
672 1753 831 1815 facientes
847 1754 932 1830 quod
953 1753 1073 1815 decre-

281 1849 408 1922 veritis,
433 1851 631 1912 auctoritaie
661 1853 774 1912 nostra
797 1850 936 1912 firmiter
960 1851 1075 1912 obser-

280 1945 365 2006 vari.
385 1945 477 2017 Quod
499 1946 528 2006 si
545 1960 611 2006 non
635 1961 750 2006 omnes
775 1945 826 2006 his
852 1947 1074 2023 exsequendis

280 2041 454 2118 potueritis
489 2041 666 2114 interesse,
696 2043 750 2114 tu,
777 2042 882 2104 frater
907 2045 1072 2120 episcope,

281 2153 355 2199 curn
371 2138 485 2200 ebrum
501 2139 606 2202 altero
621 2155 661 2200 ea
677 2139 894 2222 nihilominus
910 2155 1076 2216 61166666-

280 2235 339 2295 ris.
356 2237 473 2298 Datum
491 2237 658 2308 Laterani,
680 2239 740 2298 XII
762 2237 924 2299 kalendas
949 2239 1072 2311 martii,

282 2332 495 2407 pontificatus
508 2334 614 2396 nostri
629 2349 717 2394 anno
732 2333 858 2411 quinto.

577 2544 780 2630 CCLXXII

380 2688 432 2746 Ad
448 2689 741 2761 arehiepiscopum
759 2689 974 2746 1661666661.

570 2807 603 2864 19
620 2805 690 2864 febr.
706 2809 784 2864 1211.

312 2923 428 2986 [nque.
441 2921 487 2972 lib.
497 2924 529 2981 V,
542 2922 617 2986 epist.
630 2923 685 2972 118.
704 2925 759 2972 1166.
772 2922 1041 2983 honoredomini]

165 3105 168 3116 ,
280 3027 1075 3101 ’16111661616616161616616116111611166161166,6616

315 3117 422 3175 016616
448 3117 483 3174 16
511 3119 614 3174 Sancto
646 3115 811 3186 Eustochio,
835 3115 1018 3189 prebendam
1045 3116 1073 3172 in

315 3205 405 3278 166161
419 3205 541 3263 66616616
554 3203 692 3263 66616161.

319 3321 497 3394 Honorius,
526 3323 603 3393 616,
631 3323 812 3384 venerabili
839 3323 934 3384 fratri
962 3323 1075 3383 archi-

280 3419 435 3496 episcopo
453 3422 590 3480 Reman.

321 3519 402 3576 Ecce
412 3519 482 3592 jam
491 3515 602 3586 161116,
617 3516 703 3577 61661
716 3515 914 3591 accepimus,
929 3533 987 3593 pro
1002 3519 1074 3578 Cin-

280 3609 349 3670 thio
373 3609 506 3681 clerico,
537 3611 614 3671 nato
644 3608 765 3668 nobilis
791 3610 856 3670 viri
886 3612 1008 3672 Odenis
1033 3613 1073 3671 de

282 3707 402 3768 Sancto
412 3707 602 3778 Eustachi0,
614 3706 858 3781 tibidiriqimus
867 3708 989 3785 scripta
1002 3725 1074 3770 nos·

279 3806 342 3876 tra,
359 3819 401 3864 ex
417 3820 481 3881 666
496 3805 578 3865 66116
593 3806 650 3864 166
669 3803 856 3880 intelligere
872 3807 978 3882 petest
995 3823 1073 3882 pru-

279 3901 391 3963 dentia
407 3902 492 3979 quod
513 3902 645 3978 plenam
661 3917 761 3978 super
776 3902 867 3962 illius
884 3904 1073 3980 provisione

278 3999 425 4074 gerimus
441 3999 656 4071 voluntatem,
673 4015 772 4075 quum
786 4001 920 4060 nonnisi
936 4001 976 4061 de
989 4017 1074 4060 eru-

279 4095 409 4158 beranti
430 4095 587 4172 procedat
611 4095 799 4158 mandantis
826 4097 948 4158 affectu
970 4098 1074 4174 repli-

279 4194 366 4254 catio
384 4193 626 4255 mandaterum.
642 4195 736 4254 Certe
751 4211 852 4270 quum
867 4211 932 4254 non
949 4195 992 4256 sit
1007 4195 1072 4254 du·

279 4290 370 4350 bium
388 4290 532 4352 nobilem
556 4291 662 4367 ipsum
684 4293 887 4352 antecessori
908 4293 963 4352 tuo
978 4293 1073 4367 grata

280 4387 437 4464 obsequia
447 4387 874 4464 impendisse,devoti0nem
886 4389 990 4466 ipsius
1000 4404 1074 4450 con-

279 4501 395 4561 gruem
412 4486 551 4547 1616661
572 4485 824 4548 retributionem
840 4487 994 4562 prosequi
1010 4503 1074 4546 me·

280 4583 430 4653 ritorum,
455 4583 586 4659 quando
602 4583 637 4643 in
652 4583 798 4660 ejusdem
820 4584 1073 4660 praedecessoris

279 4681 329 4740 tui
350 4680 538 4741 successisti
563 4697 646 4742 onus
676 4681 812 4757 pariter,
843 4682 876 4741 et
899 4681 1070 4742 honorem.

280 4779 386 4850 Quum
400 4791 479 4852 ergo
488 4780 558 4854 jam
574 4779 718 4838 secundo
732 4795 751 4838 a
765 4779 860 4839 nobis
876 4794 989 4856 preces
1006 4795 1075 4839 sus-

279 4875 420 4951 ceperis,
438 4876 471 4937 61
485 4875 687 4946 1666161616,
699 4878 735 4936 ut
750 4875 959 4952 praebendam
972 4877 1005 4936 in
1019 4893 1075 4937 ec-

279 4973 381 5035 clesia
405 4973 462 5034 tua
485 4971 607 5033 clerico
632 4973 801 5034 conferres
828 4973 946 5044 eidem,
964 4976 997 5034 et
1016 4974 1074 5036 ille

278 5071 439 5132 hactenus
455 5069 516 5130 sub
541 5085 599 5146 spe
622 5071 832 5132 liberalitatis
854 5071 1075 5147 166666616-

276 5169 407 5230 visione
430 5167 604 5244 repererlt,
633 5183 759 5244 nosque
782 5183 841 5244 pro
868 5169 941 5244 ipso
964 5169 1073 5228 minus

279 5281 378 5342 quam
393 5265 544 5326 decuerit
559 5264 719 5325 fuerimus
734 5265 894 5337 exauditi,
912 5265 1073 5326 fraterni-

278 5363 479 5424 16161616616
496 5362 667 5423 1166161116
678 5363 751 5423 1166
766 5379 938 5424 1666611166
952 5367 984 5425 61
995 5363 1075 5424 her-

278 5460 400 5527 tamur,
417 5473 456 5518 66
472 5473 532 5534 661
549 5457 948 5532 1666161166111116611616
965 5458 1074 5518 firmi-

280 5558 331 5616 ter
345 5554 570 5631 praecipiendo
583 5555 790 5625 mandantes,
809 5557 970 5630 quatenus
986 5571 1074 5630 616-

280 5651 439 5730 bennam,
469 5651 498 5711 si
525 5667 589 5728 666
616 5651 651 5711 16
680 5650 822 5712 66616616
846 5650 934 5712 11616
961 5651 1073 5722 16661,

895 331 1138 392 neronum
1161 331 1310 392 ornan.
1855 336 1903 392 161
1965 387 1966 412 ,

1130 488 1287 564 praedicto
1311 488 1444 558 clerico,
1462 488 1514 550 vel
1539 490 1650 550 verius
1670 487 1766 550 nobis
1786 489 1902 566 inipso,

1130 587 1304 648 concedas.
1331 587 1487 662 Alioquin
1514 603 1614 662 quum
1634 587 1719 664 qued
1742 585 1782 647 de
1803 587 1903 648 ecdem

1129 683 1327 760 incoepimus
1342 683 1486 744 nolimus
1499 683 1665 745 dimittere
1677 683 1902 759 imperfectum,
1966 699 1967 706 ¹

1130 780 1341 856 praebendam
1355 781 1391 842 in
1405 781 1548 842 ecclesia
1562 782 1620 842 tua
1633 795 1721 842 nunc
1736 782 1903 852 vacantem,

1133 878 1181 938 vel
1198 879 1226 938 si
1243 893 1309 938 non
1329 879 1818 954 16661616111661666161616,
1835 893 1903 938 nos-

1129 978 1190 1035 trae
1206 975 1377 1036 donationi
1391 991 1574 1047 servamus,
1589 975 1723 1037 irritum
1738 975 1904 1036 decernen-

1129 1075 1180 1133 tes
1193 1073 1459 1149 6611661166661
1468 1073 1583 1134 eadem
1594 1075 1668 1149 6661
1677 1073 1905 1148 susceptionem

1130 1171 1342 1246 praesentium
1358 1169 1459 1232 fuerit
1473 1172 1679 1233 attentatum.
1693 1173 1810 1231 Datum
1824 1172 1908 1230 bate-

1130 1267 1272 1336 16111111
1288 1267 1447 1329 kalendas
1459 1269 1582 1339 martii,
1592 1268 1804 1344 pontificatus
1816 1269 1905 1328 666111

1130 1381 1218 1426 6666
1238 1366 1364 1441 661616.

1414 1544 1639 1630 GCLXXIII

1130 1685 1181 1744 Ad
1195 1683 1404 1756 stepelinum
1421 1685 1707 1745 Centzcartensem
1721 1685 1905 1759 archiepisc.

1418 1804 1538 1862 161661.
1558 1805 1636 1862 liti.

1131 1919 1261 1983 [ll'illrins
1273 1919 1382 1970 Concilio
1394 1921 1487 1984 1166616
1500 1920 1594 1970 Britan.
1603 1925 1627 1970 61
1638 1920 1752 1978 llibern„
1763 1925 1783 1968 t.
1795 1920 1814 1978 1,
1823 1919 1908 1984 61111]

1166 2036 1207 2092 lie
1215 2033 1363 2092 benefieiis
1373 2035 1575 2092 ecclesiasticis
1588 2035 1731 2092 extraneis
1743 2033 1773 2090 in
1785 2034 1881 2108 166116

1296 2123 1485 2180 residentibus
1497 2137 1553 2180 nen
1569 2122 1761 2182 conferendis.

1169 2239 1908 2316 Η6661166661666666,6611666611616616,

1130 2336 1314 2397 venerabili
1342 2337 1437 2398 fratri
1469 2337 1701 2403 cantuariensi
1732 2337 1909 2412 archiepis-

1129 2437 1364 2509 6666666616
1390 2437 1547 2495 Romanae
1569 2434 1726 2496 Ecclesiae
1747 2434 1908 2504 cardinali,

1130 2532 1271 2592 salutem
1286 2533 1319 2592 et
1333 2531 1548 2608 apostolicam
1564 2531 1841 2594 benedictionem.

1170 2631 1249 2688 Cum
1264 2628 1309 2696 hi,
1320 2629 1376 2705 qui
1393 2629 1469 2689 sedi
1482 2629 1680 2705 Apostolicae
1693 2629 1850 2705 tanquam
1864 2645 1912 2689 66-

1131 2726 1190 2800 6111
1202 2726 1358 2786 Ecclesiae
1371 2726 1538 2801 generalis
1554 2726 1696 2787 fideliter
1708 2725 1909 2797 famulantur,

1130 2823 1271 2897 singulis
1284 2824 1379 2898 66661
1395 2823 1551 2884 membris
1567 2823 1692 2885 utiliter
1701 2824 1831 2884 servire
1845 2837 1912 2899 pro-
1973 2879 1974 2882 ,

1130 2919 1261 2991 bentur,
1283 2921 1418 2994 dignum
1434 2921 1485 2981 est
1503 2937 1560 2981 eos
1576 2920 1732 2996 congruis
1752 2919 1911 2981 beneflciis

1129 3018 1300 3088 honorari,
1318 3033 1360 3079 ne
1380 3017 1407 3076 si
1428 3019 1555 3080 tantum
1579 3018 1724 3094 propriis
1749 3017 1910 3094 stipendiis

1130 3115 1308 3175 militantes
1326 3115 1450 3192 sperati
1470 3116 1596 3177 fructus
1616 3115 1851 3177 fraudarentur
1864 3129 1911 3175 se·

1130 3212 1232 3284 latiis,
1253 3213 1471 3274 redderentur
1492 3213 1533 3274 ad
1555 3213 1712 3288 obsequia
1732 3213 1909 3273 tardiores:

1129 3309 1216 3370 unde
1232 3309 1354 3371 factum
1370 3313 1430 3381 est,
1448 3311 1533 3386 quod
1553 3311 1667 3371 clerici
1691 3309 1780 3386 apud
1802 3310 1908 3370 Sedens

1130 3407 1352 3482 Apostolicam
1381 3423 1447 3468 non
1467 3408 1539 3468 sine
1563 3407 1675 3468 multis
1700 3406 1866 3470 laboribus
1884 3408 1911 3466 et

1129 3505 1313 3581 sumptibus
1344 3505 1526 3567 residentes
1556 3505 1589 3565 in
1617 3505 1754 3580 Anglia,
1785 3507 1817 3566 et
1843 3504 1911 3564 aliis

1130 3603 1241 3662 mundi
1256 3602 1416 3679 partibus,
1429 3603 1656 3663 ecclesiastica
1679 3601 1840 3662 beneficia
1861 3615 1911 3678 pro

1128 3700 1276 3776 tempere
1291 3703 1368 3762 sunt
1385 3701 1508 3776 adepti,
1525 3700 1581 3776 661
1598 3715 1833 3777 nonnunquam
1854 3699 1911 3767 his,

1129 3797 1282 3874 aquibus
1295 3813 1335 3858 ea
1351 3797 1511 3865 obtinent,
1527 3797 1573 3858 ita
1592 3797 1774 3858 efficaciter
1796 3796 1911 3857 servire

1129 3911 1188 3972 pro
1208 3896 1356 3970 tempore
1376 3895 1583 3968 studuerunt,
1609 3895 1696 3971 quod
1722 3911 1789 3956 non
1813 3894 1911 3953 minus

1128 3992 1402 4053 beneficientibus
1414 3993 1542 4054 utiliter
1552 3994 1601 4053 est
1614 3993 1910 4069 provisnn1.llerum

1129 4089 1207 4166 6616
1234 4105 1470 4167 nonnunquam
1498 4089 1704 4151 beneficiatis
1732 4087 1910 4168 hujusmodi

1129 4187 1380 4259 decedentibus,
1408 4187 1580 4258 beneficia,
1606 4201 1681 4263 quae
1699 4186 1909 4254 obtinuerant,

1128 4285 1327 4346 inconsultis
1341 4285 1405 4352 his,
1422 4285 1462 4344 ad
1479 4299 1560 4362 6666
1571 4299 1685 4344 661616
1696 4283 1830 4345 1666116
1845 4297 1911 4359 per·

1128 4381 1265 4452 1166161,
1290 4382 1424 4458 61611161
1450 4383 1482 4444 61
1508 4381 1566 4442 6111
1592 4397 1628 4441 66
1652 4381 1855 4443 difficiliores
1875 4377 1908 4438 ad

1129 4479 1364 4540 conferendum
1375 4477 1536 4540 beneficia
1555 4478 1776 4552 exhibebant3
1791 4493 1848 4539 nos
1860 4493 1910 4536 16-

1129 4577 1236 4636 lentes
1256 4593 1356 4652 super
1370 4577 1432 4636 hoc
1454 4576 1638 4636 remedium
1659 4591 1841 4651 congruum
1854 4573 1907 4634 ad-

1129 4672 1255 4746 hibere,
1272 4687 1314 4734 ne
1328 4673 1481 4750 cuiquam
1499 4689 1559 4734 sua
1576 4671 1760 4735 liberalitas
1775 4672 1915 4734 6111661--

1130 4786 1222 4844 6666,
1244 4787 1423 4848 perquam
1447 4774 1556 4847 661166
1577 4772 1698 4834 1661611
1723 4772 1861 4847 gratiam
1881 4769 1909 4828 el

1130 4866 1292 4940 favorem,
1321 4869 1511 4940 statuimus,
1542 4871 1577 4930 61
1605 4869 1736 4930 61611616
1766 4865 1908 4929 Ecclesiae

1130 4968 1298 5037 Romanae,
1321 4966 1371 5026 vel
1389 4966 1465 5027 aliis
1482 4966 1617 5038 11611616,
1641 4967 1696 5043 661
1714 4965 1906 5042 praebendas,

1129 5064 1181 5123 vel
1202 5063 1373 5135 ecclesias,
1398 5079 1456 5124 seu
1476 5063 1543 5124 alia
1567 5063 1796 5125 ecclesiastica
1820 5061 1908 5123 bene-

1129 5161 1204 5224 ficia
1224 5161 1259 5220 in
1278 5161 1396 5236 Anglia
1418 5160 1631 5232 obtinuerint,
1654 5176 1675 5222 a
1699 5161 1797 5222 mode
1820 5159 1907 5219 dece-

1129 5259 1291 5329 dentibus
1310 5258 1505 5334 praebendae,
1522 5259 1574 5319 161
1596 5259 1760 5330 ecclesiae,
1781 5274 1837 5319 seu
1850 5253 1907 5316 elia

1129 5356 1289 5419 beneficia
1314 5371 1558 5432 nequaquama
1578 5355 1673 5417 nobis
1696 5355 1748 5418 vel
1770 5355 1844 5422 alio,
1857 5351 1906 5412 illa

1130 5456 1202 5515 vice
1224 5453 1326 5514 alicui
1347 5453 1572 5524 conferantur,
1590 5452 1647 5513 sed
1667 5452 1708 5513 ad
1728 5453 1803 5513 illos
1818 5449 1908 5511 libere

1129 5552 1277 5622 redeant,
1296 5550 1336 5611 ad
1353 5567 1435 5628 quos
1457 5551 1589 5612 illorum
1605 5549 1740 5611 donatio
1756 5545 1908 5624 dignosci-

1129 5653 1184 5712 tur
1202 5648 1379 5726 pertinere,
1393 5663 1522 5726 661666
1537 5646 1667 5713 idoneis
1683 5646 1830 5724 persenis
1843 5658 1913 5706 con-
