4088 6306
276 289 299 334 l

270 378 326 438 1l3

886 363 1061 448 boucart
1085 389 1129 448 ιιι
1151 391 1299 452 orrens.
1864 395 1928 454 ι-ιι

266 539 434 601 mundum.
452 543 531 603 curn
546 542 648 618 igitur
660 545 890 606 secunduma
903 561 1069 624 quaepraa
1122 545 1243 620 dotem,
1260 565 1357 627 quem
1377 549 1419 612 ad
1445 549 1509 613 hoc
1533 551 1686 614 idoneum
1702 551 1926 630 reputaverit,

265 639 368 702 missa
391 643 479 712 sunt,
504 641 598 702 vobis
622 643 850 704 sustinendum
877 659 943 704 non
968 643 1070 708 fuerit
1122 660 1331 724 penesquem
1346 647 1387 710 de
1406 647 1511 726 ipsius
1526 649 1649 726 prioris
1666 651 1825 712 mandato
1840 666 1929 712 cura

267 739 442 799 occasione
467 739 652 800 litterarum
673 741 714 800 ad
741 739 914 802 Ebroiceu.
936 737 1068 819 judices
1123 743 1345 821 spiritualium
1359 749 1425 807 tarn
1441 747 1692 819 circaclericos,
1706 765 1804 825 quam
1817 749 1929 810 laicos

267 833 486 908 obtentarum,
504 835 697 900 discretioni
713 840 832 900 vestrae
849 854 909 916 per
923 837 1068 916 Aposto-
1122 843 1256 904 omnino
1271 845 1427 917 resideat,
1436 846 1468 907 et
1478 861 1591 906 omnes
1607 846 1712 907 eidem
1729 851 1931 908 reverenter

266 932 332 994 lica
347 935 470 1011 scripta
498 935 704 1006 mandamus
727 938 900 1013 quatenus,
919 935 983 996 nisi
1001 935 1070 997 for·
1122 933 1316 1003 obediantet
1329 940 1511 1004 intendant.
1522 943 1676 1021 Idemque
1684 943 1932 1005 sacerdoscor-

265 1045 326 1092 san
341 1032 375 1094 iu
391 1033 511 1096 litteris
522 1033 562 1095 ad
579 1035 668 1114 ipsos
684 1033 856 1096 libroicen.
875 1033 1009 1097 directis
1025 1049 1068 1096 ex
1122 1035 1249 1114 rigandi
1266 1041 1332 1101 tam
1349 1041 1543 1102 clericorum
1558 1058 1656 1118 quarn
1669 1042 1832 1103 laicorum
1857 1057 1931 1103 ex·-

265 1129 490 1213 probabilibus
505 1135 619 1198 causis
632 1132 733 1195 fuerit
748 1133 921 1209 signanter
935 1145 1068 1209 expres-
1122 1151 1235 1197 cessus
1250 1135 1381 1213 plenam
1394 1137 1514 1200 habeat
1529 1140 1735 1215 potestatem,
1748 1138 1795 1200 ita
1810 1141 1930 1202 tamen

263 1247 348 1311 sum,
378 1236 412 1303 ut
438 1234 657 1320 procederent
676 1233 712 1298 in
738 1231 810 1314 ipso
834 1231 978 1307 negotio,
1000 1243 1066 1293 ιιοιι
1122 1233 1207 1310 quod
1224 1249 1285 1294 nec
1300 1233 1467 1295 curiosum
1489 1251 1603 1298 acura
1619 1236 1796 1313 temporali
1813 1237 1931 1313 depo-

262 1332 415 1402 ohstante
443 1341 529 1430 quod
556 1341 644 1412 idem
667 1336 707 1404 de
731 1347 896 1400 consensu
922 1329 1066 1410 partium
1121 1345 1314 1408 poneranec
1328 1332 1472 1411 aliquem
1488 1328 1529 1394 ab
1544 1334 1661 1394 ordine
1680 1335 1802 1410 poterit
1818 1349 1932 1394 remo·

261 1435 357 1500 vobis
377 1441 451 1514 erat
468 1438 510 1500 ab
525 1439 714 1516 apostolica
739 1439 823 1502 Sede
838 1431 1063 1506 commissum,
1120 1443 1217 1506 vere;
1237 1429 1293 1489 sed
1316 1427 1379 1490 lroc
1400 1427 1462 1492 soli
1484 1429 1588 1507 priori
1612 1431 1815 1492 reservetur.
1843 1429 1933 1502 Qui·
2035 1429 2036 1438 ’

260 1553 322 1600 vos
348 1537 417 1601 illis
452 1553 661 1615 nequaquam
696 1537 919 1612 obstantibus,
952 1533 988 1600 in
1025 1548 1065 1595 eo
1120 1543 1262 1609 cumque
1291 1529 1401 1590 autern
1428 1527 1499 1588 sive
1523 1528 1678 1600 clericus,
1709 1527 1780 1588 sive
1802 1527 1930 1598 laicus,

256 1635 357 1712 juxta
373 1634 512 1716 formam
525 1635 619 1696 vobis
633 1636 790 1712 traditam
807 1634 937 1711 sublato
950 1633 1066 1712 appel·
1119 1633 1190 1696 sive
1211 1629 1310 1694 etiam
1329 1629 1402 1706 ipae
1426 1625 1579 1687 curiosus
1595 1629 1666 1702 ejus
1680 1625 1930 1687 correctionem

262 1734 401 1798 lationis
420 1731 590 1795 obstaculo
608 1733 807 1811 procedatis.
832 1733 972 1806 Quodsi
997 1749 1063 1794 non
1119 1735 1269 1814 recipere
1294 1721 1510 1796 recusaverit,
1541 1722 1645 1784 tribus
1671 1723 1788 1784 diebus
1809 1724 1931 1784 conti-

263 1847 390 1905 ornues,
406 1833 467 1894 etc.
481 1833 597 1893 Datum
615 1832 770 1904 Laterani
786 1831 931 1892 secundo
946 1828 1066 1903 kalen·

264 1931 324 1992 das
339 1931 462 2004 martii,
487 1929 699 2006 pontificatus
719 1929 824 1992 nostri
849 1945 937 1991 anno
952 1928 1062 1993 tertio.

565 2100 758 2187 CXXXVI

295 2239 347 2309 Ad
357 2239 516 2311 priorem
532 2235 881 2297 Grandimouteuscm
893 2235 1034 2307 marsque

594 2334 738 2407 (ratres,

555 2448 567 2502 l
591 2446 684 2503 martii
700 2446 779 2502 late.

391 2542 543 2608 [Bulleriunr
559 2544 712 2598 Romanurn,
724 2542 769 2599 lll,
779 2541 835 2600 etl,
851 2555 877 2592 u.
888 2540 941 2602 32]

297 2643 470 2712 deformatio
485 2641 594 2700 ordinis
613 2639 880 2699 Grandirnontensis
899 2640 929 2696 in
944 2653 1036 2712 reguo

574 2733 757 2788 Francorum.

306 2833 484 2902 Honorius
498 2833 573 2902 etc..
586 2829 716 2890 dilectis
729 2827 806 2888 tiliis
816 2826 919 2904 priori
932 2824 1069 2887 Grandia

267 2933 411 2994 nronten.
428 2932 566 3006 ejusque
586 2926 745 2989 fratribus
760 2927 828 2988 tam
848 2922 1069 3002 praesentibus

268 3045 367 3106 quam
382 3027 502 3090 futuris
526 3027 716 3103 regularem
736 3025 840 3085 vitam
856 3021 1018 3099 professis
1033 3021 1068 3082 in

270 3128 474 3203 perpetuum,
500 3121 698 3184 salutemet
723 3120 943 3199 apostolicam
961 3116 1068 3183 bene-

271 3225 460 3286 dictionem.

309 3323 357 3384 Ad
380 3319 573 3397 sopiendam
586 3317 758 3379 materiam
771 3317 971 3394 jurgiorum,
996 3329 1069 3392 quae

269 3421 391 3490 vestrae
406 3418 580 3494 religionis
601 3415 746 3492 quietem
769 3414 867 3489 longo
891 3416 962 3490 jam
986 3415 1071 3474 tem·

272 3535 350 3596 pore
365 3516 593 3585 turbaverunt,
604 3514 715 3590 plures
732 3513 798 3574 taur
814 3527 834 3571 a
850 3509 956 3582 nobis,
971 3525 1068 3588 quam

271 3633 291 3678 a
320 3615 428 3678 felicis
454 3611 696 3675 recordationis
722 3608 867 3680 Urbano,
889 3607 1068 3678 Clemente,

271 3713 460 3784 coelestino,
486 3709 678 3771 Innocentio
693 3709 726 3770 et
749 3707 825 3768 aliis
848 3705 1073 3784 praedecesso-

272 3813 366 3876 ribus
387 3809 511 3872 nostris
533 3807 692 3878 Romanis
713 3802 930 3868 Pontificibus
955 3801 1070 3863 indul-

272 3911 404 3988 gentiae,
430 3923 470 3970 ao
498 3905 675 3984 privilegia
699 3903 908 3972 emanarunt,
932 3914 1071 3978 quorum

273 4007 518 4071 multitudinem
533 4003 575 4064 ad
598 4001 829 4079 compendium
845 3999 1001 4060 duximus
1017 4011 1073 4058 re-

272 4105 459 4182 digendam,
477 4100 609 4176 singula
625 4114 739 4160 eorum
758 4096 904 4174 capitula
920 4109 1071 4171 praesen-

272 4205 363 4268 tibus.
377 4197 624 4276 complectendo
637 4194 833 4274 quibusdam
849 4192 997 4268 exceptis
1013 4206 1074 4268 per

273 4301 512 4379 obreptionem,
536 4298 571 4356 ut
590 4294 732 4364 videtur,
747 4291 901 4360 obtentis,
922 4305 994 4366 quae
1019 4288 1072 4348 vel

273 4399 398 4477 regulae
413 4397 533 4458 vestrae
552 4391 732 4461 contraria,
750 4388 803 4450 vel
818 4388 906 4448 inter
921 4401 956 4446 se
980 4383 1072 4446 invi-

274 4515 345 4561 cem
371 4496 505 4566 dissona
526 4489 736 4558 videbantur,
762 4484 901 4546 aretiis
926 4483 966 4543 de
988 4497 1073 4544 novo

273 4595 425 4674 adjectis
443 4591 541 4668 prout
555 4587 631 4665 paci
650 4587 683 4647 et
704 4580 939 4660 tranquillitati
953 4583 1073 4641 vestrae

274 4694 419 4756 vidimus
432 4686 600 4764 expedire.
617 4687 655 4744 lu
676 4681 791 4759 primis
806 4695 885 4755 ergo
899 4677 1074 4738 statuimus

276 4794 312 4859 ut
326 4791 429 4869 prior,
447 4786 502 4863 qui
519 4800 578 4860 pro
591 4784 740 4856 tempore
762 4777 873 4850 fuerit,
893 4775 1023 4851 plenam
1040 4773 1074 4833 in

276 4883 506 4968 spiritualibus
522 4882 555 4942 et
566 4875 805 4954 temporalibus
821 4873 943 4934 lrabeat
960 4874 1074 4949 potes-

275 4992 388 5057 tatem,
401 4985 433 5048 et
446 4995 560 5044 omnes
575 4975 690 5038 clerici
712 4975 744 5035 et
762 4971 916 5034 conversi
930 4972 997 5032 tarn
1013 4983 1074 5029 ca-

277 5085 459 5164 pitisquam
470 5075 692 5148 membrorum
703 5068 898 5132 eiobediant
912 5066 1073 5136 absolute,

278 5186 429 5259 idemque
440 5173 628 5254 spiritualia
637 5185 711 5232 cum
723 5167 855 5230 clericis
867 5166 1077 5240 attempera-

276 5282 363 5348 ralia
376 5293 450 5340 cum
467 5269 637 5336 conversis
650 5267 814 5343 disponet.
839 5262 1075 5324 Verumtamen

276 5374 534 5442 inordinatione
549 5365 773 5447 spiritualium
786 5364 820 5423 et
842 5357 1075 5435 temporalium

275 5474 424 5540 licebitei
432 5471 571 5532 clericos
581 5467 614 5528 et
624 5476 813 5530 conversos,
825 5473 908 5535 quos
920 5453 1073 5524 voluerit,

275 5577 308 5636 et
327 5570 434 5646 magis
457 5568 594 5628 idoneos
614 5559 735 5622 viderit
748 5556 923 5624 advocare,
951 5552 984 5612 et
1010 5549 1075 5610 ha-

276 5665 539 5737 berecousiliurn
550 5659 751 5722 eorumdem.
761 5659 834 5732 lpse
845 5665 975 5729 quoque
986 5647 1077 5726 prior

276 5767 412 5836 cuilibet
427 5763 520 5826 cellae
537 5757 663 5822 ordinis
676 5769 777 5817 unum
791 5749 951 5828 praeliciat
967 5760 1076 5824 sacer·

1119 1836 1194 1895 nuis
1222 1834 1262 1895 ad
1289 1833 1412 1896 terram
1441 1819 1592 1888 comedat
1606 1821 1766 1897 grossiori
1788 1835 1879 1897 pane
1896 1821 1932 1881 et

1119 1948 1217 2009 aqua,
1238 1948 1369 2011 unoque
1392 1929 1520 1994 tantum
1541 1919 1712 2003 pulmento
1734 1919 1930 1988 contemne,

1119 2032 1152 2090 et
1178 2031 1207 2090 si
1238 2029 1502 2107 perseveraverit
1535 2021 1576 2088 ad
1602 2017 1749 2100 priOrem
1772 2015 1933 2076 mittatur
2035 2043 2036 2054 ¹

1120 2131 1192 2206 ejus
1207 2126 1347 2188 arbitrio
1362 2127 1561 2204 puniendus.

1160 2228 1264 2286 Porro
1278 2225 1350 2302 ipse
1364 2226 1530 2290 corrector
1545 2235 1676 2300 semper
1687 2215 1806 2280 diebus
1820 2211 1932 2276 domi-
2035 2269 2036 2285 ,

1120 2322 1205 2384 nicis
1233 2324 1266 2384 et
1291 2321 1417 2384 festivis
1449 2321 1522 2398 post
1543 2321 1707 2395 Primam3
1737 2331 1799 2396 pro
1826 2313 1931 2375 festis
2035 2319 2036 2338 ¹

1120 2437 1201 2483 vero
1217 2419 1332 2482 diebus
1348 2420 1382 2480 in
1398 2419 1516 2496 hyeme
1532 2421 1605 2502 post
1619 2417 1777 2489 Tertiam,
1799 2411 1930 2489 etpost

1121 2520 1267 2581 Primam
1301 2518 1335 2578 in
1371 2518 1485 2578 aestate
1512 2514 1693 2596 capitulum
1726 2515 1852 2584 teneat,
1885 2509 1928 2571 ad

1121 2618 1207 2700 quod
1221 2616 1362 2694 singulis
1378 2615 1493 2675 diebus
1509 2613 1709 2675 conveniant
1719 2627 1837 2673 omnes
1853 2611 1928 2670 cle-

1121 2716 1183 2778 rici
1199 2716 1231 2777 et
1245 2713 1397 2776 conversi
1412 2713 1468 2790 qui
1484 2713 1640 2789 poterunt
1657 2709 1849 2772 convenire.
1864 2711 1930 2769 Do-

1122 2814 1254 2882 rulnicis
1269 2828 1348 2874 vero
1372 2813 1405 2872 et
1426 2809 1555 2872 festivis
1578 2809 1696 2870 diebus
1719 2807 1931 2870 conveniant

1123 2927 1237 2976 ornnes
1252 2911 1319 2972 tam
1335 2907 1460 2979 clerici,
1487 2923 1583 2985 quam
1604 2907 1695 2978 laici,
1713 2906 1829 2981 eisque
1848 2919 1930 2964 om-

1123 3009 1220 3076 nibus
1236 3008 1404 3070 corrector
1418 3007 1452 3067 in
1469 3006 1542 3082 ipso
1558 3002 1703 3080 capitulo
1723 3002 1851 3080 praesit,
1870 3002 1930 3062 ubi

1123 3106 1286 3190 proponat
1304 3105 1374 3181 ipse
1396 3103 1575 3170 corrector,
1600 3116 1659 3160 seu
1679 3098 1767 3159 alius
1782 3097 1929 3158 verbum

1123 3204 1183 3266 Dei
1207 3199 1402 3279 exponendo
1423 3197 1555 3277 aliquod
1577 3195 1759 3274 capitulum
1781 3195 1928 3271 regulae,

1123 3303 1181 3364 aut
1196 3299 1297 3372 aliud,
1311 3297 1396 3376 quod
1411 3297 1450 3358 ad
1467 3295 1654 3358 animarum
1666 3291 1929 3354 aedificationem

1125 3399 1290 3478 pertineat
1315 3393 1539 3474 proponendo,
1570 3392 1723 3469 idemque
1752 3393 1932 3452 corrector

1125 3497 1282 3572 corrigat,
1308 3495 1341 3555 et
1364 3490 1562 3569 disciplinet,
1592 3506 1666 3550 cum
1696 3505 1779 3566 opus
1809 3487 1928 3558 fuerit,

1126 3610 1239 3662 omnes
1252 3595 1320 3654 tam
1335 3590 1475 3652 clericos
1494 3605 1592 3666 quam
1607 3587 1725 3659 laicos,
1746 3586 1779 3647 et
1799 3586 1931 3647 statuta

1125 3693 1252 3754 ordinis
1276 3689 1377 3751 faciat
1401 3687 1441 3748 ab
1468 3684 1620 3748 omnibus
1643 3683 1828 3754 observari,
1850 3699 1930 3760 quae

1126 3791 1237 3853 omnia
1253 3787 1369 3864 inipso
1380 3784 1487 3861 capite
1500 3781 1675 3858 adimpleri
1695 3782 1851 3856 volumus
1867 3797 1931 3858 per

1126 3889 1271 3968 priorem
1294 3884 1347 3946 vel
1372 3882 1556 3960 perillum,
1591 3881 1645 3942 cui
1672 3879 1765 3956 prior
1785 3879 1860 3955 ipse
1893 3877 1929 3938 id

1127 3985 1260 4052 duxerit
1285 3980 1535 4060 injungendum,
1559 3978 1621 4039 hoc
1643 3976 1876 4038 moderamine
1892 3976 1932 4036 in

1127 4078 1393 4147 correctionibus
1408 4077 1597 4149 observato,
1615 4078 1651 4136 ut
1673 4073 1838 4135 correctio
1855 4073 1934 4135 illo-

1126 4197 1200 4243 rum
1225 4177 1420 4240 delictorum
1441 4172 1622 4244 dumtaxat,
1649 4185 1789 4250 quorum
1810 4185 1933 4231 emen·
2035 4199 2036 4252 l

1127 4279 1218 4339 datio
1242 4275 1315 4336 sine
1338 4273 1449 4350 priore
1471 4269 1651 4331 secundum
1675 4269 1799 4329 statuta
1819 4268 1931 4329 vestri

1128 4374 1254 4438 ordinis
1270 4369 1341 4432 fieri
1364 4370 1472 4446 potest
1491 4383 1550 4444 per
1571 4367 1678 4443 ipsum
1701 4369 1931 4427 correctorem
2035 4429 2036 4432 ,

1129 4473 1196 4538 fiat.
1213 4471 1258 4532 ita
1282 4471 1317 4530 ut
1336 4467 1432 4546 juxta
1453 4467 1524 4542 ejus
1543 4462 1787 4541 providentiam
1810 4462 1931 4523 clerici

1129 4586 1187 4649 per
1201 4568 1351 4636 clericos,
1369 4566 1401 4625 et
1416 4562 1566 4623 conversi
1585 4577 1644 4636 per
1659 4574 1841 4620 conversos
1856 4559 1933 4621 dis-
2035 4611 2036 4636 ,

1129 4666 1340 4744 ciplinentur,
1359 4659 1413 4721 ubi
1432 4661 1494 4720 boc
1516 4673 1673 4719 excessus
1690 4657 1879 4733 exegerint,
1898 4659 1933 4718 et

1129 4765 1255 4828 ordinis
1285 4761 1434 4822 instituta
1471 4755 1702 4833 requisierint,
1736 4771 1798 4815 nec
1837 4754 1932 4815 ullus
2035 4823 2036 4828 ἵ

1129 4863 1290 4924 laicorum
1306 4859 1444 4920 fratrum
1464 4855 1498 4915 in
1518 4852 1795 4924 confessionibus,
1814 4854 1931 4930 poeni·
2035 4829 2036 4888 3

1128 4959 1253 5030 tentiis
1271 4955 1393 5018 divinis
1408 4951 1525 5014 officiis
1539 4949 1760 5022 celebrandis
1777 4953 1811 5011 et
1825 4953 1934 5011 corri-
2035 4987 2036 5026 3

1129 5055 1244 5133 gaudis
1265 5049 1457 5115 excessibus
1479 5047 1676 5110 clericorum
1699 5047 1846 5122 aliquam
1864 5047 1933 5108 sibi

1129 5151 1359 5215 auctoritatem
1383 5148 1530 5223 usurpet,
1557 5144 1613 5205 sed
1638 5143 1846 5205 haecomnia
1870 5161 1934 5224 per
2035 5195 2036 5200 ,

1131 5252 1273 5328 priorem
1295 5252 1327 5310 et
1348 5245 1579 5314 correctorem,
1606 5241 1693 5302 sicut
1716 5243 1934 5318 praenuntia-
2035 5251 2036 5262 ¹

1130 5352 1199 5410 tum
1221 5348 1281 5416 est,
1306 5343 1516 5420 impleantur.
1542 5341 1766 5426 Quaecumque
1790 5343 1933 5415 peccata

1130 5444 1252 5522 aliquis
1267 5443 1406 5502 fratrum
1420 5437 1622 5500 commiserit
1635 5435 1736 5498 alicui
1747 5437 1931 5512 sacerdoti,
2035 5467 2036 5470 ¹

1131 5543 1186 5620 qui
1202 5557 1276 5604 cum
1291 5555 1331 5600 eo
1347 5535 1446 5598 fuerit
1460 5535 1494 5594 in
1507 5550 1567 5602 sua
1583 5533 1716 5604 cellula,
1733 5549 1774 5594 ea
1790 5535 1935 5597 confite-

1130 5641 1229 5710 bitur,
1247 5652 1307 5698 nec
1322 5631 1486 5712 oportebit
1501 5647 1575 5694 eum
1592 5631 1631 5692 de
1648 5631 1850 5692 necessitate
1867 5633 1935 5693 cel·
2035 5625 2036 5694 j

1106 5728 1931 5834 ⁸lulamocoasionedicendaeconfessionisexire
