<?xml version="1.0" encoding="UTF-8"?>
<!DOCTYPE html PUBLIC "-//W3C//DTD XHTML 1.0 Transitional//EN"
    "http://www.w3.org/TR/xhtml1/DTD/xhtml1-transitional.dtd">
<html xmlns="http://www.w3.org/1999/xhtml" xml:lang="en" lang="en">
 <head>
  <title>
</title>
<meta http-equiv="Content-Type" content="text/html;charset=utf-8" />
  <meta name='ocr-system' content='tesseract 3.04.00' />
  <meta name='ocr-capabilities' content='ocr_page ocr_carea ocr_par ocr_line ocrx_word'/>
</head>
<body>
  <div class='ocr_page' id='page_1' title='image "./mediiaevibiblio01bottgoog_0233.png"; bbox 0 0 3946 6304; ppageno 0'>
   <div class='ocr_carea' id='block_1_1' title="bbox 121 263 241 366">
    <p class='ocr_par' dir='ltr' id='par_1_1' title="bbox 121 263 241 366">
     <span class='ocr_line' id='line_1_1' title="bbox 121 263 241 366; baseline -0.025 1"><span class='ocrx_word' id='word_1_1' title='bbox 121 263 122 270; x_wconf 11' lang='grc' dir='ltr'><strong><em>Ν</em></strong></span> <span class='ocrx_word' id='word_1_2' title='bbox 182 303 241 366; x_wconf 78' lang='lat' dir='ltr'><strong>lae</strong></span> 
     </span>
    </p>
   </div>
   <div class='ocr_carea' id='block_1_2' title="bbox 162 462 980 3268">
    <p class='ocr_par' dir='ltr' id='par_1_2' title="bbox 162 462 980 3268">
     <span class='ocr_line' id='line_1_2' title="bbox 181 462 975 528; baseline -0.004 -3"><span class='ocrx_word' id='word_1_3' title='bbox 181 463 417 528; x_wconf 75' lang='lat' dir='ltr'><strong>satisfactionis</strong></span> <span class='ocrx_word' id='word_1_4' title='bbox 450 465 538 525; x_wconf 88' lang='lat' dir='ltr'><strong>viam</strong></span> <span class='ocrx_word' id='word_1_5' title='bbox 566 463 704 524; x_wconf 79' lang='lat' dir='ltr'>redeant</span> <span class='ocrx_word' id='word_1_6' title='bbox 729 462 771 523; x_wconf 91' lang='lat' dir='ltr'><strong>ad</strong></span> <span class='ocrx_word' id='word_1_7' title='bbox 798 463 975 524; x_wconf 89' lang='lat' dir='ltr'><strong>Dominum</strong></span> 
     </span>
     <span class='ocr_line' id='line_1_3' title="bbox 182 558 975 639; baseline -0.003 -17"><span class='ocrx_word' id='word_1_8' title='bbox 182 564 285 622; x_wconf 90' lang='lat' dir='ltr'><strong>Deum</strong></span> <span class='ocrx_word' id='word_1_9' title='bbox 306 578 412 633; x_wconf 88' lang='lat' dir='ltr'><strong>suum,</strong></span> <span class='ocrx_word' id='word_1_10' title='bbox 429 577 449 622; x_wconf 90' lang='lat' dir='ltr'><strong>a</strong></span> <span class='ocrx_word' id='word_1_11' title='bbox 465 577 529 639; x_wconf 93' lang='lat' dir='ltr'><strong>quo</strong></span> <span class='ocrx_word' id='word_1_12' title='bbox 546 576 606 637; x_wconf 91' lang='lat' dir='ltr'><strong>per</strong></span> <span class='ocrx_word' id='word_1_13' title='bbox 625 559 762 622; x_wconf 87' lang='lat' dir='ltr'><strong>diutinae</strong></span> <span class='ocrx_word' id='word_1_14' title='bbox 777 558 975 621; x_wconf 82' lang='lat' dir='ltr'><strong>offensionis</strong></span> 
     </span>
     <span class='ocr_line' id='line_1_4' title="bbox 180 656 973 736; baseline -0.003 -16"><span class='ocrx_word' id='word_1_15' title='bbox 180 659 263 720; x_wconf 87' lang='lat' dir='ltr'><strong>vitia</strong></span> <span class='ocrx_word' id='word_1_16' title='bbox 289 660 509 732; x_wconf 87' lang='lat' dir='ltr'><strong>recesserunt,</strong></span> <span class='ocrx_word' id='word_1_17' title='bbox 536 661 569 721; x_wconf 89' lang='grc'><strong>61</strong></span> <span class='ocrx_word' id='word_1_18' title='bbox 591 657 815 736; x_wconf 81' lang='lat' dir='ltr'><strong>Apostolicam</strong></span> <span class='ocrx_word' id='word_1_19' title='bbox 845 656 973 728; x_wconf 83' lang='lat' dir='ltr'><strong>Sedem,</strong></span> 
     </span>
     <span class='ocr_line' id='line_1_5' title="bbox 181 755 973 834; baseline 0 -16"><span class='ocrx_word' id='word_1_20' title='bbox 181 773 280 834; x_wconf 88' lang='lat' dir='ltr'><strong>quam</strong></span> <span class='ocrx_word' id='word_1_21' title='bbox 307 757 460 833; x_wconf 88' lang='lat' dir='ltr'><strong>superbia</strong></span> <span class='ocrx_word' id='word_1_22' title='bbox 487 772 547 816; x_wconf 90' lang='lat' dir='ltr'><strong>sua</strong></span> <span class='ocrx_word' id='word_1_23' title='bbox 577 757 725 832; x_wconf 90' lang='lat' dir='ltr'><strong>graviter</strong></span> <span class='ocrx_word' id='word_1_24' title='bbox 747 755 973 827; x_wconf 83' lang='lat' dir='ltr'><strong>offenderunt,</strong></span> 
     </span>
     <span class='ocr_line' id='line_1_6' title="bbox 182 853 977 931; baseline 0 -17"><span class='ocrx_word' id='word_1_25' title='bbox 182 854 370 916; x_wconf 89' lang='lat' dir='ltr'><strong>bumilitate</strong></span> <span class='ocrx_word' id='word_1_26' title='bbox 406 854 575 931; x_wconf 85' lang='lat' dir='ltr'><strong>placantes</strong></span> <span class='ocrx_word' id='word_1_27' title='bbox 599 853 683 915; x_wconf 85' lang='lat' dir='ltr'><strong>inira</strong></span> <span class='ocrx_word' id='word_1_28' title='bbox 716 869 875 925; x_wconf 88' lang='lat' dir='ltr'><strong>mensem,</strong></span> <span class='ocrx_word' id='word_1_29' title='bbox 903 853 977 930; x_wconf 87' lang='lat' dir='ltr'><strong>post</strong></span> 
     </span>
     <span class='ocr_line' id='line_1_7' title="bbox 183 952 977 1028; baseline -0.004 -15"><span class='ocrx_word' id='word_1_30' title='bbox 183 952 425 1028; x_wconf 83' lang='lat' dir='ltr'><strong>susceptionem</strong></span> <span class='ocrx_word' id='word_1_31' title='bbox 447 952 633 1014; x_wconf 89' lang='lat' dir='ltr'><strong>litterarum</strong></span> <span class='ocrx_word' id='word_1_32' title='bbox 659 954 865 1024; x_wconf 89' lang='lat' dir='ltr'><strong>nostrarum,</strong></span> <span class='ocrx_word' id='word_1_33' title='bbox 895 966 977 1028; x_wconf 91' lang='lat' dir='ltr'><strong>quas</strong></span> 
     </span>
     <span class='ocr_line' id='line_1_8' title="bbox 183 1047 976 1126; baseline 0 -16"><span class='ocrx_word' id='word_1_34' title='bbox 183 1049 233 1110; x_wconf 91' lang='lat' dir='ltr'><strong>eis</strong></span> <span class='ocrx_word' id='word_1_35' title='bbox 257 1066 356 1126; x_wconf 89' lang='lat' dir='ltr'><strong>super</strong></span> <span class='ocrx_word' id='word_1_36' title='bbox 370 1050 433 1112; x_wconf 94' lang='lat' dir='ltr'><strong>boc</strong></span> <span class='ocrx_word' id='word_1_37' title='bbox 446 1049 631 1126; x_wconf 83' lang='lat' dir='ltr'><strong>dirigimus,</strong></span> <span class='ocrx_word' id='word_1_38' title='bbox 645 1050 760 1126; x_wconf 90' lang='lat' dir='ltr'><strong>jurent</strong></span> <span class='ocrx_word' id='word_1_39' title='bbox 773 1048 809 1109; x_wconf 96' lang='lat' dir='ltr'><strong>in</strong></span> <span class='ocrx_word' id='word_1_40' title='bbox 824 1047 976 1110; x_wconf 89' lang='lat' dir='ltr'><strong>manibus</strong></span> 
     </span>
     <span class='ocr_line' id='line_1_9' title="bbox 182 1146 977 1223; baseline -0.001 -14"><span class='ocrx_word' id='word_1_41' title='bbox 182 1147 384 1210; x_wconf 89' lang='lat' dir='ltr'><strong>venerabilis</strong></span> <span class='ocrx_word' id='word_1_42' title='bbox 405 1146 519 1209; x_wconf 81' lang='lat' dir='ltr'><strong>fratris</strong></span> <span class='ocrx_word' id='word_1_43' title='bbox 539 1148 644 1209; x_wconf 90' lang='lat' dir='ltr'><strong>nostri</strong></span> <span class='ocrx_word' id='word_1_44' title='bbox 660 1147 810 1208; x_wconf 89' lang='lat' dir='ltr'><strong>Paduani</strong></span> <span class='ocrx_word' id='word_1_45' title='bbox 830 1147 977 1223; x_wconf 86' lang='lat' dir='ltr'><strong>episcopi</strong></span> 
     </span>
     <span class='ocr_line' id='line_1_10' title="bbox 184 1243 978 1322; baseline 0 -18"><span class='ocrx_word' id='word_1_46' title='bbox 184 1245 322 1322; x_wconf 84' lang='lat' dir='ltr'><strong>praecise</strong></span> <span class='ocrx_word' id='word_1_47' title='bbox 333 1243 467 1306; x_wconf 92' lang='lat' dir='ltr'><strong>obedire</strong></span> <span class='ocrx_word' id='word_1_48' title='bbox 479 1245 644 1306; x_wconf 89' lang='lat' dir='ltr'><strong>mandatis</strong></span> <span class='ocrx_word' id='word_1_49' title='bbox 653 1245 787 1316; x_wconf 89' lang='lat' dir='ltr'><strong>nostris,</strong></span> <span class='ocrx_word' id='word_1_50' title='bbox 800 1244 869 1306; x_wconf 83' lang='lat' dir='ltr'><strong>tarn</strong></span> <span class='ocrx_word' id='word_1_51' title='bbox 878 1259 978 1319; x_wconf 89' lang='lat' dir='ltr'><strong>super</strong></span> 
     </span>
     <span class='ocr_line' id='line_1_11' title="bbox 184 1340 976 1420; baseline -0.003 -18"><span class='ocrx_word' id='word_1_52' title='bbox 184 1340 330 1414; x_wconf 86' lang='lat' dir='ltr'><strong>damnis,</strong></span> <span class='ocrx_word' id='word_1_53' title='bbox 346 1357 445 1419; x_wconf 91' lang='lat' dir='ltr'><strong>quam</strong></span> <span class='ocrx_word' id='word_1_54' title='bbox 461 1358 562 1418; x_wconf 90' lang='lat' dir='ltr'><strong>super</strong></span> <span class='ocrx_word' id='word_1_55' title='bbox 578 1341 723 1420; x_wconf 89' lang='lat' dir='ltr'><strong>injuriis,</strong></span> <span class='ocrx_word' id='word_1_56' title='bbox 739 1357 820 1418; x_wconf 91' lang='lat' dir='ltr'><strong>quas</strong></span> <span class='ocrx_word' id='word_1_57' title='bbox 841 1342 976 1416; x_wconf 87' lang='lat' dir='ltr'><strong>irroga·</strong></span> 
     </span>
     <span class='ocr_line' id='line_1_12' title="bbox 184 1435 978 1517; baseline -0.003 -17"><span class='ocrx_word' id='word_1_58' title='bbox 184 1439 262 1500; x_wconf 92' lang='lat' dir='ltr'><strong>runt</strong></span> <span class='ocrx_word' id='word_1_59' title='bbox 275 1439 431 1517; x_wconf 84' lang='lat' dir='ltr'><strong>episcopo</strong></span> <span class='ocrx_word' id='word_1_60' title='bbox 446 1441 639 1510; x_wconf 87' lang='lat' dir='ltr'><strong>memorato,</strong></span> <span class='ocrx_word' id='word_1_61' title='bbox 654 1439 787 1500; x_wconf 88' lang='lat' dir='ltr'><strong>interim</strong></span> <span class='ocrx_word' id='word_1_62' title='bbox 802 1435 843 1499; x_wconf 89' lang='lat' dir='ltr'><strong>ab</strong></span> <span class='ocrx_word' id='word_1_63' title='bbox 858 1441 930 1514; x_wconf 89' lang='lat' dir='ltr'><strong>ejus</strong></span> <span class='ocrx_word' id='word_1_64' title='bbox 945 1439 978 1499; x_wconf 88' lang='grc'><strong>61</strong></span> 
     </span>
     <span class='ocr_line' id='line_1_13' title="bbox 183 1537 975 1615; baseline -0.003 -17"><span class='ocrx_word' id='word_1_65' title='bbox 183 1537 334 1599; x_wconf 86' lang='lat' dir='ltr'><strong>ecclesiae</strong></span> <span class='ocrx_word' id='word_1_66' title='bbox 348 1553 416 1598; x_wconf 80' lang='lat' dir='ltr'><strong>suae</strong></span> <span class='ocrx_word' id='word_1_67' title='bbox 436 1537 590 1599; x_wconf 88' lang='lat' dir='ltr'><strong>molestia</strong></span> <span class='ocrx_word' id='word_1_68' title='bbox 604 1538 736 1614; x_wconf 90' lang='lat' dir='ltr'><strong>penitus</strong></span> <span class='ocrx_word' id='word_1_69' title='bbox 749 1537 975 1615; x_wconf 87' lang='lat' dir='ltr'><strong>quiescentes;</strong></span> 
     </span>
     <span class='ocr_line' id='line_1_14' title="bbox 171 1633 976 1711; baseline -0.001 -15"><span class='ocrx_word' id='word_1_70' title='bbox 171 1633 324 1711; x_wconf 53' lang='lat' dir='ltr'><strong>,ideoque</strong></span> <span class='ocrx_word' id='word_1_71' title='bbox 339 1635 549 1696; x_wconf 78' lang='lat' dir='ltr'><strong>universitati</strong></span> <span class='ocrx_word' id='word_1_72' title='bbox 564 1636 683 1696; x_wconf 87' lang='lat' dir='ltr'><strong>vestrae</strong></span> <span class='ocrx_word' id='word_1_73' title='bbox 703 1635 739 1696; x_wconf 93' lang='lat' dir='ltr'><strong>in</strong></span> <span class='ocrx_word' id='word_1_74' title='bbox 758 1635 880 1696; x_wconf 88' lang='lat' dir='ltr'><strong>virtute</strong></span> <span class='ocrx_word' id='word_1_75' title='bbox 894 1633 976 1695; x_wconf 90' lang='lat' dir='ltr'><strong>obe-</strong></span> 
     </span>
     <span class='ocr_line' id='line_1_15' title="bbox 185 1731 976 1810; baseline 0 -18"><span class='ocrx_word' id='word_1_76' title='bbox 185 1731 319 1792; x_wconf 85' lang='lat' dir='ltr'><strong>dientiae</strong></span> <span class='ocrx_word' id='word_1_77' title='bbox 343 1731 491 1794; x_wconf 91' lang='lat' dir='ltr'><strong>districte</strong></span> <span class='ocrx_word' id='word_1_78' title='bbox 519 1732 743 1810; x_wconf 89' lang='lat' dir='ltr'><strong>praecipiendo</strong></span> <span class='ocrx_word' id='word_1_79' title='bbox 770 1733 976 1804; x_wconf 86' lang='lat' dir='ltr'><strong>mandamus,</strong></span> 
     </span>
     <span class='ocr_line' id='line_1_16' title="bbox 185 1829 978 1907; baseline 0 -19"><span class='ocrx_word' id='word_1_80' title='bbox 185 1831 359 1905; x_wconf 90' lang='lat' dir='ltr'><strong>quatenus,</strong></span> <span class='ocrx_word' id='word_1_81' title='bbox 394 1829 460 1890; x_wconf 90' lang='lat' dir='ltr'><strong>nisi</strong></span> <span class='ocrx_word' id='word_1_82' title='bbox 495 1829 584 1890; x_wconf 92' lang='lat' dir='ltr'><strong>cives</strong></span> <span class='ocrx_word' id='word_1_83' title='bbox 609 1829 759 1907; x_wconf 83' lang='lat' dir='ltr'><strong>praedicti</strong></span> <span class='ocrx_word' id='word_1_84' title='bbox 787 1829 978 1890; x_wconf 89' lang='lat' dir='ltr'><strong>mandalum</strong></span> 
     </span>
     <span class='ocr_line' id='line_1_17' title="bbox 184 1924 977 2004; baseline 0 -18"><span class='ocrx_word' id='word_1_85' title='bbox 184 1927 336 1988; x_wconf 90' lang='lat' dir='ltr'><strong>nostrum</strong></span> <span class='ocrx_word' id='word_1_86' title='bbox 350 1924 438 1987; x_wconf 84' lang='lat' dir='ltr'><strong>infra</strong></span> <span class='ocrx_word' id='word_1_87' title='bbox 449 1942 596 2004; x_wconf 85' lang='lat' dir='ltr'><strong>praesens</strong></span> <span class='ocrx_word' id='word_1_88' title='bbox 610 1927 719 2004; x_wconf 92' lang='lat' dir='ltr'><strong>ipsum</strong></span> <span class='ocrx_word' id='word_1_89' title='bbox 734 1927 863 2003; x_wconf 89' lang='lat' dir='ltr'><strong>tempus</strong></span> <span class='ocrx_word' id='word_1_90' title='bbox 875 1942 977 1987; x_wconf 92' lang='lat' dir='ltr'><strong>cura-</strong></span> 
     </span>
     <span class='ocr_line' id='line_1_18' title="bbox 184 2023 978 2101; baseline 0 -17"><span class='ocrx_word' id='word_1_91' title='bbox 184 2023 294 2085; x_wconf 82' lang='lat' dir='ltr'><strong>verint</strong></span> <span class='ocrx_word' id='word_1_92' title='bbox 318 2023 509 2101; x_wconf 90' lang='lat' dir='ltr'><strong>adimplere,</strong></span> <span class='ocrx_word' id='word_1_93' title='bbox 530 2039 589 2086; x_wconf 84' lang='lat' dir='ltr'><strong>vos</strong></span> <span class='ocrx_word' id='word_1_94' title='bbox 611 2040 654 2086; x_wconf 87' lang='lat' dir='ltr'><strong>ex</strong></span> <span class='ocrx_word' id='word_1_95' title='bbox 677 2025 756 2086; x_wconf 91' lang='lat' dir='ltr'><strong>tunc</strong></span> <span class='ocrx_word' id='word_1_96' title='bbox 771 2024 978 2101; x_wconf 89' lang='lat' dir='ltr'><strong>supradictas</strong></span> 
     </span>
     <span class='ocr_line' id='line_1_19' title="bbox 183 2121 980 2199; baseline 0 -17"><span class='ocrx_word' id='word_1_97' title='bbox 183 2121 364 2182; x_wconf 84' lang='lat' dir='ltr'><strong>sententias</strong></span> <span class='ocrx_word' id='word_1_98' title='bbox 379 2122 584 2199; x_wconf 85' lang='lat' dir='ltr'><strong>publicantes</strong></span> <span class='ocrx_word' id='word_1_99' title='bbox 600 2137 715 2183; x_wconf 91' lang='lat' dir='ltr'><strong>eorum</strong></span> <span class='ocrx_word' id='word_1_100' title='bbox 739 2122 917 2192; x_wconf 86' lang='lat' dir='ltr'><strong>civitatem,</strong></span> <span class='ocrx_word' id='word_1_101' title='bbox 947 2123 980 2182; x_wconf 93' lang='lat' dir='ltr'><strong>et</strong></span> 
     </span>
     <span class='ocr_line' id='line_1_20' title="bbox 184 2218 977 2295; baseline 0.001 -17"><span class='ocrx_word' id='word_1_102' title='bbox 184 2218 363 2289; x_wconf 86' lang='lat' dir='ltr'><strong>dioecesim,</strong></span> <span class='ocrx_word' id='word_1_103' title='bbox 390 2235 429 2280; x_wconf 91' lang='lat' dir='ltr'><strong>ac</strong></span> <span class='ocrx_word' id='word_1_104' title='bbox 448 2219 645 2292; x_wconf 90' lang='lat' dir='ltr'><strong>districtum,</strong></span> <span class='ocrx_word' id='word_1_105' title='bbox 664 2219 822 2280; x_wconf 90' lang='lat' dir='ltr'><strong>dilatione</strong></span> <span class='ocrx_word' id='word_1_106' title='bbox 839 2221 977 2295; x_wconf 91' lang='lat' dir='ltr'><strong>postpo-</strong></span> 
     </span>
     <span class='ocr_line' id='line_1_21' title="bbox 184 2315 978 2394; baseline 0 -18"><span class='ocrx_word' id='word_1_107' title='bbox 184 2315 260 2383; x_wconf 90' lang='lat' dir='ltr'><strong>sita,</strong></span> <span class='ocrx_word' id='word_1_108' title='bbox 285 2316 424 2388; x_wconf 81' lang='lat' dir='ltr'><strong>exeatis,</strong></span> <span class='ocrx_word' id='word_1_109' title='bbox 454 2317 535 2377; x_wconf 93' lang='lat' dir='ltr'><strong>illuc</strong></span> <span class='ocrx_word' id='word_1_110' title='bbox 557 2317 630 2378; x_wconf 90' lang='grc'><strong>61116</strong></span> <span class='ocrx_word' id='word_1_111' title='bbox 654 2317 853 2394; x_wconf 80' lang='lat' dir='ltr'><strong>Apostolicae</strong></span> <span class='ocrx_word' id='word_1_112' title='bbox 883 2316 978 2377; x_wconf 88' lang='lat' dir='ltr'><strong>Sedis</strong></span> 
     </span>
     <span class='ocr_line' id='line_1_22' title="bbox 185 2413 979 2487; baseline 0.003 -15"><span class='ocrx_word' id='word_1_113' title='bbox 185 2413 320 2475; x_wconf 89' lang='lat' dir='ltr'><strong>licentia</strong></span> <span class='ocrx_word' id='word_1_114' title='bbox 339 2413 475 2473; x_wconf 91' lang='lat' dir='ltr'><strong>minime</strong></span> <span class='ocrx_word' id='word_1_115' title='bbox 488 2414 671 2475; x_wconf 90' lang='lat' dir='ltr'><strong>reversuri.</strong></span> <span class='ocrx_word' id='word_1_116' title='bbox 689 2413 779 2487; x_wconf 89' lang='lat' dir='ltr'><strong>Quod</strong></span> <span class='ocrx_word' id='word_1_117' title='bbox 796 2414 873 2475; x_wconf 90' lang='lat' dir='ltr'><strong>inde</strong></span> <span class='ocrx_word' id='word_1_118' title='bbox 889 2413 979 2474; x_wconf 84' lang='lat' dir='ltr'><strong>fece-</strong></span> 
     </span>
     <span class='ocr_line' id='line_1_23' title="bbox 184 2509 975 2586; baseline -0.001 -16"><span class='ocrx_word' id='word_1_119' title='bbox 184 2509 259 2570; x_wconf 91' lang='lat' dir='ltr'><strong>ritis</strong></span> <span class='ocrx_word' id='word_1_120' title='bbox 268 2510 412 2571; x_wconf 85' lang='lat' dir='ltr'><strong>fideliter</strong></span> <span class='ocrx_word' id='word_1_121' title='bbox 429 2511 975 2586; x_wconf 74' lang='grc'><strong>166611161166,611166111611661116,</strong></span> 
     </span>
     <span class='ocr_line' id='line_1_24' title="bbox 184 2607 977 2685; baseline 0.003 -19"><span class='ocrx_word' id='word_1_122' title='bbox 184 2622 257 2683; x_wconf 85' lang='lat' dir='ltr'><strong>quae</strong></span> <span class='ocrx_word' id='word_1_123' title='bbox 270 2607 436 2668; x_wconf 84' lang='grc'><strong>1111116116</strong></span> <span class='ocrx_word' id='word_1_124' title='bbox 451 2609 573 2670; x_wconf 89' lang='lat' dir='ltr'><strong>nostris</strong></span> <span class='ocrx_word' id='word_1_125' title='bbox 588 2608 629 2669; x_wconf 91' lang='lat' dir='ltr'><strong>ad</strong></span> <span class='ocrx_word' id='word_1_126' title='bbox 645 2609 734 2685; x_wconf 89' lang='lat' dir='ltr'><strong>ipsos</strong></span> <span class='ocrx_word' id='word_1_127' title='bbox 751 2608 886 2669; x_wconf 88' lang='lat' dir='ltr'><strong>directis</strong></span> <span class='ocrx_word' id='word_1_128' title='bbox 903 2607 977 2683; x_wconf 91' lang='lat' dir='ltr'><strong>ple-</strong></span> 
     </span>
     <span class='ocr_line' id='line_1_25' title="bbox 162 2703 975 2791; baseline 0.004 -28"><span class='ocrx_word' id='word_1_129' title='bbox 162 2703 261 2791; x_wconf 80' lang='lat' dir='ltr'><strong>nius</strong></span> <span class='ocrx_word' id='word_1_130' title='bbox 289 2704 520 2776; x_wconf 91' lang='lat' dir='ltr'><strong>continentur,</strong></span> <span class='ocrx_word' id='word_1_131' title='bbox 550 2705 636 2768; x_wconf 88' lang='lat' dir='ltr'><strong>sicut</strong></span> <span class='ocrx_word' id='word_1_132' title='bbox 658 2721 713 2766; x_wconf 92' lang='lat' dir='ltr'><strong>res</strong></span> <span class='ocrx_word' id='word_1_133' title='bbox 742 2705 975 2781; x_wconf 88' lang='lat' dir='ltr'><strong>postulaverit,</strong></span> 
     </span>
     <span class='ocr_line' id='line_1_26' title="bbox 185 2801 978 2879; baseline 0.001 -19"><span class='ocrx_word' id='word_1_134' title='bbox 185 2801 367 2876; x_wconf 82' lang='lat' dir='ltr'><strong>cogitemus</strong></span> <span class='ocrx_word' id='word_1_135' title='bbox 383 2802 424 2874; x_wconf 89' lang='lat' dir='ltr'><strong>si,</strong></span> <span class='ocrx_word' id='word_1_136' title='bbox 436 2802 679 2879; x_wconf 84' lang='lat' dir='ltr'><strong>praemissione</strong></span> <span class='ocrx_word' id='word_1_137' title='bbox 690 2804 845 2873; x_wconf 87' lang='lat' dir='ltr'><strong>vestrum,</strong></span> <span class='ocrx_word' id='word_1_138' title='bbox 856 2803 912 2879; x_wconf 90' lang='lat' dir='ltr'><strong>qui</strong></span> <span class='ocrx_word' id='word_1_139' title='bbox 925 2801 978 2861; x_wconf 91' lang='lat' dir='ltr'><strong>in-</strong></span> 
     </span>
     <span class='ocr_line' id='line_1_27' title="bbox 183 2897 976 2976; baseline 0.001 -19"><span class='ocrx_word' id='word_1_140' title='bbox 183 2897 362 2960; x_wconf 86' lang='lat' dir='ltr'><strong>veniantur</strong></span> <span class='ocrx_word' id='word_1_141' title='bbox 374 2899 521 2962; x_wconf 90' lang='lat' dir='ltr'><strong>mandati</strong></span> <span class='ocrx_word' id='word_1_142' title='bbox 534 2899 708 2974; x_wconf 89' lang='lat' dir='ltr'><strong>apostolici</strong></span> <span class='ocrx_word' id='word_1_143' title='bbox 722 2899 976 2976; x_wconf 88' lang='lat' dir='ltr'><strong>contemptores,</strong></span> 
     </span>
     <span class='ocr_line' id='line_1_28' title="bbox 184 2993 895 3072; baseline 0.003 -18"><span class='ocrx_word' id='word_1_144' title='bbox 184 2993 218 3055; x_wconf 94' lang='lat' dir='ltr'><strong>et</strong></span> <span class='ocrx_word' id='word_1_145' title='bbox 230 2996 423 3057; x_wconf 89' lang='lat' dir='ltr'><strong>canonicam</strong></span> <span class='ocrx_word' id='word_1_146' title='bbox 437 2997 554 3058; x_wconf 88' lang='lat' dir='ltr'><strong>nolunt</strong></span> <span class='ocrx_word' id='word_1_147' title='bbox 567 2997 713 3072; x_wconf 86' lang='lat' dir='ltr'><strong>effugere</strong></span> <span class='ocrx_word' id='word_1_148' title='bbox 726 2996 895 3058; x_wconf 89' lang='lat' dir='ltr'><strong>ultionem.</strong></span> 
     </span>
     <span class='ocr_line' id='line_1_29' title="bbox 224 3093 979 3171; baseline 0 -19"><span class='ocrx_word' id='word_1_149' title='bbox 224 3093 342 3154; x_wconf 87' lang='lat' dir='ltr'><strong>Datum</strong></span> <span class='ocrx_word' id='word_1_150' title='bbox 356 3093 506 3165; x_wconf 82' lang='lat' dir='ltr'><strong>viterbii,</strong></span> <span class='ocrx_word' id='word_1_151' title='bbox 524 3097 552 3154; x_wconf 86' lang='lat' dir='ltr'>V</span> <span class='ocrx_word' id='word_1_152' title='bbox 566 3093 726 3155; x_wconf 85' lang='lat' dir='ltr'><strong>kalendas</strong></span> <span class='ocrx_word' id='word_1_153' title='bbox 732 3093 833 3171; x_wconf 87' lang='lat' dir='ltr'><strong>junii,</strong></span> <span class='ocrx_word' id='word_1_154' title='bbox 844 3093 979 3170; x_wconf 90' lang='lat' dir='ltr'><strong>pontili-</strong></span> 
     </span>
     <span class='ocr_line' id='line_1_30' title="bbox 185 3190 639 3268; baseline 0.007 -19"><span class='ocrx_word' id='word_1_155' title='bbox 185 3190 278 3250; x_wconf 88' lang='lat' dir='ltr'><strong>catus</strong></span> <span class='ocrx_word' id='word_1_156' title='bbox 293 3190 399 3252; x_wconf 88' lang='lat' dir='ltr'><strong>nostri</strong></span> <span class='ocrx_word' id='word_1_157' title='bbox 411 3205 499 3252; x_wconf 90' lang='lat' dir='ltr'><strong>anno</strong></span> <span class='ocrx_word' id='word_1_158' title='bbox 510 3193 639 3268; x_wconf 89' lang='lat' dir='ltr'><strong>quarto.</strong></span> 
     </span>
    </p>
   </div>
   <div class='ocr_carea' id='block_1_3' title="bbox 512 3343 649 3430">
    <p class='ocr_par' dir='ltr' id='par_1_3' title="bbox 512 3343 649 3430">
     <span class='ocr_line' id='line_1_31' title="bbox 512 3343 649 3430; baseline -0.022 0"><span class='ocrx_word' id='word_1_159' title='bbox 512 3343 649 3430; x_wconf 82' lang='lat' dir='ltr'>CXLII</span> 
     </span>
    </p>
   </div>
   <div class='ocr_carea' id='block_1_4' title="bbox 179 3467 940 3751">
    <p class='ocr_par' dir='ltr' id='par_1_4' title="bbox 179 3467 940 3751">
     <span class='ocr_line' id='line_1_32' title="bbox 179 3467 940 3542; baseline -0.007 -13"><span class='ocrx_word' id='word_1_160' title='bbox 179 3477 184 3492; x_wconf 70' lang='grc'><em>“</em></span> <span class='ocrx_word' id='word_1_161' title='bbox 221 3470 274 3529; x_wconf 79' lang='lat' dir='ltr'><strong>Ad</strong></span> <span class='ocrx_word' id='word_1_162' title='bbox 285 3467 492 3542; x_wconf 83' lang='lat' dir='ltr'><strong>potestatem</strong></span> <span class='ocrx_word' id='word_1_163' title='bbox 507 3468 540 3529; x_wconf 85' lang='lat' dir='ltr'><strong>ct</strong></span> <span class='ocrx_word' id='word_1_164' title='bbox 549 3472 716 3542; x_wconf 82' lang='lat' dir='ltr'><strong>populum</strong></span> <span class='ocrx_word' id='word_1_165' title='bbox 731 3467 940 3528; x_wconf 78' lang='lat' dir='ltr'><strong>Taroislnos.</strong></span> 
     </span>
     <span class='ocr_line' id='line_1_33' title="bbox 472 3580 688 3640; baseline -0.005 -1"><span class='ocrx_word' id='word_1_166' title='bbox 472 3581 507 3640; x_wconf 77' lang='lat'><strong>28</strong></span> <span class='ocrx_word' id='word_1_167' title='bbox 526 3580 688 3638; x_wconf 71' lang='lat' dir='ltr'><strong>mutilato.</strong></span> 
     </span>
     <span class='ocr_line' id='line_1_34' title="bbox 431 3685 727 3751; baseline -0.007 -13"><span class='ocrx_word' id='word_1_168' title='bbox 431 3686 549 3751; x_wconf 68' lang='lat' dir='ltr'><strong>[Ughelli</strong></span> <span class='ocrx_word' id='word_1_169' title='bbox 561 3687 617 3738; x_wconf 92' lang='lat' dir='ltr'><strong>loco</strong></span> <span class='ocrx_word' id='word_1_170' title='bbox 627 3685 727 3748; x_wconf 81' lang='lat' dir='ltr'><strong>citato]</strong></span> 
     </span>
    </p>
   </div>
   <div class='ocr_carea' id='block_1_5' title="bbox 185 3782 978 4047">
    <p class='ocr_par' dir='ltr' id='par_1_5' title="bbox 185 3782 978 4047">
     <span class='ocr_line' id='line_1_35' title="bbox 185 3782 978 3862; baseline -0.005 -18"><span class='ocrx_word' id='word_1_171' title='bbox 185 3785 334 3860; x_wconf 82' lang='lat' dir='ltr'><strong>Significat</strong></span> <span class='ocrx_word' id='word_1_172' title='bbox 348 3786 503 3862; x_wconf 79' lang='lat' dir='ltr'><strong>Tarvisinis</strong></span> <span class='ocrx_word' id='word_1_173' title='bbox 526 3785 581 3842; x_wconf 92' lang='lat' dir='ltr'><strong>nisi</strong></span> <span class='ocrx_word' id='word_1_174' title='bbox 597 3785 632 3842; x_wconf 87' lang='lat' dir='ltr'><strong>nd</strong></span> <span class='ocrx_word' id='word_1_175' title='bbox 648 3785 844 3858; x_wconf 88' lang='lat' dir='ltr'><strong>poenitentiam</strong></span> <span class='ocrx_word' id='word_1_176' title='bbox 861 3782 978 3840; x_wconf 81' lang='lat' dir='ltr'><strong>redeant</strong></span> 
     </span>
     <span class='ocr_line' id='line_1_36' title="bbox 218 3869 975 3947; baseline -0.007 -15"><span class='ocrx_word' id='word_1_177' title='bbox 218 3873 655 3947; x_wconf 74' lang='grc' dir='ltr'><strong>611116166111161111116611111166Ιί</strong></span> <span class='ocrx_word' id='word_1_178' title='bbox 670 3870 838 3947; x_wconf 87' lang='lat' dir='ltr'><strong>privandam</strong></span> <span class='ocrx_word' id='word_1_179' title='bbox 853 3887 917 3928; x_wconf 87' lang='lat' dir='ltr'><strong>esse</strong></span> <span class='ocrx_word' id='word_1_180' title='bbox 932 3869 975 3927; x_wconf 86' lang='lat' dir='ltr'><strong>dt-</strong></span> 
     </span>
     <span class='ocr_line' id='line_1_37' title="bbox 218 3959 898 4047; baseline -0.004 -27"><span class='ocrx_word' id='word_1_181' title='bbox 218 3965 338 4047; x_wconf 79' lang='lat' dir='ltr'><strong>gnltate,</strong></span> <span class='ocrx_word' id='word_1_182' title='bbox 351 3971 380 4021; x_wconf 90' lang='lat' dir='ltr'><strong>et</strong></span> <span class='ocrx_word' id='word_1_183' title='bbox 393 3978 444 4022; x_wconf 79' lang='lat' dir='ltr'><strong>eos</strong></span> <span class='ocrx_word' id='word_1_184' title='bbox 459 3962 607 4021; x_wconf 87' lang='lat' dir='ltr'><strong>habendos</strong></span> <span class='ocrx_word' id='word_1_185' title='bbox 617 3977 681 4020; x_wconf 88' lang='lat' dir='ltr'><strong>esse</strong></span> <span class='ocrx_word' id='word_1_186' title='bbox 695 3969 725 4020; x_wconf 90' lang='lat' dir='ltr'><strong>nt</strong></span> <span class='ocrx_word' id='word_1_187' title='bbox 736 3959 898 4019; x_wconf 77' lang='lat' dir='ltr'><strong>haereticos.</strong></span> 
     </span>
    </p>
   </div>
   <div class='ocr_carea' id='block_1_6' title="bbox 183 4068 978 4246">
    <p class='ocr_par' dir='ltr' id='par_1_6' title="bbox 183 4068 978 4246">
     <span class='ocr_line' id='line_1_38' title="bbox 222 4068 977 4149; baseline -0.005 -17"><span class='ocrx_word' id='word_1_188' title='bbox 222 4071 388 4132; x_wconf 89' lang='lat' dir='ltr'><strong>Honorius</strong></span> <span class='ocrx_word' id='word_1_189' title='bbox 403 4073 577 4149; x_wconf 88' lang='lat' dir='ltr'><strong>episcopus</strong></span> <span class='ocrx_word' id='word_1_190' title='bbox 596 4087 713 4133; x_wconf 91' lang='lat' dir='ltr'><strong>servus</strong></span> <span class='ocrx_word' id='word_1_191' title='bbox 730 4085 901 4132; x_wconf 89' lang='lat' dir='ltr'><strong>servorum</strong></span> <span class='ocrx_word' id='word_1_192' title='bbox 916 4068 977 4128; x_wconf 86' lang='lat' dir='ltr'><strong>bei</strong></span> 
     </span>
     <span class='ocr_line' id='line_1_39' title="bbox 183 4166 978 4246; baseline -0.006 -15"><span class='ocrx_word' id='word_1_193' title='bbox 183 4171 337 4246; x_wconf 88' lang='lat' dir='ltr'><strong>potestati</strong></span> <span class='ocrx_word' id='word_1_194' title='bbox 349 4172 382 4230; x_wconf 89' lang='lat' dir='ltr'><strong>et</strong></span> <span class='ocrx_word' id='word_1_195' title='bbox 396 4169 517 4246; x_wconf 91' lang='lat' dir='ltr'><strong>populo</strong></span> <span class='ocrx_word' id='word_1_196' title='bbox 531 4167 717 4240; x_wconf 86' lang='lat' dir='ltr'><strong>Tarvisin0,</strong></span> <span class='ocrx_word' id='word_1_197' title='bbox 727 4166 880 4245; x_wconf 90' lang='lat' dir='ltr'><strong>spiritum</strong></span> <span class='ocrx_word' id='word_1_198' title='bbox 896 4179 978 4227; x_wconf 90' lang='lat' dir='ltr'><strong>con-</strong></span> 
     </span>
    </p>
   </div>
   <div class='ocr_carea' id='block_1_7' title="bbox 105 4266 421 4328">
    <p class='ocr_par' dir='ltr' id='par_1_7' title="bbox 105 4266 421 4328">
     <span class='ocr_line' id='line_1_40' title="bbox 105 4266 421 4328; baseline 0 -2"><span class='ocrx_word' id='word_1_199' title='bbox 105 4303 109 4312; x_wconf 87' lang='lat'><em>·</em></span> <span class='ocrx_word' id='word_1_200' title='bbox 183 4266 252 4326; x_wconf 83' lang='lat' dir='ltr'><strong>silli</strong></span> <span class='ocrx_word' id='word_1_201' title='bbox 266 4267 421 4328; x_wconf 89' lang='lat' dir='ltr'><strong>sanioris.</strong></span> 
     </span>
    </p>
   </div>
   <div class='ocr_carea' id='block_1_8' title="bbox 223 4359 975 4441">
    <p class='ocr_par' dir='ltr' id='par_1_8' title="bbox 223 4359 975 4441">
     <span class='ocr_line' id='line_1_41' title="bbox 223 4359 975 4441; baseline -0.007 -16"><span class='ocrx_word' id='word_1_202' title='bbox 223 4364 437 4441; x_wconf 83' lang='lat' dir='ltr'><strong>iniquitatum</strong></span> <span class='ocrx_word' id='word_1_203' title='bbox 461 4364 659 4435; x_wconf 88' lang='lat' dir='ltr'><strong>vestrarum,</strong></span> <span class='ocrx_word' id='word_1_204' title='bbox 685 4365 761 4435; x_wconf 80' lang='lat' dir='ltr'><strong>elo,</strong></span> <span class='ocrx_word' id='word_1_205' title='bbox 792 4363 829 4422; x_wconf 88' lang='lat' dir='ltr'><strong>nt</strong></span> <span class='ocrx_word' id='word_1_206' title='bbox 853 4361 889 4422; x_wconf 92' lang='lat' dir='ltr'><strong>in</strong></span> <span class='ocrx_word' id='word_1_207' title='bbox 909 4359 975 4422; x_wconf 90' lang='lat' dir='ltr'><strong>alia</strong></span> 
     </span>
    </p>
   </div>
   <div class='ocr_carea' id='block_1_9' title="bbox 800 277 1214 366">
    <p class='ocr_par' dir='ltr' id='par_1_9' title="bbox 800 277 1214 366">
     <span class='ocr_line' id='line_1_42' title="bbox 800 277 1214 366; baseline -0.002 -3"><span class='ocrx_word' id='word_1_208' title='bbox 800 277 976 364; x_wconf 79' lang='lat' dir='ltr'><strong>aenean</strong></span> <span class='ocrx_word' id='word_1_209' title='bbox 1000 305 1214 366; x_wconf 77' lang='grc'><strong>1116111111.</strong></span> 
     </span>
    </p>
   </div>
   <div class='ocr_carea' id='block_1_10' title="bbox 1682 268 1849 368">
    <p class='ocr_par' dir='ltr' id='par_1_10' title="bbox 1682 268 1849 368">
     <span class='ocr_line' id='line_1_43' title="bbox 1682 268 1849 368; baseline 0.024 -4"><span class='ocrx_word' id='word_1_210' title='bbox 1682 268 1689 289; x_wconf 88' lang='grc'><em>’</em></span> <span class='ocrx_word' id='word_1_211' title='bbox 1773 305 1849 368; x_wconf 80' lang='grc'><strong>146·</strong></span> 
     </span>
    </p>
   </div>
   <div class='ocr_carea' id='block_1_11' title="bbox 1030 461 1884 3268">
    <p class='ocr_par' dir='ltr' id='par_1_11' title="bbox 1030 461 1884 3268">
     <span class='ocr_line' id='line_1_44' title="bbox 1031 461 1846 542; baseline 0.005 -20"><span class='ocrx_word' id='word_1_212' title='bbox 1031 461 1201 524; x_wconf 87' lang='lat' dir='ltr'><strong>dioecesim</strong></span> <span class='ocrx_word' id='word_1_213' title='bbox 1217 463 1361 526; x_wconf 90' lang='lat' dir='ltr'><strong>vostram</strong></span> <span class='ocrx_word' id='word_1_214' title='bbox 1371 473 1433 540; x_wconf 89' lang='lat' dir='ltr'><strong>per</strong></span> <span class='ocrx_word' id='word_1_215' title='bbox 1447 465 1575 526; x_wconf 86' lang='lat' dir='ltr'><strong>vicinos</strong></span> <span class='ocrx_word' id='word_1_216' title='bbox 1584 465 1763 542; x_wconf 89' lang='lat' dir='ltr'><strong>episcopos</strong></span> <span class='ocrx_word' id='word_1_217' title='bbox 1782 463 1846 526; x_wconf 72' lang='lat' dir='ltr'><strong>di-</strong></span> 
     </span>
     <span class='ocr_line' id='line_1_45' title="bbox 1030 559 1857 638; baseline -0.001 -18"><span class='ocrx_word' id='word_1_218' title='bbox 1030 559 1193 632; x_wconf 89' lang='lat' dir='ltr'><strong>videmus,</strong></span> <span class='ocrx_word' id='word_1_219' title='bbox 1228 575 1268 622; x_wconf 90' lang='lat' dir='ltr'><strong>ac</strong></span> <span class='ocrx_word' id='word_1_220' title='bbox 1296 560 1434 638; x_wconf 91' lang='lat' dir='ltr'><strong>insuper</strong></span> <span class='ocrx_word' id='word_1_221' title='bbox 1466 563 1668 624; x_wconf 88' lang='lat' dir='ltr'><strong>mercatores</strong></span> <span class='ocrx_word' id='word_1_222' title='bbox 1694 564 1857 622; x_wconf 88' lang='lat' dir='ltr'><strong>vestros.</strong></span> 
     </span>
     <span class='ocr_line' id='line_1_46' title="bbox 1031 657 1842 736; baseline 0.004 -19"><span class='ocrx_word' id='word_1_223' title='bbox 1031 657 1230 735; x_wconf 89' lang='lat' dir='ltr'><strong>ubicumque</strong></span> <span class='ocrx_word' id='word_1_224' title='bbox 1257 657 1380 734; x_wconf 86' lang='lat' dir='ltr'><strong>reperti</strong></span> <span class='ocrx_word' id='word_1_225' title='bbox 1409 657 1533 720; x_wconf 84' lang='lat' dir='ltr'><strong>luerint</strong></span> <span class='ocrx_word' id='word_1_226' title='bbox 1560 660 1634 736; x_wconf 91' lang='lat' dir='ltr'><strong>capi</strong></span> <span class='ocrx_word' id='word_1_227' title='bbox 1664 658 1842 720; x_wconf 82' lang='lat' dir='ltr'><strong>iaciemus</strong></span> 
     </span>
     <span class='ocr_line' id='line_1_47' title="bbox 1031 756 1843 833; baseline 0 -17"><span class='ocrx_word' id='word_1_228' title='bbox 1031 771 1091 831; x_wconf 88' lang='lat' dir='ltr'><strong>per</strong></span> <span class='ocrx_word' id='word_1_229' title='bbox 1111 757 1279 832; x_wconf 90' lang='lat' dir='ltr'><strong>principes</strong></span> <span class='ocrx_word' id='word_1_230' title='bbox 1295 756 1485 828; x_wconf 82' lang='lat' dir='ltr'><strong>saeculares,</strong></span> <span class='ocrx_word' id='word_1_231' title='bbox 1499 759 1532 818; x_wconf 90' lang='lat' dir='ltr'><strong>et</strong></span> <span class='ocrx_word' id='word_1_232' title='bbox 1542 757 1716 833; x_wconf 86' lang='lat' dir='ltr'><strong>publicatis</strong></span> <span class='ocrx_word' id='word_1_233' title='bbox 1727 756 1843 818; x_wconf 89' lang='lat' dir='ltr'><strong>bonis</strong></span> 
     </span>
     <span class='ocr_line' id='line_1_48' title="bbox 1032 853 1839 928; baseline 0 -14"><span class='ocrx_word' id='word_1_234' title='bbox 1032 868 1146 914; x_wconf 90' lang='lat' dir='ltr'><strong>eorum</strong></span> <span class='ocrx_word' id='word_1_235' title='bbox 1158 869 1320 928; x_wconf 88' lang='lat' dir='ltr'><strong>personas</strong></span> <span class='ocrx_word' id='word_1_236' title='bbox 1336 853 1397 914; x_wconf 90' lang='lat' dir='ltr'><strong>sub</strong></span> <span class='ocrx_word' id='word_1_237' title='bbox 1412 854 1505 914; x_wconf 83' lang='lat' dir='ltr'><strong>arcta</strong></span> <span class='ocrx_word' id='word_1_238' title='bbox 1515 854 1839 916; x_wconf 87' lang='lat' dir='ltr'><strong>custodiaretineri.</strong></span> 
     </span>
     <span class='ocr_line' id='line_1_49' title="bbox 1033 951 1842 1029; baseline 0 -19"><span class='ocrx_word' id='word_1_239' title='bbox 1033 951 1068 1010; x_wconf 86' lang='lat' dir='ltr'><strong>Si</strong></span> <span class='ocrx_word' id='word_1_240' title='bbox 1083 966 1163 1012; x_wconf 89' lang='lat' dir='ltr'><strong>vero</strong></span> <span class='ocrx_word' id='word_1_241' title='bbox 1176 966 1239 1012; x_wconf 91' lang='grc'><strong>1166</strong></span> <span class='ocrx_word' id='word_1_242' title='bbox 1255 952 1303 1012; x_wconf 86' lang='grc'><strong>616</strong></span> <span class='ocrx_word' id='word_1_243' title='bbox 1317 951 1358 1012; x_wconf 88' lang='lat' dir='ltr'><strong>ad</strong></span> <span class='ocrx_word' id='word_1_244' title='bbox 1372 952 1613 1029; x_wconf 89' lang='lat' dir='ltr'><strong>percutientem</strong></span> <span class='ocrx_word' id='word_1_245' title='bbox 1623 967 1690 1012; x_wconf 87' lang='lat' dir='ltr'><strong>vos</strong></span> <span class='ocrx_word' id='word_1_246' title='bbox 1711 951 1842 1012; x_wconf 86' lang='lat' dir='ltr'><strong>redie-</strong></span> 
     </span>
     <span class='ocr_line' id='line_1_50' title="bbox 1032 1047 1843 1126; baseline -0.002 -16"><span class='ocrx_word' id='word_1_247' title='bbox 1032 1048 1118 1120; x_wconf 90' lang='lat' dir='ltr'><strong>ritis,</strong></span> <span class='ocrx_word' id='word_1_248' title='bbox 1140 1049 1174 1110; x_wconf 91' lang='lat' dir='ltr'><strong>et</strong></span> <span class='ocrx_word' id='word_1_249' title='bbox 1189 1047 1294 1111; x_wconf 88' lang='lat' dir='ltr'><strong>attriti</strong></span> <span class='ocrx_word' id='word_1_250' title='bbox 1317 1049 1493 1112; x_wconf 88' lang='lat' dir='ltr'><strong>nolueritis</strong></span> <span class='ocrx_word' id='word_1_251' title='bbox 1508 1049 1660 1126; x_wconf 90' lang='lat' dir='ltr'><strong>accipere</strong></span> <span class='ocrx_word' id='word_1_252' title='bbox 1676 1048 1843 1126; x_wconf 89' lang='lat' dir='ltr'><strong>discipli-</strong></span> 
     </span>
     <span class='ocr_line' id='line_1_51' title="bbox 1032 1145 1841 1222; baseline 0.001 -17"><span class='ocrx_word' id='word_1_253' title='bbox 1032 1161 1222 1218; x_wconf 75' lang='lat' dir='ltr'><strong>namecca</strong></span> <span class='ocrx_word' id='word_1_254' title='bbox 1248 1145 1460 1222; x_wconf 86' lang='lat' dir='ltr'><strong>praedicimus</strong></span> <span class='ocrx_word' id='word_1_255' title='bbox 1481 1145 1587 1218; x_wconf 88' lang='lat' dir='ltr'><strong>vobis,</strong></span> <span class='ocrx_word' id='word_1_256' title='bbox 1621 1150 1738 1210; x_wconf 88' lang='lat' dir='ltr'><strong>contra</strong></span> <span class='ocrx_word' id='word_1_257' title='bbox 1771 1149 1841 1208; x_wconf 80' lang='grc'><strong>166</strong></span> 
     </span>
     <span class='ocr_line' id='line_1_52' title="bbox 1031 1243 1839 1320; baseline 0 -16"><span class='ocrx_word' id='word_1_258' title='bbox 1031 1245 1189 1320; x_wconf 89' lang='lat' dir='ltr'><strong>tanquam</strong></span> <span class='ocrx_word' id='word_1_259' title='bbox 1213 1245 1329 1306; x_wconf 83' lang='grc'><strong>6611116</strong></span> <span class='ocrx_word' id='word_1_260' title='bbox 1350 1243 1540 1316; x_wconf 82' lang='lat' dir='ltr'><strong>baereticos,</strong></span> <span class='ocrx_word' id='word_1_261' title='bbox 1559 1259 1717 1308; x_wconf 85' lang='lat' dir='ltr'><strong>cumvos</strong></span> <span class='ocrx_word' id='word_1_262' title='bbox 1741 1244 1839 1305; x_wconf 86' lang='lat' dir='ltr'><strong>tales</strong></span> 
     </span>
     <span class='ocr_line' id='line_1_53' title="bbox 1033 1341 1841 1418; baseline 0 -16"><span class='ocrx_word' id='word_1_263' title='bbox 1033 1357 1133 1418; x_wconf 90' lang='lat' dir='ltr'><strong>opera</strong></span> <span class='ocrx_word' id='word_1_264' title='bbox 1147 1342 1386 1414; x_wconf 89' lang='lat' dir='ltr'><strong>demonstrent,</strong></span> <span class='ocrx_word' id='word_1_265' title='bbox 1401 1341 1630 1418; x_wconf 88' lang='lat' dir='ltr'><strong>spiritualiter,</strong></span> <span class='ocrx_word' id='word_1_266' title='bbox 1652 1341 1841 1417; x_wconf 69' lang='grc'><strong>6116111116-</strong></span> 
     </span>
     <span class='ocr_line' id='line_1_54' title="bbox 1032 1438 1837 1516; baseline 0.001 -17"><span class='ocrx_word' id='word_1_267' title='bbox 1032 1439 1148 1501; x_wconf 89' lang='lat' dir='ltr'><strong>raliter</strong></span> <span class='ocrx_word' id='word_1_268' title='bbox 1162 1439 1390 1516; x_wconf 89' lang='lat' dir='ltr'><strong>procedemus,</strong></span> <span class='ocrx_word' id='word_1_269' title='bbox 1405 1438 1520 1500; x_wconf 85' lang='lat' dir='ltr'><strong>fideles</strong></span> <span class='ocrx_word' id='word_1_270' title='bbox 1535 1439 1575 1500; x_wconf 90' lang='lat' dir='ltr'><strong>ad</strong></span> <span class='ocrx_word' id='word_1_271' title='bbox 1591 1439 1837 1501; x_wconf 83' lang='lat' dir='ltr'><strong>exterminium</strong></span> 
     </span>
     <span class='ocr_line' id='line_1_55' title="bbox 1032 1536 1840 1614; baseline -0.002 -16"><span class='ocrx_word' id='word_1_272' title='bbox 1032 1539 1177 1599; x_wconf 88' lang='lat' dir='ltr'><strong>vestrum</strong></span> <span class='ocrx_word' id='word_1_273' title='bbox 1192 1553 1251 1614; x_wconf 87' lang='lat' dir='ltr'><strong>per</strong></span> <span class='ocrx_word' id='word_1_274' title='bbox 1258 1537 1465 1613; x_wconf 75' lang='lat' dir='ltr'><strong>apostolicas</strong></span> <span class='ocrx_word' id='word_1_275' title='bbox 1476 1536 1700 1612; x_wconf 83' lang='lat' dir='ltr'><strong>indulgentias</strong></span> <span class='ocrx_word' id='word_1_276' title='bbox 1711 1552 1840 1613; x_wconf 90' lang='lat' dir='ltr'><strong>provo-</strong></span> 
     </span>
     <span class='ocr_line' id='line_1_56' title="bbox 1032 1634 1836 1710; baseline 0 -16"><span class='ocrx_word' id='word_1_277' title='bbox 1032 1634 1149 1705; x_wconf 90' lang='lat' dir='ltr'><strong>cando,</strong></span> <span class='ocrx_word' id='word_1_278' title='bbox 1173 1650 1248 1695; x_wconf 88' lang='lat' dir='ltr'><strong>cum</strong></span> <span class='ocrx_word' id='word_1_279' title='bbox 1270 1635 1376 1710; x_wconf 90' lang='lat' dir='ltr'><strong>magis</strong></span> <span class='ocrx_word' id='word_1_280' title='bbox 1392 1634 1614 1696; x_wconf 90' lang='lat' dir='ltr'><strong>abominanda</strong></span> <span class='ocrx_word' id='word_1_281' title='bbox 1635 1634 1679 1696; x_wconf 86' lang='grc'><strong>611</strong></span> <span class='ocrx_word' id='word_1_282' title='bbox 1702 1634 1836 1706; x_wconf 90' lang='lat' dir='ltr'><strong>vestra,</strong></span> 
     </span>
     <span class='ocr_line' id='line_1_57' title="bbox 1033 1730 1854 1810; baseline 0.001 -20"><span class='ocrx_word' id='word_1_283' title='bbox 1033 1746 1130 1807; x_wconf 90' lang='lat' dir='ltr'><strong>quam</strong></span> <span class='ocrx_word' id='word_1_284' title='bbox 1155 1734 1398 1794; x_wconf 89' lang='lat' dir='ltr'><strong>Saracenorum</strong></span> <span class='ocrx_word' id='word_1_285' title='bbox 1417 1732 1582 1810; x_wconf 85' lang='lat' dir='ltr'><strong>impietas,</strong></span> <span class='ocrx_word' id='word_1_286' title='bbox 1599 1747 1660 1792; x_wconf 91' lang='grc'><strong>1166</strong></span> <span class='ocrx_word' id='word_1_287' title='bbox 1680 1730 1750 1792; x_wconf 86' lang='lat' dir='ltr'><strong>tam</strong></span> <span class='ocrx_word' id='word_1_288' title='bbox 1768 1731 1854 1792; x_wconf 87' lang='lat' dir='ltr'><strong>de·.</strong></span> 
     </span>
     <span class='ocr_line' id='line_1_58' title="bbox 1032 1829 1841 1905; baseline -0.001 -15"><span class='ocrx_word' id='word_1_289' title='bbox 1032 1829 1185 1891; x_wconf 88' lang='lat' dir='ltr'><strong>testabilo</strong></span> <span class='ocrx_word' id='word_1_290' title='bbox 1195 1830 1239 1890; x_wconf 90' lang='lat' dir='ltr'><strong>sit</strong></span> <span class='ocrx_word' id='word_1_291' title='bbox 1253 1831 1288 1890; x_wconf 92' lang='lat' dir='ltr'><strong>in</strong></span> <span class='ocrx_word' id='word_1_292' title='bbox 1303 1829 1372 1890; x_wconf 90' lang='lat' dir='ltr'><strong>illis</strong></span> <span class='ocrx_word' id='word_1_293' title='bbox 1388 1830 1476 1890; x_wconf 89' lang='lat' dir='ltr'><strong>viam</strong></span> <span class='ocrx_word' id='word_1_294' title='bbox 1492 1845 1558 1891; x_wconf 93' lang='lat' dir='ltr'><strong>non</strong></span> <span class='ocrx_word' id='word_1_295' title='bbox 1573 1843 1757 1905; x_wconf 89' lang='lat' dir='ltr'><strong>agnoscere</strong></span> <span class='ocrx_word' id='word_1_296' title='bbox 1772 1843 1841 1890; x_wconf 87' lang='lat' dir='ltr'><strong>ve-</strong></span> 
     </span>
     <span class='ocr_line' id='line_1_59' title="bbox 1032 1926 1840 2004; baseline -0.002 -16"><span class='ocrx_word' id='word_1_297' title='bbox 1032 1927 1154 1998; x_wconf 88' lang='lat' dir='ltr'><strong>ritatis,</strong></span> <span class='ocrx_word' id='word_1_298' title='bbox 1176 1941 1276 2004; x_wconf 92' lang='lat' dir='ltr'><strong>quam</strong></span> <span class='ocrx_word' id='word_1_299' title='bbox 1290 1926 1384 1988; x_wconf 86' lang='lat' dir='ltr'><strong>vobis</strong></span> <span class='ocrx_word' id='word_1_300' title='bbox 1408 1927 1482 2004; x_wconf 87' lang='lat' dir='ltr'><strong>post</strong></span> <span class='ocrx_word' id='word_1_301' title='bbox 1503 1928 1650 2003; x_wconf 87' lang='lat' dir='ltr'><strong>agnitam</strong></span> <span class='ocrx_word' id='word_1_302' title='bbox 1672 1926 1840 1998; x_wconf 85' lang='lat' dir='ltr'><strong>retroire,</strong></span> 
     </span>
     <span class='ocr_line' id='line_1_60' title="bbox 1033 2023 1837 2101; baseline -0.005 -15"><span class='ocrx_word' id='word_1_303' title='bbox 1033 2039 1094 2086; x_wconf 93' lang='lat' dir='ltr'><strong>nec</strong></span> <span class='ocrx_word' id='word_1_304' title='bbox 1107 2023 1325 2085; x_wconf 86' lang='lat' dir='ltr'><strong>blandiamini</strong></span> <span class='ocrx_word' id='word_1_305' title='bbox 1334 2024 1442 2096; x_wconf 88' lang='lat' dir='ltr'><strong>vobis,</strong></span> <span class='ocrx_word' id='word_1_306' title='bbox 1454 2024 1539 2101; x_wconf 91' lang='lat' dir='ltr'><strong>quod</strong></span> <span class='ocrx_word' id='word_1_307' title='bbox 1553 2023 1837 2085; x_wconf 89' lang='lat' dir='ltr'><strong>comminationes</strong></span> 
     </span>
     <span class='ocr_line' id='line_1_61' title="bbox 1033 2120 1838 2199; baseline -0.001 -19"><span class='ocrx_word' id='word_1_308' title='bbox 1033 2120 1159 2182; x_wconf 90' lang='lat' dir='ltr'><strong>similes</strong></span> <span class='ocrx_word' id='word_1_309' title='bbox 1183 2120 1362 2197; x_wconf 91' lang='lat' dir='ltr'><strong>aliquando</strong></span> <span class='ocrx_word' id='word_1_310' title='bbox 1382 2120 1476 2182; x_wconf 91' lang='lat' dir='ltr'><strong>vobis</strong></span> <span class='ocrx_word' id='word_1_311' title='bbox 1504 2121 1620 2194; x_wconf 84' lang='lat' dir='ltr'><strong>lactas,</strong></span> <span class='ocrx_word' id='word_1_312' title='bbox 1643 2135 1741 2199; x_wconf 88' lang='lat' dir='ltr'><strong>poena</strong></span> <span class='ocrx_word' id='word_1_313' title='bbox 1766 2135 1838 2180; x_wconf 88' lang='lat' dir='ltr'><strong>non</strong></span> 
     </span>
     <span class='ocr_line' id='line_1_62' title="bbox 1033 2216 1838 2296; baseline -0.001 -18"><span class='ocrx_word' id='word_1_314' title='bbox 1033 2216 1134 2279; x_wconf 87' lang='lat' dir='ltr'><strong>luerit</strong></span> <span class='ocrx_word' id='word_1_315' title='bbox 1152 2218 1313 2279; x_wconf 89' lang='lat' dir='ltr'><strong>hactenus</strong></span> <span class='ocrx_word' id='word_1_316' title='bbox 1337 2217 1526 2287; x_wconf 88' lang='lat' dir='ltr'><strong>subsecuta,</strong></span> <span class='ocrx_word' id='word_1_317' title='bbox 1552 2219 1647 2296; x_wconf 82' lang='lat' dir='ltr'><strong>quasi</strong></span> <span class='ocrx_word' id='word_1_318' title='bbox 1664 2217 1838 2278; x_wconf 89' lang='lat' dir='ltr'><strong>subsecu-</strong></span> 
     </span>
     <span class='ocr_line' id='line_1_63' title="bbox 1032 2315 1840 2392; baseline -0.004 -16"><span class='ocrx_word' id='word_1_319' title='bbox 1032 2315 1108 2376; x_wconf 89' lang='lat' dir='ltr'><strong>tura</strong></span> <span class='ocrx_word' id='word_1_320' title='bbox 1133 2330 1200 2376; x_wconf 94' lang='lat' dir='ltr'><strong>non</strong></span> <span class='ocrx_word' id='word_1_321' title='bbox 1226 2315 1281 2388; x_wconf 91' lang='lat' dir='ltr'><strong>sit,</strong></span> <span class='ocrx_word' id='word_1_322' title='bbox 1312 2316 1413 2376; x_wconf 90' lang='lat' dir='ltr'><strong>etiam</strong></span> <span class='ocrx_word' id='word_1_323' title='bbox 1436 2317 1500 2377; x_wconf 90' lang='lat' dir='ltr'><strong>ista</strong></span> <span class='ocrx_word' id='word_1_324' title='bbox 1526 2316 1610 2388; x_wconf 89' lang='lat' dir='ltr'><strong>vice,</strong></span> <span class='ocrx_word' id='word_1_325' title='bbox 1638 2315 1840 2392; x_wconf 81' lang='lat' dir='ltr'><strong>frequenter</strong></span> 
     </span>
     <span class='ocr_line' id='line_1_64' title="bbox 1033 2412 1838 2490; baseline -0.002 -16"><span class='ocrx_word' id='word_1_326' title='bbox 1033 2413 1133 2484; x_wconf 93' lang='lat' dir='ltr'><strong>enim,</strong></span> <span class='ocrx_word' id='word_1_327' title='bbox 1148 2429 1221 2490; x_wconf 84' lang='lat' dir='ltr'><strong>qnae</strong></span> <span class='ocrx_word' id='word_1_328' title='bbox 1238 2429 1304 2474; x_wconf 93' lang='lat' dir='ltr'><strong>non</strong></span> <span class='ocrx_word' id='word_1_329' title='bbox 1316 2417 1476 2475; x_wconf 89' lang='lat' dir='ltr'><strong>nocerent</strong></span> <span class='ocrx_word' id='word_1_330' title='bbox 1490 2413 1633 2490; x_wconf 88' lang='lat' dir='ltr'><strong>singula,</strong></span> <span class='ocrx_word' id='word_1_331' title='bbox 1650 2412 1756 2473; x_wconf 86' lang='lat' dir='ltr'><strong>multa</strong></span> <span class='ocrx_word' id='word_1_332' title='bbox 1768 2426 1838 2472; x_wconf 78' lang='lat' dir='ltr'><strong>no·-</strong></span> 
     </span>
     <span class='ocr_line' id='line_1_65' title="bbox 1033 2509 1836 2588; baseline -0.002 -18"><span class='ocrx_word' id='word_1_333' title='bbox 1033 2511 1154 2582; x_wconf 89' lang='lat' dir='ltr'><strong>centia,</strong></span> <span class='ocrx_word' id='word_1_334' title='bbox 1172 2513 1205 2572; x_wconf 90' lang='lat' dir='ltr'><strong>et</strong></span> <span class='ocrx_word' id='word_1_335' title='bbox 1217 2513 1339 2588; x_wconf 92' lang='lat' dir='ltr'><strong>quanto</strong></span> <span class='ocrx_word' id='word_1_336' title='bbox 1353 2514 1460 2588; x_wconf 86' lang='lat' dir='ltr'><strong>major</strong></span> <span class='ocrx_word' id='word_1_337' title='bbox 1474 2509 1574 2572; x_wconf 87' lang='lat' dir='ltr'><strong>luerit</strong></span> <span class='ocrx_word' id='word_1_338' title='bbox 1583 2525 1664 2586; x_wconf 88' lang='lat' dir='ltr'><strong>erga</strong></span> <span class='ocrx_word' id='word_1_339' title='bbox 1678 2509 1836 2572; x_wconf 78' lang='grc'><strong>1661611-</strong></span> 
     </span>
     <span class='ocr_line' id='line_1_66' title="bbox 1032 2605 1884 2684; baseline 0 -16"><span class='ocrx_word' id='word_1_340' title='bbox 1032 2607 1210 2683; x_wconf 89' lang='lat' dir='ltr'><strong>ganimitas</strong></span> <span class='ocrx_word' id='word_1_341' title='bbox 1233 2608 1433 2684; x_wconf 88' lang='lat' dir='ltr'><strong>Apostolica,</strong></span> <span class='ocrx_word' id='word_1_342' title='bbox 1450 2609 1541 2670; x_wconf 89' lang='lat' dir='ltr'><strong>tanto</strong></span> <span class='ocrx_word' id='word_1_343' title='bbox 1563 2608 1593 2668; x_wconf 91' lang='lat' dir='ltr'><strong>si</strong></span> <span class='ocrx_word' id='word_1_344' title='bbox 1616 2623 1684 2668; x_wconf 67' lang='lat' dir='ltr'><strong>vos.</strong></span> <span class='ocrx_word' id='word_1_345' title='bbox 1697 2605 1740 2668; x_wconf 90' lang='lat' dir='ltr'><strong>ad</strong></span> <span class='ocrx_word' id='word_1_346' title='bbox 1758 2621 1835 2683; x_wconf 86' lang='lat' dir='ltr'><strong>poe-</strong></span> <span class='ocrx_word' id='word_1_347' title='bbox 1879 2620 1884 2630; x_wconf 92' lang='lat'><em>·</em></span> 
     </span>
     <span class='ocr_line' id='line_1_67' title="bbox 1033 2697 1835 2782; baseline -0.001 -17"><span class='ocrx_word' id='word_1_348' title='bbox 1033 2705 1207 2766; x_wconf 89' lang='lat' dir='ltr'><strong>nitentiam</strong></span> <span class='ocrx_word' id='word_1_349' title='bbox 1223 2721 1288 2766; x_wconf 93' lang='lat' dir='ltr'><strong>non</strong></span> <span class='ocrx_word' id='word_1_350' title='bbox 1304 2705 1489 2776; x_wconf 81' lang='lat' dir='ltr'><strong>adduxerit,</strong></span> <span class='ocrx_word' id='word_1_351' title='bbox 1507 2697 1574 2766; x_wconf 85' lang='grc'><strong>6111</strong></span> <span class='ocrx_word' id='word_1_352' title='bbox 1585 2705 1708 2782; x_wconf 76' lang='grc'><strong>1661161</strong></span> <span class='ocrx_word' id='word_1_353' title='bbox 1728 2719 1835 2780; x_wconf 86' lang='lat' dir='ltr'><strong>poena</strong></span> 
     </span>
     <span class='ocr_line' id='line_1_68' title="bbox 1032 2800 1834 2878; baseline -0.002 -16"><span class='ocrx_word' id='word_1_354' title='bbox 1032 2803 1158 2878; x_wconf 88' lang='lat' dir='ltr'><strong>vestra;</strong></span> <span class='ocrx_word' id='word_1_355' title='bbox 1175 2801 1310 2877; x_wconf 78' lang='lat' dir='ltr'><strong>fugiatis</strong></span> <span class='ocrx_word' id='word_1_356' title='bbox 1323 2802 1425 2878; x_wconf 86' lang='lat' dir='ltr'><strong>igitur</strong></span> <span class='ocrx_word' id='word_1_357' title='bbox 1442 2801 1560 2864; x_wconf 81' lang='lat' dir='ltr'><strong>asaele</strong></span> <span class='ocrx_word' id='word_1_358' title='bbox 1575 2817 1672 2862; x_wconf 87' lang='lat' dir='ltr'><strong>arcus</strong></span> <span class='ocrx_word' id='word_1_359' title='bbox 1686 2800 1834 2872; x_wconf 78' lang='lat' dir='ltr'><strong>extenti,</strong></span> 
     </span>
     <span class='ocr_line' id='line_1_69' title="bbox 1032 2899 1834 2976; baseline -0.005 -16"><span class='ocrx_word' id='word_1_360' title='bbox 1032 2901 1065 2961; x_wconf 88' lang='lat' dir='ltr'><strong>et</strong></span> <span class='ocrx_word' id='word_1_361' title='bbox 1078 2899 1277 2976; x_wconf 76' lang='lat' dir='ltr'><strong>peniteatis,</strong></span> <span class='ocrx_word' id='word_1_362' title='bbox 1290 2899 1367 2959; x_wconf 90' lang='lat' dir='ltr'><strong>dum</strong></span> <span class='ocrx_word' id='word_1_363' title='bbox 1382 2899 1474 2960; x_wconf 92' lang='lat' dir='ltr'><strong>locus</strong></span> <span class='ocrx_word' id='word_1_364' title='bbox 1485 2900 1536 2961; x_wconf 90' lang='lat' dir='ltr'><strong>est</strong></span> <span class='ocrx_word' id='word_1_365' title='bbox 1556 2899 1776 2976; x_wconf 87' lang='lat' dir='ltr'><strong>poenitentiae,</strong></span> <span class='ocrx_word' id='word_1_366' title='bbox 1790 2912 1834 2957; x_wconf 91' lang='lat' dir='ltr'><strong>ne</strong></span> 
     </span>
     <span class='ocr_line' id='line_1_70' title="bbox 1033 2996 1833 3074; baseline -0.003 -18"><span class='ocrx_word' id='word_1_367' title='bbox 1033 2997 1076 3058; x_wconf 88' lang='lat' dir='ltr'><strong>sit</strong></span> <span class='ocrx_word' id='word_1_368' title='bbox 1100 3013 1176 3060; x_wconf 88' lang='lat' dir='ltr'><strong>sara</strong></span> <span class='ocrx_word' id='word_1_369' title='bbox 1205 2997 1401 3074; x_wconf 82' lang='lat' dir='ltr'><strong>poenitentia</strong></span> <span class='ocrx_word' id='word_1_370' title='bbox 1433 2999 1507 3073; x_wconf 89' lang='lat' dir='ltr'><strong>post</strong></span> <span class='ocrx_word' id='word_1_371' title='bbox 1531 2996 1675 3057; x_wconf 89' lang='lat' dir='ltr'><strong>ruinam.</strong></span> <span class='ocrx_word' id='word_1_372' title='bbox 1708 2996 1833 3057; x_wconf 91' lang='lat' dir='ltr'><strong>Datum</strong></span> 
     </span>
     <span class='ocr_line' id='line_1_71' title="bbox 1032 3093 1843 3172; baseline -0.006 -18"><span class='ocrx_word' id='word_1_373' title='bbox 1032 3094 1184 3166; x_wconf 83' lang='lat' dir='ltr'><strong>viterbii,</strong></span> <span class='ocrx_word' id='word_1_374' title='bbox 1196 3096 1224 3155; x_wconf 87' lang='lat' dir='ltr'>V</span> <span class='ocrx_word' id='word_1_375' title='bbox 1238 3094 1305 3155; x_wconf 83' lang='lat' dir='ltr'><strong>bal.</strong></span> <span class='ocrx_word' id='word_1_376' title='bbox 1319 3093 1409 3172; x_wconf 91' lang='lat' dir='ltr'><strong>julii,</strong></span> <span class='ocrx_word' id='word_1_377' title='bbox 1423 3093 1606 3170; x_wconf 82' lang='lat' dir='ltr'><strong>pontificat.</strong></span> <span class='ocrx_word' id='word_1_378' title='bbox 1620 3093 1724 3155; x_wconf 87' lang='lat' dir='ltr'><strong>nostri</strong></span> <span class='ocrx_word' id='word_1_379' title='bbox 1740 3107 1843 3154; x_wconf 86' lang='lat' dir='ltr'><strong>anno.</strong></span> 
     </span>
     <span class='ocr_line' id='line_1_72' title="bbox 1032 3193 1163 3268; baseline 0.008 -16"><span class='ocrx_word' id='word_1_380' title='bbox 1032 3193 1163 3268; x_wconf 88' lang='lat' dir='ltr'><strong>quarto.</strong></span> 
     </span>
    </p>
   </div>
   <div class='ocr_carea' id='block_1_12' title="bbox 1352 3259 1510 3366">
    <p class='ocr_par' dir='ltr' id='par_1_12' title="bbox 1352 3259 1510 3366">
     <span class='ocr_line' id='line_1_73' title="bbox 1352 3259 1510 3366; baseline -0.013 0"><span class='ocrx_word' id='word_1_381' title='bbox 1352 3259 1510 3366; x_wconf 76' lang='grc'><strong>6111111</strong></span> 
     </span>
    </p>
   </div>
   <div class='ocr_carea' id='block_1_13' title="bbox 1052 3411 1810 3678">
    <p class='ocr_par' dir='ltr' id='par_1_13' title="bbox 1052 3411 1810 3678">
     <span class='ocr_line' id='line_1_74' title="bbox 1052 3411 1810 3487; baseline -0.004 -15"><span class='ocrx_word' id='word_1_382' title='bbox 1052 3413 1104 3472; x_wconf 80' lang='lat' dir='ltr'><strong>Ad</strong></span> <span class='ocrx_word' id='word_1_383' title='bbox 1115 3412 1411 3487; x_wconf 77' lang='lat' dir='ltr'><strong>Erapollsmertscm</strong></span> <span class='ocrx_word' id='word_1_384' title='bbox 1430 3411 1463 3472; x_wconf 86' lang='lat' dir='ltr'><strong>et</strong></span> <span class='ocrx_word' id='word_1_385' title='bbox 1482 3411 1810 3487; x_wconf 70' lang='lat' dir='ltr'><strong>petragoricensem</strong></span> 
     </span>
     <span class='ocr_line' id='line_1_75' title="bbox 1340 3510 1526 3581; baseline 0 -13"><span class='ocrx_word' id='word_1_386' title='bbox 1340 3510 1526 3581; x_wconf 81' lang='lat' dir='ltr'><strong>episcopos.</strong></span> 
     </span>
     <span class='ocr_line' id='line_1_76' title="bbox 1310 3619 1547 3678; baseline -0.008 0"><span class='ocrx_word' id='word_1_387' title='bbox 1310 3620 1346 3678; x_wconf 73' lang='grc'><strong>18</strong></span> <span class='ocrx_word' id='word_1_388' title='bbox 1373 3621 1442 3677; x_wconf 87' lang='lat' dir='ltr'><strong>mail</strong></span> <span class='ocrx_word' id='word_1_389' title='bbox 1468 3619 1547 3678; x_wconf 73' lang='grc'><strong>11111.</strong></span> 
     </span>
    </p>
   </div>
   <div class='ocr_carea' id='block_1_14' title="bbox 1031 3724 1831 4418">
    <p class='ocr_par' dir='ltr' id='par_1_14' title="bbox 1116 3724 1749 3870">
     <span class='ocr_line' id='line_1_77' title="bbox 1116 3724 1749 3790; baseline -0.003 -14"><span class='ocrx_word' id='word_1_390' title='bbox 1116 3726 1252 3790; x_wconf 70' lang='lat' dir='ltr'><strong>[bouquet</strong></span> <span class='ocrx_word' id='word_1_391' title='bbox 1265 3725 1368 3776; x_wconf 88' lang='lat' dir='ltr'><strong>llecueil</strong></span> <span class='ocrx_word' id='word_1_392' title='bbox 1383 3726 1428 3776; x_wconf 90' lang='lat' dir='ltr'><strong>des</strong></span> <span class='ocrx_word' id='word_1_393' title='bbox 1441 3725 1518 3782; x_wconf 75' lang='lat' dir='ltr'><strong>ilisa,</strong></span> <span class='ocrx_word' id='word_1_394' title='bbox 1532 3730 1551 3774; x_wconf 85' lang='lat' dir='ltr'><strong>t.</strong></span> <span class='ocrx_word' id='word_1_395' title='bbox 1565 3725 1632 3781; x_wconf 81' lang='lat' dir='ltr'><strong>xlx,</strong></span> <span class='ocrx_word' id='word_1_396' title='bbox 1648 3739 1674 3788; x_wconf 89' lang='lat' dir='ltr'><strong>p.</strong></span> <span class='ocrx_word' id='word_1_397' title='bbox 1688 3724 1749 3782; x_wconf 60' lang='lat' dir='ltr'><strong>aaa</strong></span> 
     </span>
     <span class='ocr_line' id='line_1_78' title="bbox 1232 3803 1624 3870; baseline -0.01 -12"><span class='ocrx_word' id='word_1_398' title='bbox 1232 3807 1341 3868; x_wconf 67' lang='lat' dir='ltr'><strong>Regest„</strong></span> <span class='ocrx_word' id='word_1_399' title='bbox 1358 3804 1404 3856; x_wconf 86' lang='lat' dir='ltr'><strong>lib.</strong></span> <span class='ocrx_word' id='word_1_400' title='bbox 1415 3805 1458 3864; x_wconf 90' lang='lat' dir='ltr'><strong>lV,</strong></span> <span class='ocrx_word' id='word_1_401' title='bbox 1470 3804 1545 3870; x_wconf 85' lang='lat' dir='ltr'><strong>epist.</strong></span> <span class='ocrx_word' id='word_1_402' title='bbox 1557 3803 1624 3866; x_wconf 61' lang='grc'><strong>1111]</strong></span> 
     </span>
    </p>

    <p class='ocr_par' dir='ltr' id='par_1_15' title="bbox 1031 3900 1831 4418">
     <span class='ocr_line' id='line_1_79' title="bbox 1031 3900 1825 3976; baseline -0.005 -16"><span class='ocrx_word' id='word_1_403' title='bbox 1031 3905 1175 3975; x_wconf 82' lang='lat' dir='ltr'><strong>Quan.</strong></span> <span class='ocrx_word' id='word_1_404' title='bbox 1183 3901 1219 3959; x_wconf 89' lang='lat' dir='ltr'><strong>de</strong></span> <span class='ocrx_word' id='word_1_405' title='bbox 1229 3905 1371 3976; x_wconf 89' lang='lat' dir='ltr'><strong>Partenay</strong></span> <span class='ocrx_word' id='word_1_406' title='bbox 1381 3909 1410 3960; x_wconf 91' lang='lat' dir='ltr'><strong>et</strong></span> <span class='ocrx_word' id='word_1_407' title='bbox 1423 3900 1514 3961; x_wconf 84' lang='lat' dir='ltr'><strong>wde</strong></span> <span class='ocrx_word' id='word_1_408' title='bbox 1522 3903 1641 3974; x_wconf 81' lang='lat' dir='ltr'><strong>blangot</strong></span> <span class='ocrx_word' id='word_1_409' title='bbox 1656 3901 1762 3973; x_wconf 90' lang='lat' dir='ltr'><strong>allique</strong></span> <span class='ocrx_word' id='word_1_410' title='bbox 1773 3900 1825 3958; x_wconf 90' lang='lat' dir='ltr'><strong>mi·</strong></span> 
     </span>
     <span class='ocr_line' id='line_1_80' title="bbox 1066 3986 1826 4062; baseline -0.011 -12"><span class='ocrx_word' id='word_1_411' title='bbox 1066 3993 1131 4050; x_wconf 87' lang='lat' dir='ltr'><strong>lites</strong></span> <span class='ocrx_word' id='word_1_412' title='bbox 1154 3992 1347 4060; x_wconf 86' lang='lat' dir='ltr'><strong>Pictavenses‚</strong></span> <span class='ocrx_word' id='word_1_413' title='bbox 1369 3990 1498 4062; x_wconf 77' lang='lat' dir='ltr'><strong>pecuniae</strong></span> <span class='ocrx_word' id='word_1_414' title='bbox 1523 4003 1611 4047; x_wconf 89' lang='lat' dir='ltr'><strong>causa</strong></span> <span class='ocrx_word' id='word_1_415' title='bbox 1639 3988 1743 4047; x_wconf 75' lang='lat' dir='ltr'><strong>debitae</strong></span> <span class='ocrx_word' id='word_1_416' title='bbox 1773 3986 1826 4046; x_wconf 88' lang='lat' dir='ltr'><strong>sibi</strong></span> 
     </span>
     <span class='ocr_line' id='line_1_81' title="bbox 1067 4077 1826 4152; baseline -0.009 -15"><span class='ocrx_word' id='word_1_417' title='bbox 1067 4081 1136 4138; x_wconf 90' lang='lat' dir='ltr'><strong>olim</strong></span> <span class='ocrx_word' id='word_1_418' title='bbox 1152 4095 1167 4137; x_wconf 90' lang='lat' dir='ltr'><strong>a</strong></span> <span class='ocrx_word' id='word_1_419' title='bbox 1190 4094 1260 4152; x_wconf 84' lang='lat' dir='ltr'><strong>rege</strong></span> <span class='ocrx_word' id='word_1_420' title='bbox 1274 4081 1394 4148; x_wconf 76' lang='lat' dir='ltr'><strong>Ioanne,</strong></span> <span class='ocrx_word' id='word_1_421' title='bbox 1420 4079 1545 4146; x_wconf 84' lang='lat' dir='ltr'><strong>ilenrlcl,</strong></span> <span class='ocrx_word' id='word_1_422' title='bbox 1561 4077 1636 4136; x_wconf 87' lang='lat' dir='ltr'><strong>illius</strong></span> <span class='ocrx_word' id='word_1_423' title='bbox 1654 4077 1720 4146; x_wconf 84' lang='grc'><strong>11111,</strong></span> <span class='ocrx_word' id='word_1_424' title='bbox 1736 4085 1826 4134; x_wconf 88' lang='lat' dir='ltr'><strong>terras</strong></span> 
     </span>
     <span class='ocr_line' id='line_1_82' title="bbox 1067 4165 1826 4236; baseline -0.005 -11"><span class='ocrx_word' id='word_1_425' title='bbox 1067 4169 1096 4226; x_wconf 92' lang='lat' dir='ltr'><strong>in</strong></span> <span class='ocrx_word' id='word_1_426' title='bbox 1114 4168 1241 4226; x_wconf 87' lang='lat' dir='ltr'><strong>Pictavia</strong></span> <span class='ocrx_word' id='word_1_427' title='bbox 1255 4165 1394 4224; x_wconf 85' lang='lat' dir='ltr'><strong>hostiliter</strong></span> <span class='ocrx_word' id='word_1_428' title='bbox 1409 4165 1586 4236; x_wconf 83' lang='lat' dir='ltr'><strong>infestarent,</strong></span> <span class='ocrx_word' id='word_1_429' title='bbox 1602 4165 1719 4223; x_wconf 88' lang='lat' dir='ltr'><strong>mandat</strong></span> <span class='ocrx_word' id='word_1_430' title='bbox 1734 4167 1826 4223; x_wconf 85' lang='lat' dir='ltr'><strong>llono</strong></span> 
     </span>
     <span class='ocr_line' id='line_1_83' title="bbox 1066 4253 1831 4328; baseline -0.007 -16"><span class='ocrx_word' id='word_1_431' title='bbox 1066 4259 1125 4314; x_wconf 88' lang='lat' dir='ltr'><strong>rins</strong></span> <span class='ocrx_word' id='word_1_432' title='bbox 1137 4262 1166 4313; x_wconf 88' lang='lat' dir='ltr'><strong>ut</strong></span> <span class='ocrx_word' id='word_1_433' title='bbox 1176 4255 1296 4313; x_wconf 87' lang='lat' dir='ltr'><strong>rebelles</strong></span> <span class='ocrx_word' id='word_1_434' title='bbox 1308 4253 1343 4312; x_wconf 88' lang='lat' dir='ltr'><strong>ad</strong></span> <span class='ocrx_word' id='word_1_435' title='bbox 1358 4270 1457 4328; x_wconf 89' lang='lat' dir='ltr'><strong>pacem</strong></span> <span class='ocrx_word' id='word_1_436' title='bbox 1469 4253 1640 4312; x_wconf 88' lang='lat' dir='ltr'><strong>servandam</strong></span> <span class='ocrx_word' id='word_1_437' title='bbox 1653 4269 1717 4312; x_wconf 88' lang='grc'><strong>66111</strong></span> <span class='ocrx_word' id='word_1_438' title='bbox 1722 4255 1831 4328; x_wconf 79' lang='lat' dir='ltr'><strong>pellant</strong></span> 
     </span>
     <span class='ocr_line' id='line_1_84' title="bbox 1066 4359 1204 4418; baseline 0 -16"><span class='ocrx_word' id='word_1_439' title='bbox 1066 4359 1204 4418; x_wconf 77' lang='lat' dir='ltr'><strong>episcopt.</strong></span> 
     </span>
    </p>
   </div>
   <div class='ocr_carea' id='block_1_15' title="bbox 124 4447 1825 5708">
    <p class='ocr_par' dir='ltr' id='par_1_16' title="bbox 130 4447 1824 4828">
     <span class='ocr_line' id='line_1_85' title="bbox 130 4447 1823 4538; baseline -0.008 -17"><span class='ocrx_word' id='word_1_440' title='bbox 130 4518 131 4521; x_wconf 74' lang='grc'>,</span> <span class='ocrx_word' id='word_1_441' title='bbox 183 4475 295 4538; x_wconf 90' lang='lat' dir='ltr'><strong>supra,</strong></span> <span class='ocrx_word' id='word_1_442' title='bbox 305 4460 802 4538; x_wconf 82' lang='lat' dir='ltr'><strong>usquequiascentas.Ali0quin</strong></span> <span class='ocrx_word' id='word_1_443' title='bbox 813 4458 976 4524; x_wconf 89' lang='lat' dir='ltr'><strong>noveritis</strong></span> <span class='ocrx_word' id='word_1_444' title='bbox 1071 4453 1237 4514; x_wconf 90' lang='lat' dir='ltr'><strong>Honorius</strong></span> <span class='ocrx_word' id='word_1_445' title='bbox 1253 4452 1429 4530; x_wconf 87' lang='lat' dir='ltr'><strong>episcopus</strong></span> <span class='ocrx_word' id='word_1_446' title='bbox 1445 4467 1561 4512; x_wconf 86' lang='lat' dir='ltr'><strong>servus</strong></span> <span class='ocrx_word' id='word_1_447' title='bbox 1577 4467 1748 4513; x_wconf 89' lang='lat' dir='ltr'><strong>servorum</strong></span> <span class='ocrx_word' id='word_1_448' title='bbox 1767 4447 1823 4510; x_wconf 89' lang='lat' dir='ltr'><strong>Dei</strong></span> 
     </span>
     <span class='ocr_line' id='line_1_86' title="bbox 181 4548 1824 4635; baseline -0.01 -13"><span class='ocrx_word' id='word_1_449' title='bbox 181 4560 370 4635; x_wconf 86' lang='lat' dir='ltr'><strong>vospraeter</strong></span> <span class='ocrx_word' id='word_1_450' title='bbox 385 4557 749 4628; x_wconf 83' lang='lat' dir='ltr'><strong>excommunicationis,</strong></span> <span class='ocrx_word' id='word_1_451' title='bbox 762 4559 794 4618; x_wconf 90' lang='lat' dir='ltr'><strong>et</strong></span> <span class='ocrx_word' id='word_1_452' title='bbox 807 4553 977 4617; x_wconf 90' lang='lat' dir='ltr'><strong>interdicti</strong></span> <span class='ocrx_word' id='word_1_453' title='bbox 1030 4549 1277 4614; x_wconf 90' lang='lat' dir='ltr'><strong>venerabilibus</strong></span> <span class='ocrx_word' id='word_1_454' title='bbox 1293 4549 1462 4621; x_wconf 85' lang='lat' dir='ltr'><strong>fratribus,</strong></span> <span class='ocrx_word' id='word_1_455' title='bbox 1473 4548 1824 4624; x_wconf 62' lang='lat' dir='ltr'><strong>Emolismensietpe-</strong></span> 
     </span>
     <span class='ocr_line' id='line_1_87' title="bbox 182 4643 1820 4728; baseline -0.008 -12"><span class='ocrx_word' id='word_1_456' title='bbox 182 4657 365 4717; x_wconf 90' lang='lat' dir='ltr'><strong>sententias</strong></span> <span class='ocrx_word' id='word_1_457' title='bbox 386 4655 422 4716; x_wconf 91' lang='lat' dir='ltr'><strong>in</strong></span> <span class='ocrx_word' id='word_1_458' title='bbox 442 4671 513 4728; x_wconf 87' lang='lat' dir='ltr'><strong>vos,</strong></span> <span class='ocrx_word' id='word_1_459' title='bbox 535 4659 568 4717; x_wconf 92' lang='lat' dir='ltr'><strong>et</strong></span> <span class='ocrx_word' id='word_1_460' title='bbox 579 4658 703 4717; x_wconf 89' lang='lat' dir='ltr'><strong>terram</strong></span> <span class='ocrx_word' id='word_1_461' title='bbox 718 4656 863 4716; x_wconf 88' lang='lat' dir='ltr'><strong>vestram</strong></span> <span class='ocrx_word' id='word_1_462' title='bbox 879 4669 898 4714; x_wconf 90' lang='lat' dir='ltr'><strong>a</strong></span> <span class='ocrx_word' id='word_1_463' title='bbox 913 4669 973 4714; x_wconf 89' lang='lat' dir='ltr'><strong>ve·</strong></span> <span class='ocrx_word' id='word_1_464' title='bbox 1030 4649 1253 4725; x_wconf 88' lang='lat' dir='ltr'><strong>tragoricensi</strong></span> <span class='ocrx_word' id='word_1_465' title='bbox 1269 4647 1445 4724; x_wconf 87' lang='lat' dir='ltr'><strong>episcopis,</strong></span> <span class='ocrx_word' id='word_1_466' title='bbox 1458 4645 1598 4708; x_wconf 89' lang='lat' dir='ltr'><strong>salutem</strong></span> <span class='ocrx_word' id='word_1_467' title='bbox 1614 4649 1647 4707; x_wconf 90' lang='lat' dir='ltr'><strong>et</strong></span> <span class='ocrx_word' id='word_1_468' title='bbox 1659 4643 1820 4722; x_wconf 89' lang='lat' dir='ltr'><strong>apostoli-</strong></span> 
     </span>
     <span class='ocr_line' id='line_1_88' title="bbox 181 4745 1392 4828; baseline -0.008 -14"><span class='ocrx_word' id='word_1_469' title='bbox 181 4752 323 4814; x_wconf 87' lang='lat' dir='ltr'><strong>nerabili</strong></span> <span class='ocrx_word' id='word_1_470' title='bbox 339 4751 441 4814; x_wconf 81' lang='lat' dir='ltr'><strong>tratre</strong></span> <span class='ocrx_word' id='word_1_471' title='bbox 456 4754 571 4814; x_wconf 91' lang='lat' dir='ltr'><strong>nostro</strong></span> <span class='ocrx_word' id='word_1_472' title='bbox 593 4751 784 4828; x_wconf 85' lang='lat' dir='ltr'><strong>patriarcba</strong></span> <span class='ocrx_word' id='word_1_473' title='bbox 800 4749 972 4821; x_wconf 83' lang='lat' dir='ltr'><strong>Gradensi,</strong></span> <span class='ocrx_word' id='word_1_474' title='bbox 1031 4745 1392 4808; x_wconf 89' lang='lat' dir='ltr'><strong>cambenedictionem.</strong></span> 
     </span>
    </p>

    <p class='ocr_par' dir='ltr' id='par_1_17' title="bbox 124 4837 1825 5708">
     <span class='ocr_line' id='line_1_89' title="bbox 181 4837 1822 4925; baseline -0.01 -13"><span class='ocrx_word' id='word_1_475' title='bbox 181 4851 246 4912; x_wconf 93' lang='lat' dir='ltr'><strong>bac</strong></span> <span class='ocrx_word' id='word_1_476' title='bbox 274 4851 315 4914; x_wconf 91' lang='lat' dir='ltr'><strong>de</strong></span> <span class='ocrx_word' id='word_1_477' title='bbox 340 4865 443 4912; x_wconf 88' lang='lat' dir='ltr'><strong>causa</strong></span> <span class='ocrx_word' id='word_1_478' title='bbox 476 4849 634 4924; x_wconf 89' lang='lat' dir='ltr'><strong>prolatas,</strong></span> <span class='ocrx_word' id='word_1_479' title='bbox 662 4865 746 4925; x_wconf 90' lang='lat' dir='ltr'><strong>quas</strong></span> <span class='ocrx_word' id='word_1_480' title='bbox 779 4848 976 4910; x_wconf 90' lang='lat' dir='ltr'><strong>auctoritate</strong></span> <span class='ocrx_word' id='word_1_481' title='bbox 1070 4847 1153 4904; x_wconf 84' lang='lat' dir='ltr'><strong>Cum</strong></span> <span class='ocrx_word' id='word_1_482' title='bbox 1175 4842 1369 4904; x_wconf 90' lang='lat' dir='ltr'><strong>carissimus</strong></span> <span class='ocrx_word' id='word_1_483' title='bbox 1393 4842 1429 4902; x_wconf 87' lang='lat' dir='ltr'><strong>in</strong></span> <span class='ocrx_word' id='word_1_484' title='bbox 1453 4841 1584 4902; x_wconf 82' lang='lat' dir='ltr'><strong>Christo</strong></span> <span class='ocrx_word' id='word_1_485' title='bbox 1600 4839 1691 4900; x_wconf 84' lang='lat' dir='ltr'><strong>lilius</strong></span> <span class='ocrx_word' id='word_1_486' title='bbox 1711 4837 1822 4900; x_wconf 89' lang='lat' dir='ltr'><strong>noster</strong></span> 
     </span>
     <span class='ocr_line' id='line_1_90' title="bbox 181 4939 1821 5026; baseline -0.01 -17"><span class='ocrx_word' id='word_1_487' title='bbox 181 4947 371 5026; x_wconf 72' lang='lat' dir='ltr'><strong>apostolica</strong></span> <span class='ocrx_word' id='word_1_488' title='bbox 410 4946 618 5018; x_wconf 90' lang='lat' dir='ltr'><strong>roboramus,</strong></span> <span class='ocrx_word' id='word_1_489' title='bbox 654 4945 841 5006; x_wconf 87' lang='lat' dir='ltr'><strong>inhibuisse</strong></span> <span class='ocrx_word' id='word_1_490' title='bbox 872 4944 976 5005; x_wconf 94' lang='lat' dir='ltr'><strong>nobili</strong></span> <span class='ocrx_word' id='word_1_491' title='bbox 1031 4945 1071 5003; x_wconf 92' lang='grc' dir='ltr'><strong>Η.</strong></span> <span class='ocrx_word' id='word_1_492' title='bbox 1093 4941 1236 5002; x_wconf 86' lang='grc'><strong>1111161116</strong></span> <span class='ocrx_word' id='word_1_493' title='bbox 1265 4956 1327 5002; x_wconf 82' lang='grc'><strong>1611</strong></span> <span class='ocrx_word' id='word_1_494' title='bbox 1358 4939 1539 5014; x_wconf 85' lang='lat' dir='ltr'><strong>Anglorum</strong></span> <span class='ocrx_word' id='word_1_495' title='bbox 1562 4939 1821 5013; x_wconf 88' lang='lat' dir='ltr'><strong>crucesignatus,</strong></span> 
     </span>
     <span class='ocr_line' id='line_1_91' title="bbox 124 5031 1817 5123; baseline -0.011 -14"><span class='ocrx_word' id='word_1_496' title='bbox 124 5040 127 5058; x_wconf 89' lang='lat'>&#39;</span> <span class='ocrx_word' id='word_1_497' title='bbox 180 5047 253 5108; x_wconf 85' lang='lat' dir='ltr'><strong>viro</strong></span> <span class='ocrx_word' id='word_1_498' title='bbox 267 5045 353 5118; x_wconf 93' lang='lat' dir='ltr'><strong>duci,</strong></span> <span class='ocrx_word' id='word_1_499' title='bbox 371 5047 404 5107; x_wconf 89' lang='lat' dir='ltr'><strong>et</strong></span> <span class='ocrx_word' id='word_1_500' title='bbox 418 5045 539 5123; x_wconf 90' lang='lat' dir='ltr'><strong>populo</strong></span> <span class='ocrx_word' id='word_1_501' title='bbox 553 5043 778 5114; x_wconf 81' lang='lat' dir='ltr'><strong>venetiarum,</strong></span> <span class='ocrx_word' id='word_1_502' title='bbox 791 5057 831 5104; x_wconf 93' lang='lat' dir='ltr'><strong>ac</strong></span> <span class='ocrx_word' id='word_1_503' title='bbox 843 5041 920 5103; x_wconf 86' lang='lat' dir='ltr'><strong>aliis</strong></span> <span class='ocrx_word' id='word_1_504' title='bbox 932 5042 975 5103; x_wconf 91' lang='lat' dir='ltr'><strong>ci·</strong></span> <span class='ocrx_word' id='word_1_505' title='bbox 1031 5038 1177 5116; x_wconf 88' lang='lat' dir='ltr'><strong>pupillus</strong></span> <span class='ocrx_word' id='word_1_506' title='bbox 1198 5039 1232 5100; x_wconf 91' lang='lat' dir='ltr'><strong>et</strong></span> <span class='ocrx_word' id='word_1_507' title='bbox 1256 5037 1437 5114; x_wconf 87' lang='lat' dir='ltr'><strong>orphanus,</strong></span> <span class='ocrx_word' id='word_1_508' title='bbox 1471 5036 1515 5097; x_wconf 91' lang='lat' dir='ltr'><strong>sit</strong></span> <span class='ocrx_word' id='word_1_509' title='bbox 1542 5035 1702 5096; x_wconf 88' lang='lat' dir='ltr'><strong>custodiae</strong></span> <span class='ocrx_word' id='word_1_510' title='bbox 1729 5031 1817 5096; x_wconf 88' lang='lat' dir='ltr'><strong>Sedis</strong></span> 
     </span>
     <span class='ocr_line' id='line_1_92' title="bbox 180 5131 1820 5214; baseline -0.009 -10"><span class='ocrx_word' id='word_1_511' title='bbox 180 5145 339 5207; x_wconf 89' lang='lat' dir='ltr'><strong>vitatibus</strong></span> <span class='ocrx_word' id='word_1_512' title='bbox 360 5143 545 5206; x_wconf 88' lang='lat' dir='ltr'><strong>convicinis</strong></span> <span class='ocrx_word' id='word_1_513' title='bbox 567 5157 610 5203; x_wconf 93' lang='lat' dir='ltr'><strong>ne</strong></span> <span class='ocrx_word' id='word_1_514' title='bbox 629 5140 734 5201; x_wconf 90' lang='lat' dir='ltr'><strong>ullum</strong></span> <span class='ocrx_word' id='word_1_515' title='bbox 749 5139 920 5202; x_wconf 91' lang='lat' dir='ltr'><strong>vobiscum</strong></span> <span class='ocrx_word' id='word_1_516' title='bbox 940 5139 976 5200; x_wconf 90' lang='lat' dir='ltr'><strong>in</strong></span> <span class='ocrx_word' id='word_1_517' title='bbox 1030 5136 1229 5214; x_wconf 88' lang='lat' dir='ltr'><strong>Apostolicae</strong></span> <span class='ocrx_word' id='word_1_518' title='bbox 1249 5133 1440 5206; x_wconf 88' lang='lat' dir='ltr'><strong>derelictus,</strong></span> <span class='ocrx_word' id='word_1_519' title='bbox 1462 5132 1606 5210; x_wconf 78' lang='lat' dir='ltr'><strong>injurias</strong></span> <span class='ocrx_word' id='word_1_520' title='bbox 1623 5131 1676 5194; x_wconf 90' lang='lat' dir='ltr'><strong>vel</strong></span> <span class='ocrx_word' id='word_1_521' title='bbox 1698 5131 1820 5194; x_wconf 89' lang='lat' dir='ltr'><strong>moles-</strong></span> 
     </span>
     <span class='ocr_line' id='line_1_93' title="bbox 180 5226 1819 5319; baseline -0.012 -15"><span class='ocrx_word' id='word_1_522' title='bbox 180 5241 370 5319; x_wconf 88' lang='lat' dir='ltr'><strong>bujusmodi</strong></span> <span class='ocrx_word' id='word_1_523' title='bbox 393 5241 546 5302; x_wconf 89' lang='lat' dir='ltr'><strong>molestia</strong></span> <span class='ocrx_word' id='word_1_524' title='bbox 566 5237 822 5316; x_wconf 90' lang='lat' dir='ltr'><strong>perdurantibus</strong></span> <span class='ocrx_word' id='word_1_525' title='bbox 841 5252 974 5314; x_wconf 91' lang='lat' dir='ltr'><strong>praesu·</strong></span> <span class='ocrx_word' id='word_1_526' title='bbox 1031 5235 1095 5296; x_wconf 89' lang='lat' dir='ltr'><strong>tias</strong></span> <span class='ocrx_word' id='word_1_527' title='bbox 1118 5234 1283 5309; x_wconf 88' lang='lat' dir='ltr'><strong>irrogatas</strong></span> <span class='ocrx_word' id='word_1_528' title='bbox 1307 5232 1418 5294; x_wconf 88' lang='lat' dir='ltr'><strong>eidem</strong></span> <span class='ocrx_word' id='word_1_529' title='bbox 1442 5230 1537 5292; x_wconf 91' lang='lat' dir='ltr'><strong>nobis</strong></span> <span class='ocrx_word' id='word_1_530' title='bbox 1569 5245 1635 5291; x_wconf 91' lang='lat' dir='ltr'><strong>non</strong></span> <span class='ocrx_word' id='word_1_531' title='bbox 1659 5226 1819 5290; x_wconf 89' lang='lat' dir='ltr'><strong>immerito</strong></span> 
     </span>
     <span class='ocr_line' id='line_1_94' title="bbox 180 5324 1821 5415; baseline -0.01 -15"><span class='ocrx_word' id='word_1_532' title='bbox 180 5342 249 5400; x_wconf 90' lang='lat' dir='ltr'><strong>mat</strong></span> <span class='ocrx_word' id='word_1_533' title='bbox 264 5338 387 5400; x_wconf 91' lang='lat' dir='ltr'><strong>babere</strong></span> <span class='ocrx_word' id='word_1_534' title='bbox 402 5337 615 5415; x_wconf 86' lang='lat' dir='ltr'><strong>colloquium,</strong></span> <span class='ocrx_word' id='word_1_535' title='bbox 635 5336 693 5398; x_wconf 90' lang='lat' dir='ltr'><strong>aut</strong></span> <span class='ocrx_word' id='word_1_536' title='bbox 712 5335 882 5398; x_wconf 89' lang='lat' dir='ltr'><strong>celebrare</strong></span> <span class='ocrx_word' id='word_1_537' title='bbox 895 5349 976 5396; x_wconf 92' lang='lat' dir='ltr'><strong>con·</strong></span> <span class='ocrx_word' id='word_1_538' title='bbox 1031 5332 1223 5408; x_wconf 89' lang='lat' dir='ltr'><strong>reputantes</strong></span> <span class='ocrx_word' id='word_1_539' title='bbox 1236 5329 1464 5407; x_wconf 88' lang='lat' dir='ltr'><strong>principaliter</strong></span> <span class='ocrx_word' id='word_1_540' title='bbox 1479 5328 1634 5404; x_wconf 88' lang='lat' dir='ltr'><strong>irrogari,</strong></span> <span class='ocrx_word' id='word_1_541' title='bbox 1651 5329 1766 5388; x_wconf 88' lang='lat' dir='ltr'><strong>contra</strong></span> <span class='ocrx_word' id='word_1_542' title='bbox 1777 5324 1821 5384; x_wconf 93' lang='lat' dir='ltr'><strong>in·</strong></span> 
     </span>
     <span class='ocr_line' id='line_1_95' title="bbox 179 5422 1819 5513; baseline -0.01 -15"><span class='ocrx_word' id='word_1_543' title='bbox 179 5437 337 5510; x_wconf 82' lang='lat' dir='ltr'><strong>tractum3</strong></span> <span class='ocrx_word' id='word_1_544' title='bbox 364 5435 449 5513; x_wconf 94' lang='lat' dir='ltr'><strong>quod</strong></span> <span class='ocrx_word' id='word_1_545' title='bbox 475 5436 505 5495; x_wconf 91' lang='lat' dir='ltr'><strong>si</strong></span> <span class='ocrx_word' id='word_1_546' title='bbox 529 5449 645 5512; x_wconf 87' lang='lat' dir='ltr'><strong>poenas</strong></span> <span class='ocrx_word' id='word_1_547' title='bbox 660 5433 852 5510; x_wconf 88' lang='lat' dir='ltr'><strong>hujusmodi</strong></span> <span class='ocrx_word' id='word_1_548' title='bbox 877 5431 976 5493; x_wconf 89' lang='lat' dir='ltr'><strong>solita</strong></span> <span class='ocrx_word' id='word_1_549' title='bbox 1026 5431 1209 5508; x_wconf 89' lang='lat' dir='ltr'><strong>juriatores</strong></span> <span class='ocrx_word' id='word_1_550' title='bbox 1229 5429 1281 5488; x_wconf 88' lang='lat' dir='ltr'><strong>vel</strong></span> <span class='ocrx_word' id='word_1_551' title='bbox 1302 5427 1533 5490; x_wconf 85' lang='lat' dir='ltr'><strong>molestatores</strong></span> <span class='ocrx_word' id='word_1_552' title='bbox 1551 5424 1657 5502; x_wconf 90' lang='lat' dir='ltr'><strong>ipsius</strong></span> <span class='ocrx_word' id='word_1_553' title='bbox 1675 5422 1819 5501; x_wconf 84' lang='lat' dir='ltr'><strong>potenter</strong></span> 
     </span>
     <span class='ocr_line' id='line_1_96' title="bbox 180 5523 1818 5612; baseline -0.01 -17"><span class='ocrx_word' id='word_1_554' title='bbox 180 5534 364 5612; x_wconf 90' lang='lat' dir='ltr'><strong>pertinacia</strong></span> <span class='ocrx_word' id='word_1_555' title='bbox 389 5532 671 5608; x_wconf 87' lang='lat' dir='ltr'><strong>contempseritis,</strong></span> <span class='ocrx_word' id='word_1_556' title='bbox 702 5530 870 5593; x_wconf 88' lang='lat' dir='ltr'><strong>civitatem</strong></span> <span class='ocrx_word' id='word_1_557' title='bbox 897 5545 975 5590; x_wconf 90' lang='lat' dir='ltr'><strong>ves·</strong></span> <span class='ocrx_word' id='word_1_558' title='bbox 1031 5542 1213 5602; x_wconf 81' lang='lat' dir='ltr'><strong>exsurgere</strong></span> <span class='ocrx_word' id='word_1_559' title='bbox 1238 5525 1389 5587; x_wconf 92' lang='lat' dir='ltr'><strong>volumus</strong></span> <span class='ocrx_word' id='word_1_560' title='bbox 1414 5525 1447 5593; x_wconf 89' lang='lat' dir='ltr'><strong>et</strong></span> <span class='ocrx_word' id='word_1_561' title='bbox 1473 5523 1642 5596; x_wconf 88' lang='lat' dir='ltr'><strong>debemus,</strong></span> <span class='ocrx_word' id='word_1_562' title='bbox 1668 5525 1818 5599; x_wconf 88' lang='lat' dir='ltr'><strong>tanquam</strong></span> 
     </span>
     <span class='ocr_line' id='line_1_97' title="bbox 181 5619 1825 5708; baseline -0.011 -14"><span class='ocrx_word' id='word_1_563' title='bbox 181 5635 267 5696; x_wconf 88' lang='lat' dir='ltr'><strong>tram</strong></span> <span class='ocrx_word' id='word_1_564' title='bbox 291 5629 473 5708; x_wconf 82' lang='lat' dir='ltr'><strong>pontificali</strong></span> <span class='ocrx_word' id='word_1_565' title='bbox 497 5629 702 5708; x_wconf 88' lang='lat' dir='ltr'><strong>privabimus</strong></span> <span class='ocrx_word' id='word_1_566' title='bbox 727 5627 906 5706; x_wconf 89' lang='lat' dir='ltr'><strong>dignitate,</strong></span> <span class='ocrx_word' id='word_1_567' title='bbox 946 5628 998 5703; x_wconf 87' lang='lat' dir='ltr'><strong>et</strong></span> <span class='ocrx_word' id='word_1_568' title='bbox 1032 5623 1262 5703; x_wconf 89' lang='lat' dir='ltr'><strong>prosequendo</strong></span> <span class='ocrx_word' id='word_1_569' title='bbox 1277 5622 1447 5700; x_wconf 86' lang='lat' dir='ltr'><strong>proprium</strong></span> <span class='ocrx_word' id='word_1_570' title='bbox 1462 5619 1637 5684; x_wconf 81' lang='lat' dir='ltr'><strong>interesse.</strong></span> <span class='ocrx_word' id='word_1_571' title='bbox 1663 5621 1825 5682; x_wconf 78' lang='lat' dir='ltr'><strong>Caeterum</strong></span> 
     </span>
    </p>
   </div>
   <div class='ocr_carea' id='block_1_16' title="bbox 0 0 1978 6304">
    <p class='ocr_par' dir='ltr' id='par_1_18' title="bbox 0 0 1978 6304">
     <span class='ocr_line' id='line_1_98' title="bbox 0 0 1978 6304; baseline 0 0"><span class='ocrx_word' id='word_1_572' title='bbox 0 0 1978 6304; x_wconf 95' lang='lat' dir='ltr'><strong> </strong></span> 
     </span>
    </p>
   </div>
  </div>
 </body>
</html>
