3962 6308
76 355 126 416 620·
691 349 918 410 EPISTOLAE.
942 349 1019 409 LIB.
1044 349 1081 407 V.
1647 351 1717 412 626,
1793 349 1797 354 ’

77 512 161 574 sodis
174 515 254 589 jugo
273 510 444 573 humiliter
468 507 679 583 submisisse3
706 507 854 585 alioquin
908 507 1040 570 reniam
1068 507 1290 583 peccatorum.
1334 509 1377 570 Ut
1412 510 1524 572 autam
1565 509 1705 574 collecta

76 625 127 687 pro
148 611 237 670 cerlo
260 607 432 678 noveritis,
460 606 546 684 qnod
571 621 630 683 per
655 605 854 668 sententiam
908 603 1097 682 hujusmodi
1113 603 1154 664 ad
1169 604 1421 668 subventionem
1436 605 1515 668 dicti
1530 608 1655 683 negotii
1669 604 1704 669 et

74 706 168 778 vobis,
180 706 251 768 sine
261 721 320 782 spe
333 704 566 774 restitutionis,
581 717 740 780 expresse
752 702 853 780 abju—
908 699 1049 763 salutem
1063 701 1207 764 vestram
1218 702 1324 779 magis
1339 703 1525 780 meliusque
1533 703 1700 781 procedat,

74 803 245 865 dicabimus
258 803 404 864 castrum
416 802 572 863 Furense
585 815 626 861 ac
645 799 731 862 alies
746 801 854 860 terres
909 797 1085 860 scribimus
1110 798 1293 860 venerabili
1321 797 1417 862 fratri
1438 800 1553 862 nostro
1581 801 1616 862 tl.
1645 798 1702 880 (l)

74 905 201 972 vestras,
218 915 317 977 quum
344 899 490 962 castrum
504 897 614 974 ipsum
641 897 678 958 in
701 896 854 958 eeclesiae
909 895 1084 956 Portuensi
1097 895 1262 972 episcopo,
1278 900 1317 957 A.
1335 899 1368 958 s.
1385 897 1506 973 legato,
1521 898 1557 959 ut
1572 897 1643 975 ipse
1659 896 1701 958 ad

75 1000 184 1060 nostre
204 997 415 1060 commissum
438 995 603 1067 inciderit,
629 994 663 1055 et
676 993 772 1065 alles,
799 1009 855 1054 se-
908 991 941 1052 id
956 1007 1070 1054 curam
1085 993 1264 1070 specialem
1281 993 1464 1070 impendat;
1481 1009 1585 1072 quare
1601 995 1704 1057 devo-

73 1095 205 1158 candum
230 1094 498 1156 constitutionem
523 1090 665 1154 concilii
687 1089 854 1168 generalis
907 1089 1033 1151 tionem
1045 1088 1188 1152 vestram
1204 1105 1374 1152 monemus
1388 1091 1422 1152 et
1435 1090 1652 1155 exhortamur
1665 1091 1702 1154 in

74 1191 302 1270 promulgatam
325 1193 440 1254 contre
473 1189 649 1252 hereticos
680 1189 715 1250 et
739 1203 854 1250 eorum
908 1185 1059 1259 Domino,
1083 1189 1119 1248 ut
1137 1185 1205 1249 tam
1224 1187 1288 1248 sibi
1306 1191 1404 1266 quam
1428 1187 1496 1250 illis
1517 1204 1599 1267 quos
1626 1189 1705 1252 hiric

73 1291 219 1362 fautores,
240 1288 425 1367 abjndioari
445 1287 540 1351 vobis
565 1286 670 1364 possit
691 1287 724 1348 et
738 1285 855 1347 debeat
908 1283 1094 1347 ministerio
1114 1284 1247 1346 duxerit
1270 1285 1486 1362 deputandos,
1514 1302 1574 1363 pro
1589 1285 1704 1348 divina

73 1380 853 1464 terraipsa.Necconfidatis...(ooeferadesuof.)
909 1381 1095 1444 reverentia
1105 1383 1139 1443 et
1152 1379 1260 1444 salute
1273 1382 1453 1445 intendatis
1468 1383 1501 1445 et
1513 1383 1703 1461 acquiesca-

907 1477 951 1541 tis
962 1477 1133 1541 humiliter
1146 1481 1180 1540 et
1191 1477 1319 1542 devote.
1334 1477 1484 1559 (cetera
1497 1478 1650 1559 desunt.)

73 1710 114 1768 dd
126 1711 308 1770 antemos
322 1707 450 1770 obresit
463 1707 579 1779 fideles
591 1707 628 1766 ta
638 1704 855 1768 Narbonensi
1229 1647 1385 1736 CLXVI
1498 1773 1502 1778 Ι

270 1863 272 1867 ,
362 1806 554 1879 procincta.
948 1781 1665 1858 Adcoorccum,1²orfueosemepiscopum

98 1903 344 1984 perquisisses
358 1917 401 1966 uas
410 1917 510 1970 arses.
520 1917 587 1974 xix,
597 1930 624 1981 p.
633 1915 679 1965 ose
689 1935 695 1974 ;
704 1913 821 1970 vassen,
1110 1879 1218 1948 wll-⁹
1232 1881 1273 1938 A.
1284 1879 1319 1940 S.
1335 1879 1497 1955 letatum·

340 2001 357 2046 t.
373 1997 417 2056 ΙΙΙ,
426 1997 499 2062 prob.
509 1995 578 2061 ΙΙΙ]
997 1989 1131 2054 [Bonquet,
1144 1989 1248 2041 Recueil
1259 1990 1302 2040 das
1315 1990 1390 2051 Hist,
1402 1995 1422 2042 t.
1433 1991 1501 2050 xlx,
1510 2005 1537 2055 p.
1547 1989 1616 2056 700]

73 2095 152 2170 dagis
167 2097 306 2169 remegio
320 2094 540 2168 frigescentibus
550 2092 753 2152 catholicorum
765 2106 852 2149 cone·
907 2096 1186 2166 Queriturllonorius
1201 2095 1339 2169 quosdam
1352 2095 1502 2172 episcopos
1510 2097 1539 2154 in
1549 2095 1699 2158 Provincia

99 2185 168 2244 ibus
182 2184 323 2243 adversus
336 2185 502 2251 tolosanos,
519 2183 618 2240 fideles
628 2182 777 2239 universos
786 2195 851 2254 pro·
943 2191 971 2241 et
989 2183 1120 2258 prelatos
1134 2186 1205 2242 alios
1215 2183 1352 2252 favorem,
1366 2186 1554 2244 consiliumet
1566 2185 1703 2244 auxilium

100 2275 195 2330 uncie
208 2273 406 2332 Narbonensis
413 2273 519 2330 excitat
529 2271 670 2330 Honorius
683 2269 718 2327 ad
729 2269 855 2328 releven·
943 2271 1085 2330 hereticis
1096 2274 1207 2332 occulte
1216 2272 1382 2346 impendere
1390 2273 1707 2348 atquelegetomendat

100 2361 160 2421 dum
193 2362 262 2421 fidei
290 2363 450 2436 negotium,
473 2375 659 2434 personarum
685 2359 732 2417 vel
758 2371 854 2416 rerum
944 2369 974 2420 ut
987 2360 1185 2434 delinquentes
1200 2361 1613 2436 corrigetetpuniat,ereepto
1627 2361 1703 2435 quod

100 2452 208 2520 anulio,
225 2459 258 2510 ut
272 2459 471 2526 pececatorum
485 2464 602 2508 suorum
619 2447 734 2506 veniam
748 2445 854 2506 salubri
944 2445 980 2504 ad
991 2461 1091 2504 eorum
1101 2447 1362 2505 exauctorationem
1377 2461 1478 2505 manus
1491 2461 1549 2506 non
1568 2445 1703 2506 exterrdet

11 2575 12 2578 =
100 2539 267 2614 compendio
281 2547 456 2598 mereantur.
657 2562 659 2566 ·
943 2534 1051 2608 absque
1063 2535 1182 2608 speciali
1195 2534 1341 2593 mandato.

103 2647 772 2726 Honoriusepiscopusservusserrorum
781 2642 853 2714 Dei,
948 2643 1116 2705 Honorius
1124 2643 1310 2721 episcopus,
1321 2658 1438 2704 servus
1449 2658 1620 2705 servorum
1629 2643 1701 2716 Del,

75 2741 855 2818 unversiscnristtfldslibus‚tumeler-toisqnam
908 2739 1093 2801 venerabili
1103 2739 1199 2801 fratri
1210 2741 1244 2801 C.
1255 2740 1430 2802 Portuensi
1438 2739 1604 2817 episcopo,
1616 2742 1655 2800 A.
1668 2739 1705 2801 S.

74 2843 217 2916 laicissin
232 2845 322 2906 terra
336 2841 512 2920 legationis
523 2839 726 2902 venerabilis
739 2837 855 2900 fratris
909 2837 1028 2911 legato,
1046 2837 1187 2898 salutem
1210 2837 1243 2898 et
1255 2837 1473 2913 apostolicam
1494 2834 1703 2899 benedictio·

74 2943 163 3004 noent
179 2937 355 3020 (conradi)
372 2938 567 3001 Portuensis
584 2935 742 3014 episcopi,
758 2934 854 2998 salu·
911 2950 997 2996 nem.

74 3035 129 3096 tem
142 3034 407 3112 adapostolicam
421 3032 695 3094 benedictionem.
949 3032 1023 3094 Non
1045 3031 1119 3092 sine
1134 3029 1356 3092 amaritudine
1375 3031 1496 3092 mentis
1515 3029 1705 3092 audivimus

105 3131 289 3211 Aliquando
313 3131 453 3194 altitudo
477 3129 621 3192 coelestis
645 3127 789 3199 consilli,
814 3125 855 3188 de
910 3129 943 3190 et
956 3127 1146 3205 recipimus,
1163 3128 1249 3206 quod
1262 3128 1396 3205 quidam
1409 3127 1567 3206 episcopi,
1578 3127 1703 3204 aliique

74 3227 116 3289 his
135 3247 207 3308 quaa
242 3229 331 3290 mala
346 3228 515 3300 videntur,
547 3225 633 3288 bona
665 3223 856 3302 frequenter
910 3225 1039 3303 praelati
1062 3226 1096 3287 et
1117 3225 1336 3288 ecelesiastici
1351 3226 1415 3286 viri
1430 3225 1602 3288 adversari
1626 3223 1704 3285 fidei

74 3326 209 3400 eliciens,
225 3326 398 3404 negotium
412 3325 501 3397 fidoi,
516 3339 575 3401 pro
590 3322 701 3400 quoin
714 3321 856 3383 Pronn-
910 3324 1042 3398 negotio
1056 3337 1123 3384 non
1144 3325 1314 3396 verentur,
1336 3322 1503 3385 haereticis
1524 3335 1706 3398 eorumque

73 3423 284 3501 eiepartibus
299 3423 392 3485 ianm
409 3425 480 3499 jem
503 3422 652 3498 tempore
670 3418 852 3490 laboratur,
909 3419 1094 3482 fautoribus
1114 3419 1333 3497 impendendo
1345 3417 1504 3491 favorem,
1528 3418 1706 3482 consilium

74 3523 156 3596 quasi
178 3522 367 3583 desummo
389 3519 431 3580 ad
457 3519 525 3580 ima
546 3532 704 3579 corruere
726 3515 855 3578 occulto
910 3517 1127 3590 eteuxilium,
1143 3533 1233 3579 nuno
1245 3517 1377 3594 publice
1391 3517 1444 3580 vel
1459 3515 1587 3580 occulte
1600 3537 1607 3577 ε
1622 3531 1704 3594 qnos

73 3617 196 3692 jndicio,
224 3618 285 3680 sed
316 3617 430 3694 utique
451 3617 554 3693 justo,
572 3613 722 3691 permisit
741 3611 855 3674 forsan
910 3617 940 3676 si
955 3616 1050 3678 Sedis
1064 3615 1263 3693 apostolice
1277 3615 1478 3688 reverentia,
1492 3631 1565 3692 qum
1577 3615 1706 3700 tentum

76 3714 193 3793 inejus
220 3714 473 3782 revelationem,
501 3712 642 3774 salutern
670 3710 877 3788 praevidens·
909 3714 1050 3790 proipso
1060 3713 1193 3789 negotio
1206 3711 1381 3785 laboravit,
1394 3711 1435 3774 eb
1445 3711 1581 3774 illorum
1592 3711 1706 3774 favore

76 3810 291 3886 plurimorum,
309 3811 377 3888 qui,
394 3809 620 3873 subveniendo
635 3808 699 3886 ipsi
723 3807 855 3884 negotio
911 3825 977 3871 non
991 3810 1136 3878 revocet,
1164 3809 1288 3871 diutius
1310 3809 1428 3870 saltem
1448 3808 1549 3870 timor
1567 3809 1707 3894 elamor

76 3905 104 3965 in
118 3907 266 3983 personis
281 3908 340 3969 aut
353 3907 463 3977 rebus,
488 3906 699 3982 peccatorum
721 3917 856 3964 suorum
910 3907 1054 3984 propriae
1066 3905 1163 3968 fernae
1178 3922 1218 3968 ao
1230 3906 1347 3968 salutis
1362 3904 1522 3967 debuerat
1535 3917 1704 3966 revocare.

76 4007 192 4066 veniam
205 4005 271 4066 boc
285 4003 411 4065 salubri
424 4002 618 4079 compendio
632 4000 855 4064 merebuntur.
911 4007 992 4067 cum
1013 4005 1117 4081 igitur
1138 4005 1239 4066 antee
1264 4003 1494 4081 perversitatis
1521 4001 1649 4064 malitia
1675 4001 1708 4064 et

76 4101 240 4164 llortamur
259 4102 642 4178 igiturunumquemqne
657 4099 804 4160 vestrum
824 4097 858 4158 et
911 4103 978 4164 tam
1004 4102 1172 4164 malitiosa
1203 4101 1404 4178 perversitas
1436 4113 1610 4164 remanere
1639 4113 1707 4160 non

78 4193 275 4260 obsocramus
291 4199 325 4258 fn
346 4197 496 4268 nomino,
513 4211 553 4258 ao
572 4196 607 4256 in
627 4194 857 4256 remissionem
912 4198 1028 4262 debeat
1047 4199 1221 4276 impunita,
1248 4197 1438 4276 inquirendi
1462 4203 1496 4260 er
1518 4195 1708 4272 corrigendi

77 4292 157 4354 vobis
171 4294 378 4373 injungimus
393 4293 783 4370 peecatorum,qnatenus
797 4305 858 4366 ag·
912 4313 952 4359 ac
966 4297 1124 4374 puniendi
1149 4311 1308 4358 excessus
1330 4295 1457 4368 talium,
1482 4293 1549 4359 tam
1572 4293 1709 4370 regule·

78 4391 252 4461 mediantes
264 4392 354 4453 viam
366 4391 484 4461 venie,
501 4405 599 4466 quam
612 4389 725 4450 divina
744 4388 859 4464 provi·
911 4396 998 4456 rium
1012 4391 1708 4471 etoxemptorumquamatiorumqnorum-

79 4483 174 4550 dantia
196 4488 293 4551 vobis
313 4487 421 4554 offert,
444 4487 485 4549 ad
506 4486 758 4548 subventionem
777 4485 857 4546 dicti
912 4490 1003 4565 libet,
1027 4491 1124 4568 prout
1146 4491 1210 4569 ipsi
1231 4490 1363 4566 negotio
1385 4487 1509 4550 videris
1536 4486 1706 4564 expedire,

79 4587 187 4660 negotii
198 4602 260 4648 vos
274 4584 441 4648 indefesso
456 4583 565 4647 studio
578 4583 771 4660 accingatis,
788 4582 858 4644 col·
913 4589 1088 4665 privilegio
1099 4603 1157 4650 seu
1170 4587 1403 4665 appellationis
1417 4581 1540 4661 effugio
1553 4600 1619 4645 non
1631 4583 1709 4645 ols-

78 4677 180 4744 llftflffl
201 4684 338 4746 interim
362 4697 433 4755 VOS,
449 4683 548 4760 9ΙοιΙι
569 4682 728 4742 D0ffli¹¹11⁸
751 4681 858 4756 insili·
912 4687 1013 4757 tante,
1035 4685 1175 4747 liberam
1198 4684 1259 4746 tibi
1279 4683 1490 4745 concedimus
1512 4681 1709 4744 auctoritate

79 4783 195 4852 raverit,
212 4781 385 4851 facientes,
404 4781 441 4841 ut
452 4780 477 4840 ii
492 4779 549 4856 qui
571 4778 707 4840 addicti
730 4778 857 4855 negotii
913 4783 1126 4860 praesentium
1141 4781 1343 4854 facultatem,
1361 4796 1401 4842 eo
1412 4780 1585 4842 dumtaxat
1593 4795 1709 4857 excep·

80 4874 312 4940 subventionem
334 4877 543 4954 nequiverint
559 4875 735 4951 proficisci,
756 4876 858 4952 proil-
911 4881 956 4953 to,
972 4884 1007 4942 ut
1021 4880 1061 4941 ad
1078 4879 1317 4957 depositionem
1333 4877 1562 4956 episcoporum
1575 4893 1709 4938 manum

79 4971 857 5052 cisoantnrsaltemporpieesubventionlsauxi·
912 4978 984 5038 sine
993 4979 1107 5038 nostra
1116 4976 1253 5054 speciali
1264 4976 1400 5038 licentia
1411 4992 1479 5037 non
1491 4973 1651 5038 extendas
1660 4971 1708 5054 (2)

79 5065 155 5144 lium,
169 5073 349 5136 secundum
365 5071 550 5134 devotionis
561 5070 715 5132 ardorem
731 5072 764 5132 et
778 5070 857 5132 sub-
912 5073 996 5136 alias
1012 5089 1080 5145 eos,
1094 5074 1192 5150 prout
1206 5089 1260 5135 res
1276 5074 1436 5150 exegerit,
1453 5071 1556 5132 libere
1571 5071 1709 5149 punitu-

80 5164 142 5230 sidit
184 5171 425 5249 quantitatem,
470 5167 680 5230 consecuturi
722 5183 857 5229 suornm
912 5187 980 5232 rus.
998 5171 1148 5252 (celero
1162 5169 1312 5250 deseret.)

108 5313 141 5395 tl)
157 5317 310 5386 conradus,
330 5317 525 5390 cisterciensis
551 5315 649 5383 abbas,
678 5330 754 5373 enno
775 5316 854 5385 lete,
913 5321 941 5376 in
964 5317 1155 5376 additionibus
1170 5317 1205 5375 ad
1220 5319 1282 5392 eius
1304 5317 1450 5376 historiam
1466 5315 1543 5390 regis
1564 5313 1707 5390 Philippi:

81 5383 281 5472 luditilornam
309 5405 375 5472 curn
397 5390 459 5445 eliis
483 5386 631 5444 abbatibus
656 5401 708 5468 pro
730 5389 858 5470 ⁸negotiis
912 5389 988 5446 unde
1005 5391 1167 5464 colligimus
1182 5405 1237 5462 quo
1253 5396 1308 5445 tem
1332 5403 1380 5446 ore
1401 5387 1465 5445 data
1480 5385 1563 5445 luerit
1576 5387 1707 5460 epistole,

81 5454 179 5524 ordinis,
188 5460 283 5532 rbrque
297 5462 413 5532 eligitur
419 5467 449 5516 et
462 5466 644 5516 eorreecretur
655 5473 683 5514 ru
692 5471 856 5531 episcopum
911 5462 957 5518 cui
975 5475 1027 5518 nec
1037 5461 1109 5531 dies,
1123 5475 1176 5518 nee
1188 5475 1280 5516 annus
1292 5405 1424 5542 adscripti
1436 5465 1512 5516 sunt.

82 5523 856 5602 lorueusem;qul,nonmutopostfegettonesuscepta
949 5531 991 5604 tl)
1008 5533 1169 5604 sequentes
1193 5530 1329 5602 epistolas
1352 5543 1478 5658 garoque
1497 5527 1533 5586 ad
1547 5527 1708 5588 conradum

84 5604 166 5656 soona
181 5599 348 5674 albigenses
364 5601 468 5672 pergit,
479 5599 587 5658 scilieet
599 5613 675 5656 eurio
689 5599 769 5666 fato,
785 5608 856 5659 tem·
912 5603 945 5660 Α.
963 5605 992 5660 S.
1006 5603 1145 5674 legatum,
1159 5617 1195 5657 ex
1212 5599 1330 5658 archivo
1379 5599 1547 5658 arbonensis
1568 5599 1708 5667 otmlesiae,

83 5677 136 5730 l⁰re
149 5671 383 5744 quadragesime,
399 5676 481 5742 prout
495 5669 578 5759 docet
589 5670 755 5730 Guillelmus
768 5673 853 5742 Brito,
913 5672 1049 5732 informes
1061 5680 1090 5730 et
1102 5673 1178 5732 nullo
1193 5673 1323 5747 signatas
1333 5685 1408 5735 enno
1417 5671 1515 5742 nodie,
1528 5681 1709 5745 nequequam
