3952 6350
282 337 342 399 695

284 495 571 560 exhortationibus
586 497 776 568 invitamus,
789 495 891 558 olllcii
902 498 1007 558 nostri
1020 493 1079 557 de-

281 593 885 672 bitamprosequentesactiouem,nec
896 594 1008 654 adboc
1019 609 1077 654 vos

284 691 450 754 credimus
461 691 613 754 diltlciles
630 691 793 760 invenire,
809 707 909 768 quum
925 691 957 750 id
969 689 1078 752 iacere

284 788 529 866 dignoscamur,
552 805 619 848 non
643 789 749 848 solum
774 789 903 849 meritis
924 803 1079 865 persona-

284 901 370 958 rum,
383 886 440 946 sed
456 885 577 946 intuitu
589 885 732 961 pietatis.
751 885 835 946 Hinc
853 885 1003 962 estquod
1020 901 1078 960 pro

284 983 405 1044 dilecto
430 983 497 1044 tilio
524 985 666 1057 Rogero,
697 982 819 1042 clerico
849 983 1076 1052 catalaunem,

284 1079 411 1157 nullum
426 1079 545 1150 adbuc,
564 1079 650 1140 sicut
665 1079 798 1150 asserit,
818 1079 1078 1140 ecclesiasticum

283 1175 917 1247 beneficiumassecuto,universitatem
937 1176 1079 1236 vestram

284 1273 467 1348 rogandam
483 1273 639 1334 duximus
654 1275 687 1334 et
699 1272 897 1334 monendam
910 1289 968 1348 per
980 1276 1081 1349 Apos-

284 1370 386 1432 tolica
396 1371 520 1446 scripta
536 1370 743 1442 mandantes,
755 1371 917 1447 quatenus
928 1386 994 1430 non
1008 1369 1081 1430 obs·

284 1467 376 1528 tante
410 1467 495 1544 quod
526 1483 584 1543 pro
615 1467 692 1528 aliis
718 1467 812 1528 vobis
837 1467 1078 1543 scripserimus,

286 1579 387 1640 quum
403 1563 909 1624 obreverentiambeathetriet
920 1568 1077 1634 nostram,

285 1660 313 1719 si
330 1661 469 1721 idoneus
481 1661 540 1732 est,
556 1661 726 1738 recipiatis
741 1661 775 1721 in
789 1662 986 1722 canonicum
1002 1662 1032 1720 et
1047 1661 1080 1720 in

286 1755 433 1818 tratrem.
463 1759 580 1819 Datum
606 1757 772 1827 Laterani,
798 1759 897 1818 tertio
912 1773 1017 1818 nonas
1033 1756 1047 1816 l
1064 1791 1081 1804 -

286 1853 423 1924 bruarii,
442 1855 654 1930 pontificatus
665 1854 771 1915 nostri
789 1870 876 1916 anuo
893 1855 1017 1932 quinto.

603 2060 770 2147 coxbll

287 2195 339 2254 Act
357 2194 512 2255 abbatem
531 2195 725 2254 Wulderboc
746 2192 778 2253 ct
803 2193 844 2254 de
861 2193 969 2252 Howe
988 2191 1020 2249 et
1041 2193 1082 2250 de

327 2293 430 2366 Gorp.
438 2289 908 2365 propositosmatisconensis
920 2288 953 2348 et
965 2289 1082 2348 Solae·

328 2390 485 2462 carpens.
503 2390 636 2448 cltoecea

583 2507 600 2563 3
620 2505 690 2563 lebr.
708 2507 787 2564 lttl.

419 2613 502 2677 [iliad
514 2611 576 2662 (iod.
590 2611 696 2676 diplom.
713 2611 849 2675 llatispon.
864 2611 883 2669 l,
894 2609 961 2675 329]

290 2717 406 2778 Mandat
428 2727 458 2776 ut
476 2717 613 2776 inducant
634 2719 786 2774 ilenricom
804 2715 839 2774 de
853 2717 1018 2788 Ortempere
1033 2731 1082 2772 co·

325 2810 423 2866 tuitcrn
439 2806 474 2864 ad
490 2805 722 2864 satisfaciendum
742 2805 870 2863 ecclesiae
883 2805 1083 2876 Ratlsponcusi

323 2911 374 2970 pro
385 2896 499 2953 demnis
516 2894 551 2952 ab
565 2894 729 2950 bominibus
739 2893 802 2966 ejus
817 2893 960 2966 irrogatis.

334 3014 500 3074 Honorius
510 3013 694 3090 episcopus,
704 3027 820 3072 servus
833 3026 1003 3072 servorum
1011 3009 1080 3081 Dei,

290 3111 420 3172 dilectis
440 3110 518 3169 tiliis
548 3108 659 3170 abbati
682 3108 723 3169 de
737 3107 936 3169 Walderbac
956 3109 1025 3170 et...
1043 3107 1082 3168 de

291 3204 1082 3282 Howeet...de(larg.praepositisltatisponens.

289 3306 323 3366 et
338 3303 588 3379 salzeburgens.
606 3303 751 3372 dioeces,
768 3301 919 3373 salutem,
938 3305 1000 3362 etc.

330 3401 540 3462 Venerabilis
567 3399 670 3460 frater
696 3399 809 3460 noster
825 3399 1001 3474 episcopus
1017 3399 1085 3459 Ra-

290 3499 492 3575 tisponensis
512 3512 572 3557 sua
593 3495 686 3556 nobis
709 3495 946 3571 conquestione
968 3509 1084 3554 mons-

291 3595 402 3666 travit,
429 3593 514 3672 quod
540 3593 690 3654 homines
715 3592 836 3653 nobilis
860 3591 925 3652 viri
949 3590 1085 3652 chrici

292 3693 421 3754 comitis
446 3693 486 3752 dc
515 3693 705 3768 Ortempere
729 3689 899 3750 Patavien.
921 3687 1083 3754 dioecesis,

292 3790 485 3866 diripientes
512 3789 598 3849 boue
627 3787 777 3848 ecclesiae
802 3803 882 3858 suae,
908 3786 1026 3847 damna
1054 3785 1085 3846 ei

292 3888 409 3962 gravia
432 3887 623 3962 irrogarunt
642 3882 673 3946 et
701 3885 852 3960 irrogant
867 3883 1083 3954 incessanter,

293 4000 375 4061 quos
388 3983 429 4044 ad
448 3981 717 4044 satisfaciendum
733 3981 839 4042 eidem
851 3981 882 4042 et
894 3979 934 4041 ad
951 3995 1087 4041 cessan-

293 4081 370 4140 dum
386 4081 427 4142 ab
435 4079 624 4158 hujusmodi
635 4078 885 4154 gravaminibus
897 4091 1006 4137 comes
1016 4076 1086 4152 ipse

295 4194 362 4239 non
373 4179 468 4238 curat
478 4175 676 4252 compellere
688 4175 878 4235 multotiens
889 4173 1084 4251 requisitus;

292 4275 434 4352 ideoque
463 4273 655 4335 discretioni
677 4273 797 4333 vestrm
824 4287 883 4348 per
897 4271 1086 4346 apostolica

294 4367 1086 4450 scriptamandamus,quatenusdictumcomitem

294 4471 456 4531 moneatis
469 4467 658 4545 prudenter,
670 4467 703 4528 et
714 4466 894 4527 efficaciter
909 4465 1085 4531 inducatis,

296 4569 330 4627 ul
346 4567 385 4628 de
400 4566 530 4627 damnis
545 4564 586 4625 ab
604 4567 676 4642 eJ'us
696 4562 886 4624 bominibus
902 4563 964 4639 ipsi
980 4561 1088 4622 eccle-

297 4665 356 4724 siae
370 4663 525 4738 irrogatis
539 4661 645 4722 eidem
662 4659 818 4722 satisfieri
833 4658 934 4735 faciat
956 4672 1089 4734 compe-

295 4762 455 4830 tenter,et
465 4756 713 4836 ipsoshomines
723 4755 764 4816 ab
776 4757 923 4833 ejusdem
937 4754 1087 4815 ecclesiae

295 4851 1088 4930 indebitavexationecompescat;quodsilacere

296 4973 361 5017 non
378 4952 555 5023 curaverit,
573 4968 631 5012 vos
648 4950 797 5012 homines
811 4951 900 5026 ipsos
916 4949 1000 5009 adid
1018 4963 1091 5008 mo-

294 5053 421 5115 nitione
436 5048 606 5128 praemissa
620 5062 864 5124 percensuram
880 5045 1089 5107 ecclesiasti·

297 5167 369 5212 cam
398 5147 619 5226 appellatione
648 5144 776 5205 remota
802 5144 931 5204 ratione
966 5142 1090 5220 praevia

295 5246 510 5323 compellatis.
536 5241 674 5314 Quodsi
696 5256 762 5303 non
785 5255 899 5301 omnes
919 5239 972 5299 bis
988 5253 1089 5299 exse-

297 5343 435 5421 quendis
447 5339 621 5419 potueritis
632 5341 807 5406 interesse,
821 5337 884 5398 duo
895 5339 1039 5397 vestrum
1052 5352 1091 5396 ea

295 5439 512 5501 nibilominus
534 5439 771 5515 exsequantur.
793 5435 910 5496 Datum
923 5433 1090 5504 Laterani,

298 5541 341 5598 lll
354 5551 458 5597 nonas
474 5535 645 5604 februarii,
659 5533 870 5609 pontificatus
885 5531 991 5593 nostri
1006 5547 1092 5592 anno

297 5637 424 5714 quinte.

904 338 1078 398 HONORII
1100 339 1145 399 111
1167 341 1315 400 OPERA.

1434 509 1621 596 CCXLIII

1161 643 1212 701 Act
1223 640 1463 717 sttffropoocos
1482 644 1632 702 ecclesiae
1640 643 1878 715 Nydroateusls.

1428 753 1445 811 3
1460 753 1529 812 tebr.
1548 756 1625 812 lttl.

1258 859 1362 923 [Lange
1380 858 1446 924 Dipi.
1465 860 1639 923 Norvegicum,
1656 861 1700 921 vl,
1718 860 1802 924 ι,17.]

1134 966 1249 1022 Mandat
1263 966 1306 1022 eis
1317 973 1348 1023 ut
1362 981 1427 1022 cum
1450 965 1665 1024 honorificentia
1683 965 1770 1039 digua
1788 969 1906 1039 recipiant
1962 969 1963 972 ’

1169 1054 1392 1126 Nydrosiensem
1418 1053 1663 1127 archiepiscopum
1680 1053 1905 1127 Metropolitanum
1963 1099 1964 1122 ,

1169 1143 1332 1200 visitantem
1348 1157 1430 1200 suam
1446 1135 1631 1214 provinciam.

1174 1260 1340 1321 Honorius
1353 1259 1538 1336 episcopus,
1549 1275 1664 1320 servus
1673 1274 1840 1319 servorum
1849 1263 1906 1332 llei,

1134 1356 1380 1416 venerabilibus
1411 1356 1569 1417 fratribus
1597 1356 1769 1418 universis
1794 1358 1907 1433 Nydro·

1963 1301 1965 1344 l

1135 1453 1255 1514 siensis
1279 1453 1430 1515 ecclesiae
1458 1453 1691 1530 suffraganeis,
1724 1453 1908 1514 salutemet
1965 1507 1966 1540 1

1135 1552 1350 1627 apostolicam
1365 1551 1640 1612 benedictionem.

1176 1651 1255 1708 Cum
1271 1649 1384 1708 deceat
1404 1665 1463 1709 vos
1484 1648 1636 1708 omnibus
1654 1647 1792 1709 reddere
1805 1647 1908 1718 debita,
1965 1709 1967 1748 A

1136 1746 1189 1806 coi
1217 1745 1386 1815 tribulum,
1410 1745 1580 1816 tributum,
1604 1746 1639 1806 et
1670 1746 1723 1806 cui
1757 1745 1910 1818 bonorem,

1136 1844 1306 1915 bonorem,
1323 1843 1574 1904 universitatem
1588 1843 1732 1903 vestram
1746 1843 1913 1904 sollicitau-

1136 1940 1210 2000 dam
1226 1940 1383 2001 duximus
1407 1942 1439 2001 et
1454 1939 1649 2000 hortandam
1666 1955 1725 2015 per
1739 1940 1912 2016 apostolica
1967 1914 1968 1946 r

1136 2038 1229 2098 vobis
1240 2039 1363 2114 scripta
1388 2037 1591 2108 mandantes,
1610 2040 1773 2114 quatenus
1788 2053 1912 2098 venere-

1136 2134 1235 2195 bilem
1249 2133 1385 2195 tratrem
1399 2136 1584 2197 nostrum...
1599 2133 1853 2210 Nydrosiensem
1866 2151 1914 2194 ar-

1137 2231 1382 2308 chiepiscopum
1394 2247 1487 2292 suam
1504 2232 1711 2308 provinciam
1726 2232 1913 2302 visitantem,

1136 2329 1260 2390 curetis
1289 2331 1385 2405 prout
1407 2329 1565 2390 tenemini
1587 2343 1661 2388 cum
1677 2328 1915 2389 honorificentia
1969 2323 1970 2328 ’

1137 2426 1235 2500 digna
1253 2427 1414 2502 recipere,
1429 2426 1526 2503 eique
1538 2425 1791 2502 procurationes
1803 2425 1915 2486 debitas

1138 2523 1320 2584 liberaliter
1335 2523 1504 2594 exltibere,
1522 2523 1628 2600 ipsius
1645 2522 1793 2583 salubria
1808 2522 1917 2584 monita
1970 2533 1971 2540 ¹

1138 2622 1297 2683 etstatuta
1308 2621 1506 2697 recipientes
1520 2621 1691 2682 humiliter
1704 2621 1737 2682 et
1746 2623 1916 2681 servantes.

1178 2719 1295 2780 Datum
1311 2719 1479 2790 Laterani,
1490 2721 1535 2780 lll
1550 2734 1655 2782 nonas
1671 2718 1840 2790 februarii,
1853 2734 1919 2794 pon-

1140 2817 1283 2878 tificatus
1301 2817 1404 2879 nostri
1421 2833 1507 2878 anno
1523 2817 1617 2894 quint
1640 2862 1647 2876 .

1443 3005 1627 3091 ccxliv·

1429 3139 1480 3198 Ad
1494 3141 1640 3200 eosdem.

1434 3251 1452 3308 3
1472 3249 1540 3308 febr.
1560 3252 1638 3310 lati.

1273 3357 1375 3422 [Lange
1394 3357 1461 3422 Dipl.
1478 3358 1651 3420 llorvegicum,
1664 3357 1705 3416 vl,
1720 3371 1739 3418 t,
1752 3357 1802 3422 ta]

1140 3462 1255 3522 ltandat
1268 3470 1297 3520 ut
1312 3463 1478 3536 impendant
1489 3465 1707 3536 metropolitano
1724 3479 1842 3521 censum
1856 3464 1920 3521 beati

1230 3551 1305 3610 Petri
1322 3553 1476 3610 collectore
1490 3553 1640 3610 consillum
1656 3560 1684 3610 et
1698 3554 1845 3610 auxilium.

1177 3661 1346 3722 Honorius
1356 3660 1540 3737 episcopus,
1554 3677 1669 3722 servus
1680 3676 1851 3724 servorum
1860 3658 1919 3730 liei,

1140 3757 1386 3820 venerabilibus
1401 3758 1559 3820 fratribus
1572 3759 1809 3835 Nvdrosiensis
1822 3758 1919 3820 eccle·

1141 3857 1199 3916 siae
1226 3855 1459 3930 suffraganeis,
1485 3855 1636 3928 salutem,
1661 3856 1724 3917 etc.

1181 3954 1261 4012 Cum
1279 3951 1466 4013 venerabili
1488 3952 1582 4014 tratri
1609 3954 1773 4014 nostro...
1797 3951 1919 4030 Nydro-

1140 4049 1243 4111 aiensi
1265 4049 1517 4126 archiepiscopo
1543 4049 1798 4126 metropolitano
1825 4051 1921 4110 vestro

1139 4145 1320 4218 incumbat,
1334 4162 1470 4207 censum
1483 4145 1571 4208 beati
1583 4147 1672 4208 Petri
1684 4147 1841 4223 colligere
1852 4143 1921 4208 etad

1142 4243 1259 4304 Sedern
1278 4243 1502 4320 apostolicam
1527 4243 1705 4315 destinare,
1728 4241 1922 4305 universitati

1141 4341 1261 4402 vestrae
1282 4357 1342 4418 per
1362 4340 1551 4418 apostolica
1577 4341 1701 4418 scripta
1728 4341 1919 4407 mandamus,

1142 4438 1304 4517 quatenus
1320 4438 1361 4498 ad
1382 4437 1414 4498 id
1431 4437 1629 4514 impendatis
1652 4437 1684 4498 ei
1703 4439 1876 4498 consilium
1897 4436 1922 4494 et

1142 4534 1305 4595 auxilium
1344 4536 1575 4611 opportunum.
1609 4534 1729 4595 Datum
1765 4531 1920 4599 Laterani,

1143 4633 1188 4693 Ill
1200 4648 1305 4692 nouas
1320 4630 1492 4703 februarii,
1508 4631 1718 4709 pontificatus
1729 4633 1836 4694 nostri
1849 4643 1921 4692 anno

1144 4729 1271 4808 quinto.

1458 4817 1621 4904 ccxlv

1145 4950 1924 5026 scarcatcptscopos,episcopuaaooatecpro-

1184 5061 1253 5118 ree,
1271 5050 1538 5119 archidiaconos,
1555 5049 1700 5109 decolms
1713 5050 1746 5110 et
1759 5053 1843 5110 altos
1851 5059 1924 5120 pre-

1184 5145 1282 5208 latos.

1441 5220 1544 5280 bleba.
1562 5223 1640 5280 ffll.

1242 5326 1359 5391 [liipollt
1373 5326 1515 5378 bullarium
1528 5328 1645 5386 erecta,
1656 5341 1681 5392 p.
1697 5327 1737 5388 li,
1752 5341 1779 5378 n.
1789 5327 1841 5393 il]

1164 5431 1280 5490 blandat
1294 5440 1325 5490 ut
1339 5435 1451 5492 Fratres
1469 5433 1682 5503 predicatores,
1702 5449 1774 5507 quos
1793 5432 1910 5492 laudibus

1288 5521 1422 5591 celebrat,
1435 5521 1559 5580 babeant
1571 5521 1798 5579 commendatos.

1189 5627 1922 5708 Honoriusepiscopus,servasservorumllel
