3952 6350
263 374 325 434 ’651
891 376 1066 434 HONORH
1088 377 1132 435 ΙΙΙ
1154 378 1301 438 OPERA.
1718 333 1726 348 Ι
1845 383 1895 440 652

272 535 314 596 ab
336 535 471 606 eisdem,
491 539 523 598 et
547 536 613 598 alia
633 537 714 614 ipsis
739 537 936 612 gravamina
957 536 1065 598 multi·
1119 536 1310 612 religiosam
1329 535 1460 596 domum
1477 537 1511 596 iu
1524 537 1686 598 immensa
1701 537 1894 600 multitudiue

272 630 368 692 moda
379 633 577 708 irrogantes,
590 649 648 710 pro
659 634 779 694 litteris
791 635 924 704 nostris,
939 633 1063 694 nullam
1118 634 1267 703 visitare,
1280 635 1313 696 et
1327 634 1435 694 lautas
1448 635 1563 710 epulas
1579 650 1728 710 quaerere
1738 635 1893 713 illum,qui

273 730 322 790 eis
337 730 461 790 curatis
471 731 632 807 justitiam
645 729 813 790 exhibere.
828 731 988 802 Quoniam
1000 732 1065 806 igi·
1120 731 1154 790 in
1169 731 1265 792 domo
1281 731 1415 807 propria
1435 733 1685 807 procurationes
1706 732 1830 792 sobrias
1847 735 1893 794 vix

273 825 389 884 tursio
404 824 497 886 vobis
510 825 627 885 adosse
649 825 816 896 volumuS,
833 826 918 902 quod
935 841 1063 886 memo·
1120 829 1284 888 interdum
1299 829 1376 888 aliis
1392 829 1464 890 sine
1479 828 1635 890 scandalo
1648 829 1827 890 exhiberet
1842 835 1894 891 nc·

273 923 355 983 ratis
384 922 540 982 fratribus
569 923 684 983 deesse
712 923 747 983 in
772 923 902 998 justitia
929 923 1065 983 minime
1119 927 1265 1001 cepimus
1285 929 1405 996 autem,
1430 926 1516 1002 quod
1538 926 1671 1003 quidam
1689 931 1831 987 vestrum
1847 928 1895 988 do·

273 1019 459 1094 videamur,
483 1020 690 1082 universitati
707 1025 827 1082 vestrae
846 1033 904 1096 per
920 1022 1063 1096 Aposto-
1120 1038 1191 1084 mos
1203 1023 1398 1082 dilectorum
1419 1023 1563 1083 filiorum
1579 1023 1716 1084 fratrum
1734 1025 1896 1099 Hospitalis

273 1117 338 1178 lica
361 1117 483 1193 scripta
506 1117 701 1178 mandamus
723 1121 821 1195 atque
841 1117 1063 1193 praecipimus,
1121 1121 1372 1180 Sanctaebdariae
1386 1121 1664 1182 Theutonicoruna
1674 1120 1897 1196 Hierosolymi-

274 1215 437 1292 quatenus
456 1215 496 1275 de
511 1213 579 1286 his,
602 1231 673 1293 quae
693 1217 883 1278 memoratis
907 1213 1065 1278 fratribus
1119 1218 1200 1288 tani,
1218 1218 1253 1277 in
1269 1233 1388 1293 magna
1406 1218 1617 1279 multitudine
1632 1233 1794 1294 equorum
1807 1221 1837 1278 et
1849 1218 1899 1278 ho-

274 1312 396 1374 dantur
411 1312 451 1372 ab
466 1313 632 1390 aliquibus
647 1313 681 1373 in
697 1315 838 1373 sanitate
854 1311 906 1372 vel
921 1312 956 1371 in
972 1311 1066 1371 infir·
1121 1315 1245 1374 minum
1259 1315 1428 1384 adeuntes,
1442 1316 1477 1376 in
1494 1315 1555 1384 eis,
1570 1314 1731 1376 fratribus
1748 1315 1899 1374 centradi-

274 1411 398 1481 mitale‚
420 1411 491 1470 sive
510 1412 624 1487 postea
646 1410 875 1472 convaluerint
897 1412 956 1470 aut
979 1409 1064 1484 apud
1119 1411 1280 1482 centibus,
1289 1405 1538 1487 hospitanturet
1546 1411 1899 1489 expensisgravissimis

273 1509 359 1570 alios
374 1508 498 1570 fuerint
513 1509 682 1578 tumulati,
700 1509 825 1584 partem
840 1506 984 1582 aliquam
1000 1521 1065 1566 non
1122 1509 1317 1584 inquietant,
1339 1525 1422 1584 quos
1444 1509 1607 1570 debebant
1627 1508 1669 1570 ad
1692 1509 1899 1568 reverentiam

274 1605 448 1680 qtvaeratis3
466 1606 506 1665 de
521 1606 596 1666 aliis
614 1621 693 1666 vero
707 1604 919 1681 parochianis
932 1604 1064 1674 vestris,
1121 1608 1286 1676 nostram,
1304 1606 1345 1666 ed
1360 1609 1456 1681 cujus
1481 1606 1705 1668 defensionem
1718 1606 1900 1682 ,specialiter

275 1703 332 1779 qui
354 1702 542 1764 laborantes
563 1704 598 1764 in
621 1703 778 1764 extremis
790 1701 877 1778 apud
893 1700 1066 1776 praedictos
1123 1703 1297 1778 pertinent,
1315 1705 1347 1764 et
1361 1703 1629 1764 consideratione
1644 1703 1813 1778 obsequii,
1829 1702 1900 1779 quod

275 1801 395 1863 fratres
411 1802 537 1876 eligunt
551 1801 702 1876 sepeliri,
723 1802 840 1876 pirama
865 1798 938 1860 sitis
962 1797 1066 1858 testa·
1122 1801 1307 1860 defensioni
1322 1801 1575 1862 christianitatis
1590 1799 1752 1860 exhibent
1766 1800 1798 1858 in
1813 1801 1901 1874 parti-

275 1900 377 1959 menti
392 1900 484 1974 parte
500 1899 645 1960 contenti
662 1914 723 1958 nec
737 1897 862 1974 aliquid
878 1896 981 1956 abeis
995 1911 1067 1954 am·
1121 1896 1182 1957 hus
1198 1899 1448 1964 transmarinis,
1464 1900 1579 1958 contra
1594 1898 1680 1958 alios
1696 1897 1838 1956 sollicite
1853 1895 1901 1956 ad·

275 1994 363 2070 plius
379 1993 533 2066 exigatis.
556 1993 618 2054 Sed
643 2008 704 2054 nec
726 1992 947 2067 sepulturam,
968 2005 1066 2065 quam
1118 1999 1247 2070 juvare.
1258 1995 1342 2066 Quia
1354 1995 1457 2070 igitur
1466 1995 1610 2055 tolerare
1625 1995 1660 2054 in
1677 1994 1835 2070 patientia
1848 2009 1901 2052 non

275 2107 335 2168 per
353 2092 591 2166 indulgentiam
611 2091 808 2168 apostolicae
831 2089 925 2150 Sedis
945 2087 1067 2148 habere
1122 2093 1293 2162 debemus,
1320 2093 1409 2154 utin
1435 2092 1551 2152 diebus
1570 2093 1693 2152 nostris
1714 2107 1816 2152 onera
1830 2105 1902 2167 pra·

276 2192 468 2260 noscuntur,
495 2191 669 2250 occasione
698 2189 760 2249 ista
789 2188 960 2264 quisquam
987 2201 1066 2244 ves·
1122 2189 1219 2251 dictis
1233 2189 1390 2250 fratribus
1406 2191 1628 2266 imponantur,
1645 2206 1721 2266 quae
1737 2191 1833 2251 autea
1847 2203 1901 2247 uon

274 2289 362 2350 trum
377 2287 537 2362 impedire
553 2287 740 2361 presumat.
763 2286 887 2345 Taliter
902 2285 1011 2344 autem
1027 2281 1067 2342 ab
1123 2288 1311 2363 portarunt3
1343 2287 1553 2348 universitati
1577 2289 1697 2347 vestrae
1720 2286 1901 2348 auctoritate

276 2385 423 2461 ipsorum
440 2385 600 2444 molestiis
613 2386 644 2444 et
659 2401 717 2444 vos
732 2382 899 2444 abstinere
916 2382 949 2442 et
966 2395 1067 2455 paro·
1122 2385 1310 2459 apostolica
1330 2385 1513 2446 districtius
1530 2384 1738 2454 inhibemus,
1754 2399 1794 2444 ne
1810 2384 1840 2442 iu
1854 2381 1902 2441 do-

276 2483 415 2542 chienos
429 2483 558 2542 vestros
574 2495 781 2556 compescere
797 2479 966 2550 studeatis,
979 2475 1064 2553 quod
1124 2481 1230 2542 mibus
1261 2499 1376 2542 eorum
1409 2482 1489 2558 ipsis
1518 2482 1675 2558 quaeratis
1698 2479 1901 2542 renitentibus

276 2595 338 2640 nec
353 2579 417 2655 ipsi
433 2595 491 2655 pro
507 2579 635 2638 defectu
646 2579 784 2653 justitiae
803 2577 842 2636 ad
857 2576 1066 2651 praesentiam
1123 2579 1295 2654 hospitari,
1311 2580 1375 2640 nisi
1396 2580 1480 2640 forte
1490 2581 1525 2640 in
1538 2580 1759 2640 concessione
1772 2580 1901 2654 ipsarum

278 2676 669 2745 nostramlaborent,nec
680 2691 738 2734 vos
750 2674 789 2734 de
805 2673 1066 2748 negligentiavel
1122 2677 1293 2736 domorum
1321 2677 1415 2738 vobis
1446 2678 1632 2754 vestrisque
1668 2675 1902 2736 successoribus
1974 2712 1975 2748 3

276 2777 466 2852 contemptu
485 2774 631 2835 mandati
651 2773 832 2849 apostolici
849 2771 982 2848 possitis
999 2787 1068 2832 me-
1123 2775 1295 2835 manifeste
1306 2776 1497 2850 apparuerit
1508 2775 1728 2846 reservatum,
1742 2773 1798 2834 sed
1809 2787 1903 2847 eapo-
1974 2785 1975 2794 ¹

274 2873 562 2949 ritoreprehendi.
585 2874 655 2932 Nos
677 2871 781 2942 enim,
803 2885 876 2929 cum
902 2869 1067 2928 universis
1122 2873 1188 2931 tius
1203 2873 1389 2933 reverentia
1415 2875 1447 2933 et
1468 2873 1634 2948 obsequiis
1654 2872 1730 2932 sitis
1752 2869 1901 2936 contenti,

276 2971 399 3032 Christi
412 2970 563 3030 fidelibus
575 2971 678 3030 simus
694 2983 736 3028 ex
750 2967 899 3044 injuncto
915 2965 1009 3026 nohis
1023 2965 1069 3025 of·
1123 2971 1207 3044 quod
1225 2971 1455 3045 perscriptum
1474 2969 1700 3030 authenticum
1718 2968 1900 3028 declaratur.

274 3069 349 3129 ficio
378 3069 559 3137 debitores,
593 3065 759 3144 praedictis
790 3064 948 3125 fratribus
974 3063 1067 3124 tanto
1123 3066 1613 3137 hatumLaterani,XV11ltal.
1641 3065 1902 3139 februarii,pon-

276 3166 395 3227 fortius
411 3169 561 3225 tenemur
573 3165 706 3234 adesse,
722 3164 844 3239 quanto
863 3177 912 3232 ea,
931 3177 1003 3238 quae
1017 3161 1069 3235 ip-
1123 3163 1268 3224 titlcatus
1283 3163 1390 3224 nostri
1406 3179 1493 3223 anno
1510 3163 1636 3240 quinto.

274 3259 1069 3336 sisbeneficiaconferuntur,admajoremorien-

276 3363 353 3424 talis
369 3363 519 3422 ecclesiae
537 3361 761 3420 defensionem
782 3374 847 3418 non
865 3358 915 3418 est
934 3356 1067 3416 dubium
1441 3377 1598 3462 CXCIII

278 3459 469 3537 provenire;
496 3473 556 3518 nec
577 3473 692 3533 parum
713 3457 820 3532 potest
839 3455 986 3515 divinum
1000 3452 1069 3513 for-

278 3557 405 3618 midare
417 3555 599 3632 judicium,
617 3555 766 3630 quisquis
781 3569 856 3624 eoa,
873 3553 939 3613 imo
955 3551 1070 3611 Chris-

275 3656 345 3714 tum
360 3653 395 3713 in
411 3653 475 3723 eis,
493 3652 591 3712 fuerit
611 3652 818 3726 persecutae,
833 3664 907 3708 oum
921 3647 1068 3707 dicturus
1418 3632 1452 3688 ¹⁶
1465 3631 1524 3704 1⁰1¹·
1542 3633 1622 3689 ¹22¹·

275 3751 435 3812 Dominus
451 3751 486 3810 in
502 3749 566 3809 fine
582 3748 710 3822 legatur
727 3769 733 3806 :
751 3749 844 3812 dread
859 3749 919 3806 ron
934 3759 981 3806 eso
997 3747 1068 3804 mt—
1302 3737 1438 3801 [strenue.
1453 3738 1470 3786 ¹·
1482 3753 1514 3795 ου
1526 3752 1553 3802 r·
1566 3737 1621 3794 ²⁸8»
1633 3753 1657 3786 ¹¹·
1669 3737 1740 3802 3¹⁸d

274 3853 380 3911 nimis
407 3851 494 3908 meis
517 3848 664 3920 sectatu,
685 3849 769 3906 mibi
788 3845 929 3918 fecistis.
951 3843 1068 3902 Datum
1124 3847 1207 3903 Vetat
1227 3845 1358 3916 preclaros
1380 3845 1560 3913 vicariorum,
1577 3843 1612 3900 ab
1627 3844 1730 3902 ordine
1746 3843 1901 3902 theutonico

276 3945 449 4014 Laterani,
466 3945 554 4004 XVII
571 3941 637 4002 hal.
660 3941 836 4007 februarii,
860 3937 1069 4015 pontificatus
1159 3931 1727 4005 adecclesiaseJus‚velfrauu1ne1'use
1745 3929 1901 4006 patmuisad

277 4043 384 4103 nostri
397 4056 484 4101 anno
498 4041 623 4116 quinto,
1160 4022 1240 4090 alies,
1253 4029 1487 4093 praesentaturum
1504 4022 1712 4079 institutionem
1728 4023 1872 4094 denegare.

1165 4138 1331 4199 Honorius
1341 4139 1651 4214 episcopusservus
1664 4135 1899 4200 servorumheb

603 4242 741 4342 'CXCII
1124 4235 1369 4296 venerabilibus
1403 4235 1561 4296 fratribus
1592 4235 1849 4312 archiepiscopis
1876 4233 1902 4291 et

723 4329 727 4335 “
1124 4333 1288 4408 episcopis
1312 4334 1345 4393 et
1368 4332 1497 4393 dilectis
1522 4333 1601 4392 filiis
1619 4331 1805 4404 abbatibus,
1822 4331 1899 4408 prio-

1125 4429 1227 4496 ribus,
1242 4427 1498 4500 archidiaconis‚
1515 4429 1651 4490 decanis
1664 4431 1697 4488 et
1715 4429 1793 4490 aliis
1810 4426 1901 4488 eecle-

573 4509 607 4564 1⁶
619 4507 680 4582 5³¹¹·
697 4508 776 4566 ¹²9¹·
1124 4526 1249 4586 siarum
1267 4527 1423 4602 praelatis,
1441 4527 1481 4586 ad
1502 4541 1585 4602 quos
1607 4526 1728 4587 litterae
1752 4527 1822 4587 iste
1839 4538 1901 4599 per·
1969 4587 1972 4596 ,

450 4615 585 4680 [strehlke.
602 4615 619 4663 ¹·
632 4629 665 4673 ⁰··
679 4631 703 4678 l·
716 4613 770 4671 ²⁸⁸=
784 4625 809 4662 ¹¹·
821 4611 888 4676 ³¹⁷4
1125 4625 1287 4694 venerint,
1309 4623 1449 4684 salutem
1469 4624 1502 4684 et
1520 4623 1738 4698 apostolicam
1757 4619 1898 4684 benedic-

277 4727 363 4784 Vetat
377 4723 510 4797 prelatus
522 4722 557 4779 ab
567 4721 666 4778 ordine
678 4719 855 4778 theutonico
863 4718 1071 4790 hospitationes
1124 4721 1259 4781 tionem.

609 4809 735 4882 elidere.
1166 4819 1214 4878 lix
1238 4817 1463 4878 insinuatione
1478 4816 1672 4877 dilectorum
1689 4817 1831 4878 filiorum
1845 4811 1899 4872 ha-

318 4922 486 4986 Honorius
497 4919 683 4996 episcopus,
693 4933 809 4977 servus
819 4915 1069 4982 servorumhei,
1125 4911 1900 4990 trumdomusHospitalisS.MariaeTheutonico

278 5012 958 5090 venerabilibusfratribusarchiepiscopis
968 5011 1073 5089 etepi-
1126 5027 1199 5072 rum
1215 5011 1519 5087 Hierosolymitaui,
1533 5009 1577 5070 ad
1591 5011 1797 5086 apostolatus
1813 5003 1898 5067 nostri

280 5117 401 5195 scopis,
417 5117 450 5176 et
460 5114 591 5175 dilectis
607 5112 684 5172 filiis
697 5110 880 5186 abbatibus,
893 5109 1070 5186 prioribus,
1127 5109 1328 5170 audientiam
1343 5109 1393 5169 est
1405 5108 1559 5176 delatum,
1573 5107 1670 5183 quod,
1681 5103 1899 5168 cumineccle-

277 5213 541 5282 archidiaconis,
563 5209 700 5271 decanis
715 5209 748 5270 et
762 5207 837 5267 aliis
856 5207 1072 5267 ecclesiarum
1127 5206 1187 5266 siis
1199 5205 1412 5275 vacantibus,
1429 5219 1502 5280 quae
1517 5204 1664 5265 interris
1685 5205 1830 5280 ipsorum
1843 5199 1900 5259 fun·

281 5312 443 5390 praelatis,
461 5309 502 5370 ad
517 5323 600 5385 quos
615 5306 734 5367 litterae
754 5305 826 5365 istae
846 5305 1070 5380 pervenerint,
1127 5304 1212 5364 datae
1229 5305 1315 5373 sunt,
1332 5303 1384 5362 vel
1399 5303 1433 5361 in
1450 5303 1537 5370 aliis,
1552 5317 1691 5377 quarum
1707 5302 1749 5360 ad
1764 5295 1899 5376 ipsosad·

281 5410 421 5470 salutem
436 5409 469 5468 et
483 5405 698 5482 apostolicam
712 5403 984 5464 benedictionem.
1128 5401 1260 5461 vocatio
1293 5400 1498 5474 dignoscitur
1527 5399 1711 5474 pertinere,
1745 5413 1803 5474 pro
1833 5391 1898 5482 ipsit

322 5505 531 5581 Evangelicae
544 5501 714 5572 doctrina,
729 5514 802 5578 quae
818 5498 970 5576 prohibet
990 5499 1076 5559 alte-
1129 5498 1243 5557 volunt
1258 5496 1401 5556 vicarios
1417 5495 1665 5564 instituere,vel
1681 5510 1756 5555 cum
1771 5491 1832 5568 ipsi
1845 5489 1899 5548 fra·

280 5619 354 5665 rum
371 5603 467 5664 alteri
483 5601 609 5672 facere,
626 5599 711 5676 quod
727 5598 792 5658 sibi
812 5597 885 5658 fieri
907 5597 1019 5668 nollet,
1043 5598 1076 5657 et
1128 5595 1197 5654 tres
1218 5593 1259 5653 ad
1280 5591 1437 5653 ecclesias
1460 5592 1542 5652 alias
1567 5593 1723 5652 vacantes
1738 5607 1758 5650 a
1771 5583 1898 5666 patronis

283 5701 449 5763 honestati
464 5697 698 5760 eraclesiasticae
713 5695 920 5766 contradicit,
929 5695 1074 5771 aliquam
1130 5690 1286 5766 legitimis
1307 5689 1503 5750 dioecesanis
1522 5689 1686 5765 episcopis
1701 5689 1758 5748 aut
1772 5680 1897 5763 praelatis

1188 3513 1240 3572 Ad
1254 3513 1524 3584 archiepiscopos
1540 3512 1572 3572 et
1586 3513 1774 3585 episcopos,
1791 3511 1823 3570 et
1839 3552 1848 3568 .

339 4394 391 4454 Ad
405 4392 677 4462 arclvtopiscopos
692 4387 725 4446 et
739 4388 921 4459 episcopos,
937 4384 999 4444 etc.
