3962 6308
268 267 330 332 595
886 279 1061 340 HONORII
1083 281 1129 342 111
1150 282 1300 346 OPERA.
1853 293 1917 357 596

270 430 452 494 sentiarum
466 435 710 499 rationabiliter
722 436 953 514 possidebant
965 438 1001 500 in
1016 438 1064 501 iu·
1159 445 1202 503 In
1213 446 1372 506 cumdem
1385 450 1526 510 modum
1547 453 1718 526 scriptum
1741 455 1793 515 est
1807 470 1918 528 suaper

269 527 381 590 turum
393 532 494 607 justis
506 531 622 605 modia,
640 535 818 610 praestante
833 537 983 609 Domino,
1005 552 1065 614 po-
1117 541 1178 600 ltoc
1186 526 1576 607 Diensietvalentinensi
1588 546 1919 630 episcopis‚excepto

268 626 349 689 terit
375 627 527 705 adipisci,
562 631 623 691 sub
654 631 744 694 beati
774 633 877 694 Petri¹
892 635 925 696 et
950 635 1062 696 nostra
1119 633 1204 711 qrtcd
1214 636 1268 697 ubi
1282 636 1403 700 dicitur
1417 643 1652 717 universitati,
1664 641 1700 705 in
1716 646 1780 708 ista
1790 645 1918 710 dicitur

269 725 473 800 proiectione
497 727 708 805 suscipimus.
734 731 929 807 specialiter
953 731 1064 793 autem
1117 734 1346 805 fraternitati.

271 821 445 882 ecclesiam
466 825 579 888 Sancti
601 825 691 888 Petri
706 823 967 904 llamburgensis
988 845 1062 890 cum
1159 860 1201 917 m
1215 862 1371 922 eumdem
1385 865 1524 924 modum
1538 865 1646 940 script

270 918 479 993 pertinentiis
492 921 562 982 suis
578 923 612 986 et
624 924 769 986 decimas
783 925 825 986 de
840 925 1063 988 Dockenbude
1119 952 1170 1024 do,
1197 955 1374 1018 portuensi
1398 954 1564 1036 episcopo,
1589 955 1791 1038 'Apostolieae
1819 967 1919 1026 Sedis

271 1013 304 1075 at
325 1015 549 1094 lisiardorpa
571 1020 659 1082 θῑῦὓῑ
681 1035 739 1083 0³⁹
758 1024 849 1098 juste
870 1023 903 1084 θῖ
925 1023 1064 1100 l³<‘¹⁰ffl⁰e
1118 1048 1917 1134 legat0,utsupra,uspueauxiliumetiavorem‚

271 1112 459 1186 possidetis,
472 1115 567 1178 vobis
579 1118 612 1179 θῐ
626 1132 686 1194 liei
700 1133 758 1180 VOS
781 1120 931 1182 000103120
944 1121 1064 1182 Vesstsffi
1118 1150 1151 1210 et
1159 1149 1263 1212 iacias
1278 1167 1297 1213 a
1313 1153 1459 1230 praelatis
1472 1157 1505 1218 et
1517 1153 1593 1217 aliis
1609 1159 1870 1222 consistentibus
1881 1162 1920 1222 in

270 1209 468 1274 auctoritate
483 1215 671 1290 Apostolica
683 1216 918 1278 confirmamus
930 1219 963 1279 et
977 1233 1066 1294 prae·
1118 1248 1176 1309 pua
1198 1245 1363 1324 legatione
1391 1248 1557 1328 praestari,
1583 1253 1775 1332 specialiter
1804 1259 1920 1320 autem

271 1307 375 1367 ⁸⁹¹¹OE
388 1310 503 1418 ⁸⁰¹]ipfi
514 1311 960 1421 patl9⁰i¹¹10⁰⁰mm¹¹¹¹¹m¹¹ffi
971 1314 1065 1424 Num
1118 1345 1325 1407 uenerabiles
1352 1347 1472 1410 iratres
1495 1351 1626 1413 nostros
1643 1353 1919 1415 valentinensem

270 1417 351 1478 ergo
363 1420 498 1467 omnino
512 1407 683 1470 hommum
698 1411 796 1472 liceat
811 1412 897 1472 hanc
910 1427 1064 1488 paginam

269 1501 392 1563 nostra
407 1504 620 1578 protectionis
629 1507 1063 1570 ciconiirmationisinirin-

1647 881 1707 928 acm
1721 869 1773 930 est
1787 871 1920 930 Conra-

1120 1442 1320 1504 albiensem
1335 1443 1519 1522 episcopos,
1536 1447 1577 1508 de
1588 1463 1728 1527 quorum
1741 1448 1805 1512 ilde
1815 1452 1919 1528 atque

480 1602 487 1614 ,
770 1606 777 1619 ,
1055 1605 1062 1620 ,
1119 1539 1294 1614 prudentia
1327 1537 1387 1602 nos
1422 1544 1456 1605 et
1482 1543 1570 1605 idem
1591 1545 1740 1608 marchio
1766 1548 1918 1624 gerimus

270 1612 360 1672 Μ’
378 1600 431 1661 “³¹
458 1617 489 1662 ⁰¹
513 1619 599 1663 ausu
622 1607 800 1666 temeram
825 1605 1002 1668 mmmm·
1029 1608 1063 1666 3¹
1119 1635 1274 1698 fiduciam
1290 1639 1478 1716 specialem,
1496 1641 1749 1706 eiconsiliarics
1764 1647 1797 1708 at
1811 1648 1918 1708 auxi-

1461 1737 1533 1800 vica
1550 1741 1607 1800 tua
1621 1739 1767 1818 dirigant
1778 1757 1918 1820 gressus

762 1801 821 1860 ΒθῙ
845 1801 879 1862 ⁰¹
892 1800 1065 1862 h⁰³t0¹³¹¹¹¹¹
1120 1831 1202 1906 ejus,
1226 1832 1259 1893 et
1272 1831 1400 1894 iaciant
1421 1833 1487 1894 alia
1504 1849 1577 1912 quae
1593 1836 1717 1912 negotii
1740 1838 1805 1898 sibi
1820 1853 1919 1900 com-

270 1695 346 1770 quis
359 1698 470 1758 autem
485 1697 548 1760 boc
563 1701 725 1763 attentare
736 1704 994 1780 praesumpserit,
1007 1703 1064 1763 in·
1120 1733 1236 1795 limos
1246 1735 1383 1812 deputes
1412 1739 1448 1799 ut

269 1791 497 1866 dignationem
511 1799 747 1874 omnipotentis
1386 1783 1394 1810 ³

271 1889 363 1950 Petri
382 1893 415 1952 et
429 1889 536 1965 Pauli,
547 1896 772 1971 apostolorum
788 1899 871 1975 ejus,
883 1912 919 1958 se
934 1899 1065 1960 noverit

270 1983 495 2050 incursurum.
517 1991 636 2052 Datum
660 1993 828 2065 Laterani,
848 1997 877 2054 ll
901 1993 977 2055 idus
1002 1993 1064 2054 de-

271 2083 424 2157 cembris,
445 2087 656 2162 pontificatus
668 2089 775 2152 nostri
790 2105 878 2152 anno
893 2090 1018 2167 quinto.

1120 1927 1212 1986 missi
1227 1929 1389 2004 promotio
1412 1929 1580 1993 videbitur
1594 1933 1773 2010 postulare.
1795 1937 1921 1998 batum

1119 2023 1158 2087 nt
1171 2037 1295 2100 cupra.

1422 2161 1613 2250 CXXXVI

584 2275 755 2361 CXXXV
1213 2302 1571 2378 Adcrclctcptecopnm
1592 2307 1822 2379 lippata-rasam.

338 2407 390 2464 Act
416 2407 687 2482 archiepiscopos
710 2407 744 2470 et
767 2409 999 2482 episcopusin
1334 2418 1339 2427 '
1383 2414 1416 2473 lt
1428 2413 1557 2476 decemb.
1576 2417 1655 2476 1220.

360 2502 554 2562 Arelatensi
565 2505 748 2580 provintia
765 2503 978 2566 COWXWXOS·
1121 2517 1236 2576 Mandat
1251 2516 1430 2578 lionoriusut
1440 2521 1670 2597 archiepiscopos
1685 2525 1833 2598 probibeat
1844 2542 1917 2600 quo-

532 2611 566 2672 ia
580 2612 708 2672 decemb,
727 2616 807 2674 1220,
1156 2605 1250 2664 miuus
1262 2608 1290 2664 in
1303 2623 1354 2666 sua
1371 2609 1516 2682 provincia
1537 2611 1600 2684 plus
1617 2625 1699 2685 aqua
1712 2625 1797 2686 quam
1809 2615 1871 2673 vini
1892 2617 1922 2672 in

289 2725 425 2792 [bouquet.
436 2727 540 2778 Rscaeil
551 2729 677 2788 desiliat,
691 2729 824 2791 xlx‚7lt;
836 2731 945 2796 liegest„
955 2731 1001 2784 lib.
1016 2733 1048 2792 V,
1155 2695 1296 2753 ⁸³⁰¹¹f¹⁰i⁰
1311 2697 1442 2769 imanis·

588 2810 661 2874 epist.
672 2809 739 2876 aaa]
1161 2809 1257 2890 (vide
1271 2834 1278 2872 :
1292 2815 1417 2880 oration
1432 2819 1642 2890 complicita,
1657 2815 1784 2891 libili,
1798 2819 1850 2880 tit.
1867 2821 1918 2893 24,

270 2903 418 2978 Signiilcat
432 2905 574 2979 episcopis
591 2907 733 2965 Honorius
750 2907 941 2978 Fredericum,
959 2911 1063 2966 lloma·
1120 2921 1192 2986 cap.
1206 2911 1237 2982 5,
1248 2913 1476 2974 ,Perniciacum
1488 2913 1691 2986 calcatum.
1708 2915 1732 2988 1,
1747 2916 1810 2978 col.
1826 2916 1919 2996 323.)

306 3005 408 3050 norum
446 2993 667 3067 imperatorem,
707 2998 861 3055 contulisse
899 2997 1066 3056 Arelatense

304 3095 428 3154 regnum
451 3081 610 3153 Guiilelnno,
630 3083 833 3143 Montisierrati
852 3085 1021 3154 marchioni,
1037 3094 1065 3144 et
1413 3097 1626 3188 CXXXVII

305 3171 348 3227 eis
364 3169 481 3228 mandat
501 3177 532 3228 ut
553 3171 712 3230 marchioni
736 3179 871 3245 prostent
888 3171 1015 3232 savorem
1037 3181 1065 3232 et

304 3259 466 3317 consilium.
1159 3232 1212 3292 Ad
1225 3233 1406 3308 Pelopiam
1420 3235 1647 3302 duacensem
1661 3238 1889 3336 'episcopumg

309 3368 478 3429 Honorius
486 3369 671 3446 episcopas,
682 3385 799 3431 servus
808 3383 980 3432 servornm
991 3371 1061 3443 Del,
1382 3333 1423 3393 Α·
1436 3332 1474 3391 S·
1486 3333 1660 3408 mamm*

269 3463 514 3526 uenerabilibus
545 3464 703 3526 iratribus
733 3465 996 3544 archiepiscopis
1031 3469 1065 3528 et
1339 3546 1344 3558 ι
1380 3441 1557 3502 mmm·
1574 3443 1656 3502 ΗΜ·

269 3559 433 3638 episcopis
454 3576 494 3622 ac
506 3561 635 3625 dilectis
651 3563 729 3624 tiliis
753 3563 830 3626 aliis
847 3564 1064 3626 ecclesiarum
1205 3546 1355 3611 [mlffldb
1368 3549 1463 3598 nonai.
1475 3548 1544 3609 Μ’
1558 3549 1591 3600 ⁸⁶
1603 3563 1664 3600 ⁸¹¹³·
1676 3549 1836 3615 *mrim-1

270 3656 417 3734 praelatis
429 3674 488 3735 per
502 3673 640 3735 regnum
653 3658 848 3722 Arelatense
863 3661 1061 3732 constitutis,
1119 3645 1258 3718 [Aditum
1280 3647 1431 3748 θθτξίῡξθψ
1452 3645 1519 3748 ipen
1540 3649 1674 3749 Sttmtnus
1691 3648 1922 3752 l’outiianqpod

270 3755 410 3817 saputem
430 3756 464 3818 et
477 3757 693 3833 apostolicam
707 3755 982 3820 benedictionem·
1153 3733 1451 3808 solemniterrnsrgnta
1465 3751 1577 3808 unpern
1588 3736 1738 3796 Fredeuco
1750 3739 1884 3798 contulit.

309 3853 508 3915 carissimus
519 3853 554 3914 in
565 3853 695 3916 Christo
711 3853 923 3918 iiliusnoster
934 3857 988 3916 Fr.
1002 3857 1065 3917 Ro·
1158 3851 1325 3912 Honorius
1345 3853 1530 3930 episcopus,
1541 3853 1724 3915 venerabili
1743 3853 1837 3918 tratri
1855 3859 1932 3917 Pe.

268 3966 442 4012 manorum
471 3952 660 4030 imperator,
687 3965 817 4030 semper
844 3954 1004 4029 augustus
1031 3956 1065 4014 et
1119 3947 1207 4022 lagio
1228 3947 1590 4026 Albanensiepisccpo,
1606 3951 1919 4026 apostolicaesedis

268 4063 330 4109 rex
344 4047 477 4120 Siciliae,
496 4063 634 4124 regnum
649 4048 843 4111 Arelatense
858 4049 978 4112 dilecto
994 4049 1063 4111 illio
1118 4045 1239 4120 legato,
1255 4045 1408 4106 salutem.

267 4145 371 4206 nobili
386 4145 458 4206 viro
472 4143 649 4207 Guillelmo
660 4145 847 4208 marchioni
866 4145 1061 4209 Montisier-
1157 4143 1242 4214 Quia
1263 4142 1388 4202 scimus
1416 4143 1564 4204 animum
1588 4145 1679 4205 tuum
1704 4159 1805 4222 super
1826 4147 1918 4207 statu

268 4241 333 4304 rati
348 4243 524 4315 commisit,
538 4243 605 4320 qui,
622 4241 708 4304 sicut
722 4257 833 4305 coram
849 4243 944 4304 nobis
960 4258 1064 4320 expo·
1114 4239 1249 4316 imperii
1276 4241 1507 4315 expectatione
1522 4255 1729 4318 suspensum,
1751 4257 1828 4304 ecce
1848 4245 1916 4305 tuae

243 4340 499 4416 ,suita-sgnum
523 4341 634 4417 ipsum
660 4340 855 4402 infidelitate
879 4341 1012 4418 imperil
1030 4342 1064 4403 et
1118 4335 1319 4400 fraternitati
1343 4338 1540 4414 exponimus
1563 4354 1624 4400 nos
1648 4336 1814 4401 dominica
1836 4345 1918 4403 ante

269 4435 427 4498 Ecclesiae
444 4437 619 4500 devotione
633 4437 799 4500 desideret
813 4437 967 4499 solidare.
982 4439 1062 4498 Cum
1118 4434 1295 4497 adventum
1311 4435 1443 4496 Domini
1463 4435 1626 4511 proxima,
1651 4436 1861 4498 carissimum
1883 4440 1915 4499 in

268 4533 371 4608 igitur
398 4534 485 4596 idem
511 4533 660 4596 marchio
687 4538 723 4597 et
754 4536 983 4612 progenitores
1010 4535 1062 4596 sui
1119 4532 1249 4593 Christo
1273 4533 1377 4593 illium
1399 4534 1549 4594 nostrum
1565 4533 1778 4594 Fredericum
1792 4537 1918 4596 Roma-

268 4645 398 4705 semper
423 4630 547 4693 luerint
576 4633 641 4693 viri
668 4633 825 4695 catholici
848 4633 882 4695 et
907 4629 1063 4696 Ecclesiae
1119 4645 1236 4691 norum
1257 4631 1491 4707 imperatorem
1513 4642 1642 4707 semper
1664 4633 1855 4705 augustum,
1885 4633 1917 4693 et

266 4727 423 4795 Romanae
436 4725 556 4800 devoti,
569 4745 609 4791 ac
624 4745 683 4807 per
691 4729 754 4792 boc
764 4745 830 4792 non
846 4731 970 4806 injuste
986 4745 1065 4806 spe-
1119 4741 1229 4803 regem
1258 4726 1392 4796 Siciliae,
1421 4727 1454 4788 et
1480 4726 1644 4788 illustrem
1668 4727 1916 4804 imperatricem

267 4839 380 4885 remus
394 4824 480 4900 qarod
493 4827 662 4900 negotium
671 4827 759 4899 ildei,
770 4827 929 4904 quantum
943 4828 977 4887 in
991 4828 1064 4904 ipso
1118 4823 1848 4900 consortemajus,inPrincipisnpostolorum
1860 4827 1917 4887 ba·

269 4920 378 4994 luerit,
392 4923 1065 4997 promoverentudebit3uniuersitatives-
1118 4921 1213 4982 silica
1222 4920 1529 4982 cuminaestimabili
1539 4921 1723 4994 alacritate,
1733 4937 1772 4983 ac
1781 4937 1863 4998 pace
1872 4923 1916 4985 ci-

268 5021 329 5081 trae
344 5018 603 5096 perdpostolica
618 5021 742 5098 scripta
757 5022 962 5094 mandamns,
980 5037 1065 5100 qua·
1118 5019 1208 5079 rium
1220 5021 1442 5079 Romanorum
1458 5019 1702 5079 solemnissima
1717 5031 1909 5081 coronasse.

159 5145 166 5160 ·
245 5119 366 5180 =tenus
393 5117 500 5178 eidem
529 5116 575 5184 id,
601 5118 700 5192 juxta
728 5121 872 5180 vestram
894 5119 1061 5192 fiduciam,
1118 5116 1180 5188 Qui
1192 5115 1280 5177 iacta
1295 5115 1400 5176 tribus
1413 5115 1530 5176 diebus
1546 5115 1579 5177 ln
1595 5117 1708 5178 Monta
1718 5117 1807 5178 Malo
1820 5133 1912 5178 mora

197 5238 201 5246 ·
269 5215 405 5276 facienti
419 5215 579 5292 praestare
592 5213 752 5276 studeatis
767 5217 954 5289 consilinm,
971 5218 1064 5278 auxi-
1118 5214 1287 5280 continua,
1302 5212 1435 5274 mndcm
1451 5213 1599 5288 praestita
1610 5213 1706 5274 nobis
1722 5214 1910 5285 securitate,

269 5313 349 5374 lium
379 5314 412 5373 et
436 5312 585 5374 favorem
609 5315 707 5388 prout
730 5312 854 5388 negotii
877 5313 941 5374 albi
967 5329 1063 5375 com·
1119 5311 1204 5388 quod
1225 5310 1296 5380 tibi,
1311 5312 1344 5371 st
1358 5309 1542 5372 christiano
1563 5311 1726 5371 exercitui
1747 5311 1783 5371 ln
1798 5312 1915 5388 proxi-

268 5410 363 5472 missl
384 5410 547 5485 promotio
566 5408 733 5472 videbitur
747 5410 925 5486 postulare.
946 5412 1063 5472 Datum
1119 5423 1172 5470 mo
1188 5408 1307 5468 martio
1322 5421 1515 5469 succursum
1535 5407 1711 5482 magnilica
1734 5407 1912 5470 destinabit

270 5505 728 5578 Lateraniidibusdecemb„
739 5505 1062 5585 pontificatusnostri
1118 5507 1151 5567 et
1167 5505 1201 5565 in
1222 5505 1372 5582 sequenti
1392 5505 1534 5580 angusto
1558 5503 1779 5581 personaliter
1795 5507 1910 5566 trans-

271 5620 358 5666 anno
376 5605 501 5682 qllinto.
1119 5601 1262 5674 instabit,
1278 5619 1417 5680 regnum
1432 5617 1506 5664 cum
1523 5618 1604 5678 pace
1617 5618 1656 5664 ac
1670 5601 1850 5678 gaudicest
1860 5605 1914 5664 in-
