4198 6322
154 379 174 436 5
770 383 1000 445 EPISTOLAE.
1024 387 1102 448 LIB.
1127 389 1182 449 ΙΙΙ.
1778 403 1797 459 ιι
1853 431 1872 446 -

195 540 238 600 Ιιι
263 541 423 602 cumdem
444 541 584 602 modum
612 541 777 620 scriptum
797 545 848 606 est
861 544 951 622 epis·
998 543 1425 626 'appellationisuaelestnm
1433 553 1586 616 Omnium
1600 555 1796 620 Sanctorum

156 649 249 712 copo,
265 634 391 698 decano
412 639 445 699 et
458 637 618 714 magistro
642 638 830 702 scholarum
844 643 951 704 hura-
1004 646 1183 706 terminum
1198 647 1405 724 praefigentes
1423 671 1430 708 :
1447 650 1504 710 sed
1523 649 1611 713 idem
1627 655 1664 713 G.
1682 655 1798 731 appel-

156 732 380 806 lianensibus,
404 732 517 796 verbis
545 737 770 812 competenter
794 739 948 811 mutatis,
1005 741 1162 804 lationem
1190 759 1282 806 more
1308 760 1368 805 sno
1395 747 1520 807 temere
1542 748 1796 825 parvipendens,

155 845 263 904 usaue
303 845 485 906 agnoscere
517 831 753 894 blandientem.
786 838 948 898 Detracta:
1000 839 1172 901 :interdicti
1187 841 1386 903 sententiam
1400 843 1605 919 postmodum
1614 847 1751 922 protulit
1761 848 1797 909 in

156 926 299 1004 Ideoque
327 926 519 992 discretioni
546 930 666 993 vesus
687 945 747 1007 per
759 933 949 1008 apostolica
1005 935 1174 998 eosdem...
1199 941 1238 999 nt
1261 939 1392 1014 quidem
1406 940 1435 1000 si
1450 941 1523 1002 haec
1540 942 1588 1002 ita
1607 957 1643 1003 aa
1662 942 1795 1012 habant,

156 1024 279 1100 scripta
295 1025 499 1100 mandamus,
510 1028 672 1105 qnatenus
682 1044 725 1090 ox
736 1031 967 1106 partenostra‘
1000 1035 1360 1112 ¹(Jnaesnntspeoialitar
1369 1038 1509 1098 Romani
1520 1039 1690 1101 pontheis
1698 1056 1798 1102 usur-

156 1120 394 1185 denunciantes
415 1127 595 1188 memorato
620 1125 724 1188 nobili
747 1128 948 1204 supradicto,
963 1175 969 1192 ,.
1005 1131 1125 1208 pando,
1140 1133 1328 1194 stallorum
1338 1133 1516 1211 justitiam,
1532 1137 1622 1212 ipsos
1643 1138 1799 1215 multipli-

156 1218 264 1295 ipsum
292 1219 335 1280 ad
355 1235 395 1282 ea
410 1237 484 1298 ‹Juae
499 1223 718 1300 premisimus
740 1227 950 1303 exsequenda
1006 1229 1089 1290 citer
1117 1230 1318 1306 opprimam,
1338 1231 1543 1305 invadendo,
1572 1234 1697 1295 videris
1730 1251 1796 1297 non

156 1313 321 1374 moneatis
343 1314 467 1376 attente
501 1317 535 1378 et
568 1316 749 1378 eltlcacitar
772 1317 948 1394 inducatis,
1005 1326 1181 1402 pastoralis
1210 1341 1323 1387 curam
1349 1329 1533 1404 regiminis,
1560 1330 1616 1390 sed
1642 1329 1797 1393 thronum

155 1409 390 1486 responsiones
404 1415 477 1488 ejus
491 1413 605 1474 atalia
619 1413 682 1476 hoo
696 1417 864 1492 negotium
876 1431 952 1478 con·
1007 1422 1168 1500 superbiae
1179 1437 1218 1484 ac
1232 1424 1430 1499 pestilentiae
1440 1425 1631 1488 cathedram
1644 1443 1798 1490 consccn·
1911 1501 1912 1504 Ἴ

155 1506 320 1583 lingentis
343 1507 440 1570 nobis
454 1524 514 1586 per
527 1509 654 1574 litteras
668 1515 797 1576 vestras
810 1513 952 1576 tldeliter
1006 1519 1105 1581 disse.
1122 1521 1202 1582 Cum
1224 1519 1342 1596 igitur,
1357 1523 1622 1600 quantacumque
1636 1522 1798 1600 dignitate
1814 1535 1819 1544 ·

155 1603 364 1682 rescripturi.
382 1608 500 1668 Datum
512 1609 550 1670 ιιι
564 1624 684 1684 supra.
1006 1616 1217 1694 praelulgeas,
1230 1618 1264 1679 ta
1287 1615 1382 1680 nobis
1401 1619 1488 1680 scias
1502 1635 1576 1682 esse
1602 1620 1796 1698 subjectum,

1007 1715 1064 1791 qui
1077 1715 1206 1791 tempus
1232 1715 1419 1792 accepimus
1435 1717 1599 1792 justitiam
1613 1717 1796 1795 judicandi,

528 1802 584 1887 IV
1006 1814 1039 1873 et
1064 1812 1363 1890 quantumcumque
1390 1813 1452 1876 tihi
1486 1813 1616 1876 deterre
1644 1817 1796 1888 velintne,

239 1931 592 2006 Adcomganmpol·
604 1934 858 2008 patriarcham.
1006 1907 1217 1981 dissimulare
1248 1925 1315 1971 non
1354 1926 1529 1988 possumus
1555 1927 1616 1973 neo
1643 1911 1798 1990 debemus

353 2037 761 2120 (Sinenotachronologloa.)'
1005 2005 1340 2068 taliawntfflneuffl·

185 2141 323 2207 fflaynald,
336 2143 449 2194 Annales
461 2143 632 2208 ecclesiastici,
641 2147 673 2196 ad
685 2161 744 2196 ann.
757 2145 826 2205 ιιιθ,
839 2147 851 2211 ι
867 2147 919 2212 aa]
1384 2157 1420 2242 V

156 2253 228 2307 Eum
247 2249 392 2324 redarguit
411 2251 495 2324 eique
516 2253 729 2396 grdavcsminas
750 2253 880 2324 intentat,
895 2253 950 2311 nisi
1005 2298 1058 2357 Aa
1087 2297 1250 2359 Othonem
1277 2299 1473 2372 episcopum
1505 2299 1796 2374 Herbipomem·

432 2341 532 2412 coeptis
562 2341 670 2420 esietat.
1425 2419 1431 2430 .
1527 2391 1529 2396 .

197 2447 288 2509 Siout
302 2463 345 2509 ex
359 2447 522 2510 relatione
546 2449 725 2512 multorum
746 2449 949 2530 accepimus,
1288 2418 1432 2543 Qum
1444 2419 1522 2544 θοῷ·
1776 2513 1779 2521 .

156 2544 194 2604 ιιι
222 2560 382 2621 suprae
349 2545 382 2606 te
409 2546 525 2607 solens
550 2545 730 2609 extendere
766 2547 838 2610 alas
862 2548 948 2620 tuas,
1146 2531 1656 2599 [wirdm01n‚rt0vasubs1dm,1n,aa]

156 2639 325 2718 simplices
353 2641 492 2704 clericos
520 2645 553 2706 et
579 2660 654 2705 cum
688 2644 804 2722 cappis
837 2645 949 2706 mani.
1006 2639 1039 2694 Ill
1054 2651 1140 2694 causti
1161 2639 1350 2695 antecessoris
1370 2637 1499 2712 ejusdem
1513 2639 1727 2714 occisictqnod
1743 2657 1800 2700 non

158 2738 242 2800 catis
255 2738 420 2800 interdum
445 2740 571 2816 legatos
595 2739 636 2802 de
664 2741 721 2804 tuo
744 2741 850 2803 latere
867 2741 952 2802 diri-
1040 2731 1170 2782 ‘0⁰⁰³th
1191 2726 1220 2782 in
1238 2739 1360 2798 peimi
1378 2741 1544 2800 ⁰⁰¹1¹ll⁸f⁰r⁰
1560 2727 1795 2792 1⁰⁰0ss01110M8·

158 2836 295 2912 giacum
308 2852 347 2898 ea
362 2836 566 2914 plenitudine
579 2837 762 2916 potestatis,
777 2838 951 2916 qualegati
1041 2812 1173 2886 ΜΗΘ·

163 2932 258 2994 Sedis
281 2935 478 3010 apostolica
500 2933 700 3012 diriguntur.
721 2935 775 2997 llli
789 2935 878 2997 enim
891 2951 952 3012 per
1046 2929 1233 3002 Honorius,
1261 2930 1341 3002 etc,
1368 2931 1551 2993 venerabili
1581 2931 1676 2996 tratri
1705 2933 1798 3010 epis-

160 3030 420 3106 patriarchatum
451 3031 513 3094 tibi
534 3033 747 3094 commissum
774 3047 951 3094 causarum
1007 3040 1088 3102 copo
1110 3023 1353 3102 Herbipolensi,
1372 3027 1565 3090 salutemet
1584 3030 1800 3106 apostolicam

159 3127 374 3201 audientiam,
391 3128 574 3206 quaeadm,
591 3129 644 3191 vel
657 3127 697 3190 ad
716 3129 806 3206 ipsos
820 3145 880 3206 per
891 3144 953 3206 ap·
1005 3121 1281 3184 benedictionem·

157 3224 372 3302 pellationem
390 3225 526 3288 minime
544 3225 748 3298 deferuntur,
765 3225 828 3288 sibi
843 3225 953 3288 vindi·
1046 3218 1163 3280 Cumii
1177 3219 1234 3296 qui
1243 3218 1339 3280 bonae
1354 3220 1520 3283 memoriae
1532 3223 1567 3282 d.
1585 3219 1632 3301 (1)
1643 3222 1801 3300 Herbipo·

158 3337 235 3382 cara
259 3323 474 3400 praesumunt,
507 3324 541 3384 et
576 3322 774 3385 inconsultis
806 3322 952 3400 praelatis
1007 3317 1110 3379 lensis
1125 3316 1532 3394 episcopipraedecessoris
1542 3319 1602 3391 tui,
1613 3320 1672 3381 Dei
1680 3322 1801 3385 timore

157 3434 273 3480 eorum
287 3418 434 3481 subditos
449 3419 746 3494 excommunicant,
762 3435 954 3482 excommu-
1008 3413 1610 3490 postposito,sanguinemeffuderunt,
1621 3416 1713 3478 tuum
1724 3434 1802 3496 quo-

158 3515 288 3576 nicatos
300 3515 485 3588 absolvunt,
500 3517 697 3594 praeponunt
709 3517 881 3594 episcopos
891 3533 952 3578 ar·
1007 3526 1071 3590 que
1097 3511 1191 3574 sitire
1228 3511 1425 3587 sanguinem
1459 3511 1706 3588 dignoscantur,
1740 3530 1801 3578 nos

158 3611 381 3690 chiepiscopis
390 3613 460 3674 suis
469 3613 682 3690 metropolico
687 3617 763 3690 jure
771 3613 950 3692 subjectos·
1007 3609 1096 3670 uiam
1120 3607 1232 3685 impiis
1256 3624 1371 3669 eorum
1397 3607 1571 3672 desideriis
1597 3612 1801 3687 praecludere

158 3709 436 3788 appellationibus
452 3727 518 3771 non
529 3709 681 3772 deterunt
683 3711 955 3788 ,quascontingit
1008 3705 1206 3782 satagentes,
1214 3705 1398 3782 praesertim
1409 3705 1468 3767 t1b1
1478 3707 1675 3770 auctoritato
1687 3723 1802 3770 conca-

158 3807 200 3868 ad
217 3804 335 3868 sedem
346 3807 568 3884 apostolicam
581 3807 759 3884 interponi,
776 3808 809 3870 et
822 3809 882 3882 eis,
897 3807 952 3884 qui
1008 3801 1363 3874 dimus,utvenerab1h
1372 3801 1474 3865 tratre
1488 3804 1798 3888 nostro...Magunt.

157 3904 194 3964 in
225 3903 397 3980 episcopos
430 3919 549 3965 manus
584 3903 739 3982 injiciunt
772 3905 951 3976 violentas,
1009 3887 1257 3976 archiepiscopo
1294 3899 1546 3976 metropolitano
1578 3901 1672 3962 tuo
1664 3916 1700 3962 ιιι
1726 3902 1799 3966 loco

159 3999 379 4062 absolutionis
408 4000 605 4062 beneficium
626 4000 858 4077 impendendo,
879 4017 953 4060 cum
1009 3997 1127 4058 merito
1144 3995 1206 4058 tihi
1235 3996 1385 4072 suspecto
1411 3997 1588 4061 concilium
1610 4012 1669 4058 seu
1692 3999 1801 4060 collo·

158 4097 243 4158 tales
267 4098 362 4174 Juxta
394 4097 606 4174 privilegium
629 4097 737 4160 tutum
763 4096 805 4158 ad
831 4096 956 4159 Roma·
1009 4093 1123 4170 quium
1141 4091 1338 4170 celebrante,
1353 4092 1389 4154 tu
1417 4091 1459 4154 ad
1480 4093 1589 4154 locum
1610 4093 1802 4172 hujusmodi

158 4209 237 4254 num
276 4193 342 4254 sint
377 4194 569 4255 Pontificem
606 4193 811 4267 destinandi,
846 4194 955 4257 eccla-
1009 4190 1230 4268 personaliter
1251 4190 1409 4252 accedere
1424 4206 1490 4252 non
1502 4192 1649 4253 tenearis
1663 4193 1799 4266 invitus,

159 4291 294 4352 siastica
330 4289 430 4352 etiam
464 4290 628 4353 beneficia
662 4289 855 4366 conferunt,
887 4305 953 4352 non
1010 4281 1067 4348 sod
1086 4286 1270 4349 absentiam
1297 4290 1389 4348 tuam
1411 4288 1565 4366 suppleas
1586 4304 1646 4366 per
1668 4291 1801 4352 nuntios

159 4384 373 4465 expectantes
388 4385 474 4466 quod
489 4385 529 4446 ad
545 4387 578 4447 ta
588 4386 733 4463 potestas
745 4385 861 4448 eadem
874 4401 956 4447 con·
1010 4384 1164 4461 providos
1184 4385 1217 4447 et
1238 4384 1403 4456 honestos,
1427 4400 1487 4461 per
1501 4401 1582 4462 quos
1606 4386 1741 4449 edoctus
1761 4386 1802 4449 de

158 4481 287 4544 ferendi
296 4483 393 4562 jnxta
408 4483 633 4544 Lateranense
648 4482 830 4545 Concilium
841 4482 956 4544 davol·
1010 4480 1062 4544 his
1077 4499 1149 4559 quaa
1165 4481 1199 4543 in
1211 4481 1286 4559 ipso
1297 4481 1437 4544 concilio
1448 4497 1507 4542 seu
1521 4482 1684 4560 colloquio
1695 4485 1804 4548 conti-

158 4581 295 4642 vatur...
318 4581 457 4657 Insuper
475 4591 581 4658 nuper
596 4583 633 4642 d.
648 4580 953 4658 Constantinopoli·
1009 4578 1096 4655 gerit
1110 4578 1268 4650 ordinari,
1285 4595 1335 4651 ea,
1357 4579 1443 4639 sicut
1455 4579 1514 4639 alii
1529 4579 1801 4658 suffraganeiec-

158 4677 228 4737 tan.
254 4675 436 4736 canonicus
458 4692 477 4737 a
495 4677 528 4738 te
551 4678 768 4738 transmissus
786 4677 827 4738 ad
843 4678 954 4754 partes
1010 4675 1120 4740 olesiae
1135 4674 1336 4752 Magantinae
1348 4676 1491 4753 recipias
1505 4675 1674 4740 humiliter
1692 4683 1725 4741 et
1739 4680 1801 4741 ob-

104 4759 108 4766 ’
158 4773 358 4847 Thebarum,
378 4774 412 4835 et
425 4773 560 4836 Achaiae
581 4773 720 4850 legatus,
738 4775 956 4835 veniensAn-
1010 4789 1134 4845 serves,
1152 4772 1349 4835 sententiam
1361 4771 1498 4850 siquam
1510 4773 1800 4840 sortein'tecontra

160 4869 346 4942 drerillam,
372 4870 493 4932 litteris
515 4887 584 4932 suae
600 4871 778 4948 legationis
798 4871 953 4942 ostensis
1010 4869 1257 4932 concessionem
1276 4870 1424 4932 nostram
1441 4871 1557 4933 tulerit
1570 4873 1799 4952 archiepisco-

158 4968 267 5029 terras
303 4966 504 5028 nobiliorum
540 4967 689 5029 virorum
720 4971 757 5028 G.
794 4967 954 5046 principis
1009 4983 1071 5043 pus
1086 4967 1298 5038 memoratus,
1321 4967 1534 5030 decernentes
1558 4969 1688 5032 irritam
1702 4973 1802 5034 etin-

159 5063 307 5137 Achaiae,
321 5065 405 5126 eto.
420 5063 461 5126 de
475 5065 588 5126 Rocha
603 5063 952 5136 dominiathanarum,
1009 5079 1117 5126 anem.
1134 5063 1226 5126 Nulli
1246 5078 1325 5141 ergo
1350 5065 1483 5128 omnino
1505 5065 1676 5133 hominum
1702 5070 1801 5132 liceat

161 5161 234 5223 sine
246 5159 438 5223 rationabili
462 5176 563 5222 causa
583 5159 756 5223 sententiae
773 5160 954 5239 subjiciens
1009 5160 1096 5222 hano
1108 5162 1262 5240 paginam
1277 5163 1398 5225 nostrae
1414 5164 1638 5228 concessionis
1653 5167 1687 5228 et
1700 5169 1805 5228 cons*

162 5257 341 5332 interdicti,
356 5257 626 5335 praelatiseorum
639 5259 796 5336 injunxit,
807 5259 843 5320 ιιι
855 5259 955 5321 inter·
1008 5258 1174 5320 titutionis
1194 5258 1392 5336 intringere,
1411 5261 1463 5322 vel
1476 5263 1508 5322 ei
1523 5278 1607 5323 ausu
1620 5264 1799 5326 temerario

162 5353 284 5418 dicam
298 5355 566 5433 hujusmoditam
574 5372 633 5434 per
647 5373 683 5418 se
697 5371 795 5433 quam
808 5371 955 5434 persuos
1009 5355 1186 5418 contraire.
1214 5357 1249 5417 Si
1275 5357 1349 5434 quis
1372 5361 1495 5427 autern,
1513 5360 1575 5421 etc.
1591 5362 1708 5425 Datum
1735 5364 1801 5426 La·

163 5451 309 5516 subditos
321 5452 560 5518 inviolabiliter
571 5453 803 5530 observarent3
821 5455 956 5532 propter
1008 5453 1128 5526 terani,
1140 5453 1283 5516 secundo
1304 5469 1410 5516 nonas
1428 5457 1572 5532 augusti,
1589 5459 1797 5535 pontificatus

163 5549 248 5626 quod
260 5549 324 5626 ipsi
336 5549 377 5612 ad
390 5549 957 5630 sedemApostolioamappellarunt
1010 5551 1115 5614 nostri
1129 5551 1336 5612 annotartio.

198 5685 238 5758 (l)
251 5688 397 5748 conradus
411 5691 423 5748 l
434 5690 470 5748 de
480 5688 680 5764 Ravensburg.
