3978 6292
274 294 334 356 ass
445 289 447 296 ’
884 279 1058 344 aononu
1081 238 1294 338 1i1ornm.
1859 281 1916 338 314,
1978 305 1979 340 Γ

275 453 352 514 dum
368 449 517 512 ordinem
532 445 697 508 laborare.
721 440 757 502 Si
776 439 851 516 quis
865 435 1069 516 temporibus
1119 412 1655 514 'sactodimidioannodealtqua
1669 438 1761 498 certa
1775 451 1918 514 persona
1978 453 1979 470 ³

278 551 357 622 illis,
374 545 524 612 etheris,
540 541 689 620 quibusa
707 537 820 602 labore
839 535 1021 598 cessaverit
1036 535 1069 596 in
1125 549 1184 610 pro
1209 533 1323 609 alique
1346 533 1492 596 evidenti
1517 534 1670 606 utilitate,
1688 535 1795 595 uisum
1819 533 1919 596 fuerit

279 647 372 718 locis,
387 645 422 706 in
437 641 556 720 quibus
570 637 658 714 loqui
674 635 762 708 licet,
779 633 913 705 fabulis,
925 632 1069 710 puerili·
1125 631 1228 707 priori
1242 632 1276 692 et
1290 631 1435 706 capitulo
1450 631 1721 707 dispensandum.
1978 683 1979 698 ,

278 743 413 814 tatibus,
435 741 487 802 vel
505 737 620 800 otiosis
631 731 839 796 sermonibus
853 745 974 792 uacare
988 745 1071 806 prae·
1164 727 1282 788 Nullus
1297 729 1408 788 nmen
1419 727 1512 804 prius
1524 727 1706 804 recipiatur
1715 745 1827 806 quam,
1840 745 1918 806 per·
1978 753 1979 780 ι

277 839 465 916 sumpserit,
492 834 605 898 taliter
628 831 805 908 puniatur,
831 830 866 890 ut
889 827 1004 892 caeteri
1026 827 1071 888 ti·
1124 825 1209 886 lecta
1220 825 1251 886 ei
1261 825 1389 901 regula,
1402 825 1628 901 interrogetur
1636 827 1817 888 secundum
1829 827 1920 888 ordi·
1978 813 1979 878 Ῑ

277 953 403 1004 morem
418 932 572 1004 habeant,
590 931 622 992 et
636 930 707 1006 ipse
721 926 901 992 salubriter
914 923 1072 988 emende-
1126 937 1201 982 nem
1224 923 1458 998 supradictum.
1483 923 1518 984 Si
1544 938 1608 999 qua
1636 924 1746 986 tameo
1774 939 1917 1000 persona
1978 985 1979 996 ,

278 1039 344 1100 tur.
371 1031 562 1108 [incipimus
587 1029 697 1089 autem
719 1025 761 1086 ab
781 1025 844 1086 bac
863 1021 1071 1100 legelaboris
1125 1019 1377 1090 minussecura,
1394 1019 1560 1082 midonea
1574 1019 1715 1102 collegio
1735 1021 1916 1090 uiderebm,
1978 1053 1979 1094 3

278 1129 461 1194 secundum
480 1123 655 1204 judicium,
678 1123 711 1184 et
732 1120 935 1183 voluntatem
951 1118 1071 1195 prioris
1125 1119 1159 1180 et
1180 1117 1341 1192 completo
1365 1133 1453 1178 anno
1475 1116 1680 1194 probationis
1702 1117 1807 1194 ipsius
1831 1119 1921 1194 prior
1978 1159 1979 1166 Ξ

276 1228 366 1295 illos,
379 1225 435 1304 qui
453 1239 511 1302 pro
535 1220 679 1284 utilitate
697 1217 884 1294 temporali,
904 1215 956 1277 vel
972 1214 1074 1292 spiri·
1127 1229 1203 1274 cum
1217 1211 1455 1276 deliberatione
1468 1214 1606 1290 capituli
1620 1216 1693 1292 elus
1710 1214 1920 1281 emendatio·
1978 1269 1979 1304 Ξ

279 1324 378 1398 tuali,
405 1322 460 1384 vet
488 1320 556 1384 elia
580 1320 672 1396 justa
700 1313 897 1378 necessitate
924 1311 1073 1389 impediti
1127 1325 1202 1372 nem
1228 1309 1489 1372 misericorditer
1515 1311 1624 1372 adbuc
1651 1313 1828 1388 expectare
1859 1327 1919 1372 uo·
1978 1309 1979 1384 Ξ

280 1417 679 1500 nequiverintinteresse.
698 1411 888 1488 Excipimus
903 1410 1003 1472 etiam
1017 1409 1073 1470 to·
1128 1407 1243 1479 luerit,
1275 1408 1411 1470 minime
1449 1407 1674 1484 probibemus.
1717 1411 1789 1470 Hoc
1824 1410 1920 1470 etiam
1978 1423 1979 1496 Ξ

280 1507 351 1582 tum
364 1515 572 1584 conventum,
596 1513 625 1572 si
648 1509 833 1586 legitimum
855 1506 1075 1582 impedimen·
1127 1505 1169 1566 de
1192 1517 1334 1581 persona
1360 1503 1480 1568 idonea
1505 1504 1581 1566 iteri
1606 1505 1830 1576 concedimus,
1856 1523 1919 1568 nou
1978 1505 1979 1596 Ξ

283 1617 350 1678 tum
365 1612 506 1682 adesset,
527 1610 582 1672 vel
596 1609 625 1668 si
637 1607 766 1670 deesset
777 1618 925 1680 congrua
934 1601 1074 1666 materia
1128 1603 1240 1664 tamen
1258 1601 1301 1664 ad
1324 1601 1429 1678 ipsius
1453 1601 1667 1674 voluntatem,
1691 1602 1760 1664 nisi
1787 1603 1921 1665 evidens
1978 1641 1979 1692 Ξ

282 1708 453 1790 operandi,
1129 1699 1321 1771 necessitas,
1350 1701 1384 1760 ct
1406 1699 1533 1760 utititas
1560 1713 1740 1776 exposcere
1756 1701 1918 1762 rideatur.
1978 1715 1979 1718 ¹

323 1807 444 1870 Nullus
457 1801 700 1874 usurariusvel
711 1799 882 1877 suspectus
891 1798 931 1860 de
941 1796 1074 1869 haeresi,
1133 1793 1250 1856 Nullus
1276 1797 1442 1860 masculus
1473 1796 1558 1858 infra
1596 1799 1726 1858 raabam
1755 1798 1918 1859 decimum
1978 1837 1979 1870 Ξ

283 1905 336 1970 vel
363 1902 514 1964 detentor
542 1901 727 1962 alienarum
758 1907 870 1958 rerum
896 1894 1076 1971 recipiatur
1130 1907 1265 1963 annum,
1282 1893 1334 1956 uel
1349 1891 1472 1956 femina
1487 1891 1577 1954 infra
1590 1897 1745 1970 quartum
1758 1894 1917 1956 decimum

283 2001 326 2062 ad
341 1997 569 2076 probationem
577 1995 630 2056 vel
641 1993 892 2071 professionem,
905 2006 966 2052 nec
976 1989 1074 2050 etiam
1130 1989 1172 2052 ad
1209 1989 1436 2068 probationem
1474 1991 1685 2067 aliquatenus
1718 1995 1916 2060 assumatur,
1978 2023 1979 2070 Ξ

282 2097 325 2160 ad
340 2095 559 2172 sepulturam,
599 2092 664 2152 nisi
691 2105 836 2166 congrue
876 2085 1077 2150 satisfecerit
1131 2087 1197 2148 nisi
1223 2087 1317 2163 prius
1344 2087 1534 2164 specialiter
1559 2088 1599 2148 de
1624 2089 1759 2151 licentia
1784 2089 1919 2150 duorum

281 2195 377 2270 juxta
391 2206 498 2268 posse,
512 2189 565 2250 uel
580 2189 712 2266 plenam
731 2185 944 2248 securitatem
972 2184 1076 2246 ratis-
1131 2183 1397 2261 priornmnostri
1423 2185 1550 2248 ordinis
1576 2185 1678 2248 merit
1700 2187 1763 2247 boc
1784 2201 1919 2248 conces·
1978 2213 1979 2276 Ξ

284 2290 426 2354 faciendi
448 2287 638 2350 exhibuerit
661 2285 750 2346 omni
769 2283 975 2346 dubitatione
1001 2295 1076 2344 ces·
1131 2297 1214 2344 sum.
1230 2281 1400 2348 vassalos,
1414 2281 1466 2344 vel
1490 2281 1680 2354 advocatos,
1703 2285 1761 2346 aut
1784 2285 1919 2346 vicedo-
1978 2279 1979 2358 t

285 2388 389 2448 sante.
407 2385 476 2448 ileo
494 2385 605 2444 antem
634 2382 676 2443 de
700 2381 768 2442 illis
793 2380 1009 2456 intelligatur,
1037 2378 1077 2440 de
1131 2379 1249 2451 minos,
1279 2378 1332 2442 vel
1359 2381 1516 2455 patronos
1555 2395 1621 2440 non
1652 2380 1808 2453 babeant,
1846 2383 1918 2458 quia
1978 2397 1979 2410 ¹

287 2483 406 2560 quibus
418 2482 459 2542 ad
473 2479 623 2541 notitiam
639 2478 777 2539 fratrum
793 2477 992 2554 pervenerit,
1009 2475 1078 2536 sol·
1132 2476 1265 2553 plurimi
1295 2475 1458 2538 uiolenter
1480 2475 1567 2538 bona
1588 2477 1807 2539 ecclesarium
1838 2479 1919 2540 diri·
1978 2535 1979 2562 Ξ

286 2578 379 2640 licita
395 2578 487 2655 prius
499 2574 687 2650 diligentie,
704 2574 738 2634 et
758 2573 973 2649 inquisitione
987 2586 1076 2648 prae·
1132 2574 1239 2650 pinni,
1250 2572 1918 2652 etmoliunturcnmtyrannideusurpare.
1978 2565 1979 2632 l

284 2676 397 2742 missa.
414 2677 531 2736 Frater
542 2675 600 2734 ant
614 2685 710 2732 soror
725 2671 859 2732 noviter
873 2669 914 2732 ad
935 2669 1076 2744 religio·
1133 2671 1231 2732 Prior
1241 2670 1294 2732 vel
1304 2670 1470 2742 sacerdos,
1486 2673 1540 2732 cui
1548 2669 1717 2733 licentiam
1734 2672 1807 2749 ipse
1822 2687 1921 2748 praes·

287 2790 364 2838 nem
379 2771 517 2834 veniens
530 2771 573 2833 sit
587 2771 729 2846 quatuor
745 2769 802 2828 aut
829 2765 934 2830 tribus
961 2764 1077 2828 diebus
1131 2767 1247 2838 titerit,
1277 2767 1393 2828 audiet
1429 2766 1656 2830 confessiones
1696 2783 1848 2831 sororum
1883 2767 1920 2830 ad
1978 2759 1979 2854 Ξ

286 2874 323 2936 ut
334 2871 466 2948 hospes,
479 2869 512 2929 et
525 2866 710 2943 exponatur
723 2865 756 2926 ei
770 2862 914 2940 qualitas
933 2877 1077 2924 conuer-
1132 2863 1312 2926 fenestram
1328 2863 1482 2936 semaam,
1499 2864 1532 2926 et
1551 2881 1619 2926 non
1643 2865 1725 2926 alibi
1750 2867 1817 2928 nisi
1840 2869 1921 2928 esset

284 2965 443 3040 sationis;
458 2963 696 3041 ‘praedicentur
728 2962 758 3022 ei
795 2961 893 3022 etiarn
922 2960 1016 3030 dura,
1046 2960 1079 3020 et
1133 2975 1279 3036 praesens
1306 2961 1486 3022 conuentus
1502 2975 1665 3034 sororum,
1679 2962 1732 3024 rel
1751 2963 1817 3024 nisi
1832 2979 1920 3024 soror
1978 3031 1979 3050 Ξ

286 3079 417 3141 aspera,
431 3077 489 3138 per
501 3075 575 3137 quae
590 3061 657 3121 itur
672 3059 713 3119 ad
726 3061 846 3132 Deum3
863 3058 896 3120 et
910 3056 939 3117 si
955 3055 1079 3118 dixerit
1133 3058 1294 3120 confitens
1309 3057 1495 3132 aegrotaret.
1514 3058 1549 3118 Si
1564 3059 1657 3134 prior
1677 3059 1731 3122 rel
1750 3059 1920 3136 pradictus
1978 3061 1979 3114 Ξ

286 3176 323 3224 se
338 3160 425 3222 velle
438 3159 527 3219 stare
539 3155 672 3226 ibidem,
685 3153 1076 3230 ducaturincapitulum,
1133 3154 1288 3218 sacerdos
1314 3169 1373 3230 pro
1401 3154 1548 3230 qualibet
1569 3155 1713 3218 utilitate
1745 3157 1799 3218 sel
1828 3157 1920 3218 otca-

286 3258 322 3318 ut
332 3254 546 3331 suscipiatur,
560 3252 692 3314 ueniam
709 3252 834 3326 petens,
845 3251 879 3314 et
889 3251 1080 3314 misericor·
1134 3253 1228 3314 sione
1241 3251 1371 3314 debebit
1383 3252 1514 3328 ingredi
1528 3254 1656 3330 portam
1675 3269 1839 3322 sororum,
1859 3255 1920 3314 sint
1978 3255 1979 3344 Ξ

283 3353 373 3414 diam
389 3351 570 3428 postulans.
588 3347 868 3424 Surgensautem,
884 3347 1079 3410 siadintar-
1132 3350 1176 3411 ad
1192 3350 1302 3412 minus
1317 3347 1640 3412 tressororesbonae
1655 3352 1834 3428 opinionis,
1853 3365 1919 3427 quae
1978 3347 1979 3434 Ξ

285 3451 492 3527 rogationem
506 3445 626 3524 prioris
641 3446 764 3506 dixerit
778 3461 814 3506 se
832 3444 918 3506 velle
939 3445 1079 3521 probare
1133 3461 1208 3508 eum
1229 3447 1480 3522 ingredientem,
1504 3449 1658 3518 stantem,
1674 3451 1708 3510 et
1735 3451 1917 3518 exeuntem,
1978 3437 1979 3478 Ξ

286 3547 449 3616 ordinem,
465 3547 497 3606 et
509 3559 613 3620 nsque
628 3544 668 3604 ad
685 3542 784 3604 tinem
799 3542 876 3604 uitae
896 3557 965 3604 suae
990 3545 1079 3604 stare
1133 3557 1263 3620 semper
1280 3545 1313 3605 et
1327 3544 1448 3620 ubique
1470 3545 1583 3606 videre
1603 3545 1741 3621 possint,
1757 3546 1823 3607 nisi
1844 3546 1919 3606 forts

287 3644 421 3713 ibidem,
434 3640 615 3718 recipiatur
629 3640 665 3702 in
679 3639 947 3716 congregatione,
961 3640 1080 3716 etpro-
1132 3642 1166 3703 et
1184 3641 1243 3704 alii
1256 3641 1420 3702 intrarent
1440 3642 1481 3702 de
1495 3642 1766 3720 licentia-prioris
1781 3637 1838 3720 pro
1854 3643 1916 3703 ali·

285 3741 382 3803 betur
396 3740 432 3800 in
447 3739 536 3801 omni
551 3737 724 3815 patientia,
741 3737 774 3800 et
794 3737 956 3802 doctrina.
983 3738 1080 3798 Com·
1134 3755 1199 3816 quo
1212 3739 1402 3800 necessario
1417 3739 1543 3808 labore,
1562 3740 1615 3801 vel
1638 3755 1738 3818 opere
1764 3740 1916 3810 faciendo,
1946 3777 1948 3784 ,
1978 3785 1979 3818 Ξ

287 3839 374 3916 pleto
388 3839 497 3902 antem
510 3850 598 3896 anno
610 3834 815 3911 probationis
830 3833 932 3906 illiue,
943 3834 973 3894 si
992 3833 1079 3896 velle
1133 3837 1184 3898 vel
1208 3836 1274 3898 nisi
1295 3835 1475 3904 latronum.
1503 3837 1562 3898 eut
1589 3837 1735 3898 incendii
1758 3837 1917 3899 uideretur
1978 3821 1979 3916 Ξ

287 3937 377 3998 stare
392 3933 525 4003 dixerit,
540 3933 694 4008 legantur
713 3932 747 3994 ei
770 3929 916 4008 capitula
940 3931 1076 4006 regulae,
1133 3933 1317 4011 periodum
1335 3933 1521 4006 imminere,
1537 3933 1591 3996 vel
1606 3934 1674 3994 nisi
1700 3935 1800 3996 etiam
1823 3935 1916 4012 prior,
1978 3917 1979 4008 Ξ

286 4048 361 4108 quae
383 4045 519 4092 servare
541 4027 647 4090 debet.
673 4027 797 4100 Quibus
814 4027 969 4104 perlectis
981 4027 1078 4092 dica·
1134 4031 1186 4094 ref
1201 4031 1711 4106 hujusmodisacerdosintrnret
1729 4032 1917 4094 locutorium

196 4156 208 4188 s
285 4133 341 4191 tur
354 4127 386 4188 ei
404 4128 545 4188 :edoce
571 4125 699 4199 regula,
723 4139 821 4200 quam
842 4125 956 4186 tenere
980 4123 1080 4186 debe-
1133 4144 1208 4190 cum
1223 4127 1336 4204 aliqua
1350 4143 1502 4203 persone,
1520 4143 1594 4204 quae
1612 4128 1917 4207 selletabqusmde

286 4227 344 4300 tis;
362 4223 457 4286 siris
480 4237 554 4286 eam
575 4235 722 4294 seruare,
744 4221 937 4298 ingredere3
955 4222 984 4284 si
1012 4237 1079 4284 non
1134 4223 1305 4288 sororibus
1317 4223 1466 4288 uisitare.
1484 4225 1531 4296 Si,
1547 4225 1633 4302 quod
1651 4225 1748 4298 absit,
1759 4226 1862 4288 frater
1873 4225 1917 4286 rel
1978 4245 1979 4292 3

285 4323 349 4396 vis,
363 4320 447 4387 liber
461 4319 629 4384 discede».
642 4305 746 4390 'Quam
756 4319 786 4380 si
798 4333 834 4380 se
849 4318 934 4380 velle
944 4333 1080 4380 servare
1134 4321 1274 4384 sororia
1288 4319 1623 4384 manifestumcarnis
1638 4324 1827 4399 sonegium
1850 4323 1917 4398 lap·
1978 4295 1979 4362 ἶ

286 4419 419 4486 dixerit,
440 4418 553 4482 veniat
580 4417 615 4478 in
640 4414 796 4492 capitulo,
819 4416 853 4478 et
876 4416 963 4478 sicut
988 4417 1079 4492 prius
1134 4433 1190 4482 sus
1205 4417 1545 4494 fuerlt;etlam,qnod
1558 4421 1645 4480 Deus
1658 4421 1798 4492 avertat,
1811 4421 1840 4480 sl
1854 4419 1917 4496 quis
1978 4457 1979 4500 3

284 4515 550 4578 misericordiam
579 4513 732 4590 postulet,
768 4513 801 4576 et
836 4527 948 4577 coram
980 4511 1079 4574 altari
1133 4515 1226 4593 prior
1247 4514 1397 4586 merita
1422 4516 1522 4582 dome
1546 4517 1619 4577 sino
1646 4532 1706 4593 spe
1724 4517 1916 4578 reversionis
1978 4501 1979 4580 Ξ

286 4614 388 4676 faciat
415 4611 655 4687 professionem
684 4610 719 4672 in
756 4609 908 4674 menibus
944 4609 1078 4686 prioris,
1134 4611 1411 4675 sententialitera
1437 4615 1602 4674 conventu
1618 4614 1842 4687 remoueatur,
1865 4627 1916 4674 nec
1978 4617 1979 4682 Ξ

287 4709 482 4788 promittens
504 4707 729 4777 stabilitatem,
754 4709 787 4768 et
817 4707 1013 4778 castitatem,
1048 4707 1081 4770 et
1135 4709 1267 4772 ultraei
1287 4707 1470 4781 obediatur,
1496 4725 1557 4772 nec
1582 4709 1623 4770 ab
1649 4710 1762 4788 aliquo
1788 4727 1860 4772 cum
1884 4725 1916 4771 ee
1978 4719 1979 4762 l

285 4808 400 4869 vivere
413 4805 485 4866 sino
500 4803 645 4880 proprio,
662 4804 695 4866 et
716 4803 936 4866 obedientiam
960 4819 1081 4866 secum
1135 4804 1370 4881 participetur,
1409 4804 1513 4868 donec
1549 4807 1710 4869 manserit
1742 4807 1780 4870 in
1814 4807 1916 4869 eadem
1978 4855 1979 4860 1

286 4905 364 4966 dnm
377 4905 491 4972 Deum,
506 4903 539 4962 at
552 4899 703 4975 regulam
715 4899 831 4975 priori,
846 4900 903 4975 qui
919 4915 979 4976 pro
991 4905 1079 4964 tem-
1134 4902 1241 4964 domo.
1256 4901 1711 4980 Nullafaeminapraegnans,
1727 4905 1917 4967 veldecon-
1978 4937 1979 4954 ,

286 5015 367 5082 pore
397 4997 507 5070 fuerit,
532 4996 674 5058 fideliter
709 4997 920 5058 servandum.
957 4999 1080 5060 Verum
1135 5001 1232 5076 coptu
1255 4999 1410 5075 suspecta
1433 5015 1585 5062 sororum
1605 5001 1749 5082 cedema
1772 5002 1915 5071 societur,

285 5102 397 5162 mmen
414 5095 529 5172 siquis
554 5093 654 5182 babet
673 5108 728 5154 res
751 5093 961 5168 temporales,
987 5095 1080 5171 prius
1135 5098 1168 5159 et
1182 5096 1211 5157 si
1225 5096 1352 5160 sociata
1366 5095 1478 5163 fuerit,
1495 5097 1702 5160 excludatur.
1719 5099 1840 5160 Nullus
1854 5097 1916 5159 fra-

286 5199 326 5259 de
339 5196 406 5258 illis
418 5192 568 5263 testetur,
585 5191 638 5252 vel
653 5189 783 5252 ordinet
804 5191 891 5267 quod
915 5192 979 5253 sibi
1004 5193 1079 5268 pla·
1135 5194 1234 5264 trum,
1261 5193 1315 5255 vel
1344 5206 1495 5254 sororum
1529 5193 1647 5254 doceat
1672 5195 1818 5272 aliquam
1853 5209 1917 5272 per·

286 5294 403 5364 cuerit,
417 5307 516 5367 quam
537 5288 777 5366 professionem
800 5288 938 5350 emittat.
962 5277 1081 5352 Nullus
1135 5305 1251 5352 sonam
1275 5290 1311 5350 in
1337 5289 1484 5366 qualibet
1509 5292 1581 5352 arte
1605 5292 1659 5351 vel
1688 5291 1843 5362 artificio,
1868 5305 1916 5351 seu

286 5393 396 5453 autem
412 5388 452 5448 ad
469 5387 708 5463 professionem
724 5385 905 5460 recipiatur
922 5387 987 5446 nisi
1007 5387 1082 5450 fue-
1136 5389 1236 5450 etiam
1266 5387 1301 5446 in
1329 5387 1481 5458 scientia,
1505 5388 1571 5450 uisi
1594 5388 1639 5450 sit
1662 5405 1803 5466 persona
1830 5401 1915 5466 quam
1978 5423 1979 5426 =

285 5489 331 5552 rit
356 5486 449 5564 prius
468 5499 576 5544 annus
601 5482 805 5560 probationis
830 5482 996 5559 impietus,
1023 5487 1081 5548 aut
1135 5485 1254 5548 docere
1273 5482 1380 5554 debet,
1408 5483 1460 5546 vel
1489 5484 1555 5546 nisi
1577 5485 1621 5546 sit
1644 5485 1685 5547 de
1704 5487 1842 5561 collegio
1866 5499 1914 5544 seu
1978 5517 1979 5528 κ

285 5583 373 5646 esset
399 5579 581 5640 canonicus
610 5577 786 5651 regularis,
812 5578 864 5638 uel
894 5577 959 5638 nisi
985 5581 1079 5640 tran·
1136 5581 1252 5642 ordine
1264 5581 1388 5642 nostro.
1401 5579 1717 5656 Diebusdominicis,
1730 5581 1913 5654 etconpruis
1978 5625 1979 5630 η
