3988 6306
76 365 136 424 3⁵21

77 523 115 584 in
128 521 251 585 irritum
264 518 425 598 quidquid
442 517 637 584 inveneritis
649 516 868 595 pereundam

76 619 233 690 abbatem,
241 621 315 696 post
327 617 585 696 appellationem
595 615 637 678 ad
647 631 710 678 nos
722 615 869 691 legitime

75 717 313 794 interpositam,
327 716 539 786 attentatum,
548 713 581 776 ai
591 713 665 776 vice
681 714 796 776 nostra
813 712 868 774 vi·

76 813 238 878 citationis
264 813 410 876 odicium
434 811 649 888 impendatis,
671 809 869 885 corrigendo

76 915 111 972 et
123 911 329 975 reformande
340 910 475 982 ibidem,
489 909 714 988 appellauone
727 908 868 978 remota,

574 377 576 382 ·
679 355 907 420 EPISTOLAE
932 356 1012 420 uia.
1034 357 1087 416 IV.

1660 357 1722 418 322

924 514 1023 588 mota,
1050 513 1290 592 inviolabiliter
1316 514 1634 588 ohiarrartidortac
1657 514 1721 594 ipsi

924 612 1136 676 restituentes
1160 613 1276 676 taliter
1301 615 1484 692 asportata,
1505 613 1547 676 ab
1573 613 1722 692 ejusdem

924 710 1118 774 monasterii
1143 711 1374 774 molestatione
1394 713 1527 787 penitus
1545 713 1724 790 conquies-

924 809 1012 871 cant.
1028 810 1147 870 Datum
1159 809 1300 888 Vitarhii
1315 811 1343 872 V
1357 810 1632 872 kal.'uovemhris
1645 825 1724 888 pon·

923 905 1070 970 necatus
1085 907 1192 969 nostri
1206 915 1295 970 anno
1310 910 1440 984 quarto.
1617 915 1620 922 ⁴

75 1007 309 1085 mmmcaptte
323 1006 870 1084 quaminmenbriaqoaecorreu
935 1045 942 1052 -

74 1107 173 1168 tionis
198 1109 232 1168 ct
258 1104 509 1170 reformationis
538 1105 648 1168 officio
672 1103 869 1170 inveneritis
927 1114 965 1152 -·
1021 1146 1024 1155 .
1090 1133 1093 1141 ,
1147 1139 1149 1148 ,

76 1201 871 1280 indigetacontradiotorespercensuramecclea

77 1302 253 1372 siastimm,
266 1300 491 1378 appellatione
504 1301 699 1378 postposita,
715 1312 869 1376 compes·
949 1325 952 1333 <

76 1399 188 1460 cando.
204 1399 298 1470 Quod
314 1399 343 1460 si
367 1413 434 1461 nen
450 1413 576 1468 omnes,
598 1398 660 1460 ato.
676 1399 796 1462 ilatum
810 1397 870 1458 Vi·
928 1437 943 1446 .-

75 1497 250 1568 terhii,Vll
263 1496 427 1558 kalendas
440 1495 869 1572 novembrispontiticatus
965 1521 969 1528 ·

76 1596 178 1658 nostri
196 1611 285 1658 anno
300 1597 430 1671 quarto.

331 1703 548 1852 p'xxvn
662 1799 667 1806 .

131 1875 183 1934 Ad
205 1875 402 1954 episcopum
417 1873 456 1952 ⁴et
477 1869 816 1947 armtpresontemm
866 1895 869 1900 ·

348 1958 608 2048 litorervttnnm.⁴

350 2081 492 2146 hiectoh.
515 2081 595 2146 taia
783 2133 785 2141 ,

165 2188 315 2250 [liittarelli.
323 2188 442 2246 ,dundee
451 2187 577 2245 Gameld„
588 2187 659 2247 tlt,
669 2200 696 2251 p.
706 2185 784 2250 tatu

87 2288 254 2348 matut
268 2288 437 2346 solemniter
458 2293 598 2345 venerant
618 2287 850 2373 excommunat-

242 2378 354 2436 tioaem
367 2375 571 2440 iunmuachoa
584 2375 693 2449 nimos.
716 2383 719 2388 '

112 2485 279 2548 Honorius
289 2485 600 2562 episcopusservus
610 2497 782 2544 servorum
795 2483 866 2554 Dei,

74 2583 256 2644 venerabili
270 2583 403 2644 tratri...
418 2581 743 2659 episcopoetdilecto
758 2581 873 2642 illio...·

75 2679 361 2757 archipresbytero
370 2679 562 2742 Florentino
574 2679 715 2740 salutem
724 2678 758 2741 et
768 2693 870 2756 apos-

75 2777 204 2839 tolicam
216 2777 493 2840 benedictionem.

110 2875 229 2937 Dilecti
255 2875 356 2936 iiiii...
382 2875 473 2952 prior
488 2875 521 2936 at
539 2875 721 2936 conventus
737 2874 870 2935 camal-

75 2971 246 3044 dulenses,
274 2972 394 3050 quibus
419 2973 657 3034 monasterium
683 2972 724 3032 de
746 2971 870 3033 (tandi-
900 3001 903 3011 ·

75 3070 153 3131 culis
194 3070 442 3132 reformandum
481 3069 724 3140 commisimus,
760 3085 870 3145 expo-

75 3171 211 3229 suerunt
235 3167 405 3229 humiliter
428 3183 541 3230 caram
561 3167 773 3244 anbianensi
790 3181 870 3228 cum

74 3265 274 3328 venerahilis
289 3265 393 3327 irater
402 3265 552 3327 nomer...
566 3265 728 3326 ostiensis
738 3263 869 3342 episco-

73 3379 130 3440 pus
151 3363 248 3434 olim,
264 3363 343 3423 dum
367 3363 402 3423 in
426 3363 577 3440 partibus
600 3363 669 3423 illis
692 3362 868 3438 legationis

73 3459 183 3522 officio
199 3461 401 3537 iungeretur,
416 3461 619 3523 monamerio
636 3459 701 3537 ipsi
721 3458 868 3521 cilicium

72 3557 274 3620 visitationis
309 3557 515 3634 impendens,
544 3557 725 3619 monachos
753 3557 868 3632 nimos

72 3655 261 3718 habitantes
280 3655 415 3730 ibidem,
430 3657 566 3734 propter
589 3655 790 3732 multiplicas
804 3670 867 3716 eo-

71 3770 144 3816 rum
166 3767 335 3824 excessus,
350 3754 391 3816 ah
412 3753 527 3816 eedem
549 3751 763 3824 monasterio,
780 3752 867 3830 quod

72 3869 128 3928 per
158 3853 305 3927 ipsorum
333 3852 494 3913 malitiam
517 3851 589 3914 lere
618 3850 667 3912 ad
682 3851 869 3911 extremam
951 3853 954 3858 '

71 3949 333 4012 exinanitionem
349 3949 538 4022 devenerat,
556 3949 690 4010 duxerit
703 3963 867 4010 amoven—
976 3967 979 3974 ⁴

71 4047 140 4118 dos,
160 4047 197 4108 in
213 4062 279 4118 eos,
299 4048 329 4109 si
343 4047 397 4108 vel
409 4048 451 4108 ad
465 4047 554 4108 idem
571 4047 719 4109 redirent
733 4058 868 4107 monas-

70 4147 205 4216 terium,
229 4145 281 4207 vel
294 4146 474 4208 monachos
489 4145 772 4216 camaldulenses,
789 4145 867 4221 nui·
951 4168 954 4174 ·

70 4243 130 4305 hus
146 4243 208 4303 ille
224 4241 467 4306 reformandum
490 4243 667 4314 commisit,
691 4243 727 4304 in
754 4243 866 4320 aliquo

70 4342 296 4412 molestarent
304 4341 660 4404 excommunicationis
668 4340 867 4404 sententiam

71 4439 408 4516 promulgand03illi,
430 4439 486 4516 qui
516 4439 665 4516 percussi
692 4439 806 4501 dolore
828 4453 868 4499 ao

70 4537 178 4600 stulti
190 4535 363 4599 debuerint
376 4552 530 4614 accipere
543 4537 766 4614 disciplinam,
781 4539 869 4598 tam·

71 4651 172 4712 quam
192 4635 229 4695 in
255 4633 452 4712 probandum
466 4635 621 4697 venerint
642 4636 865 4711 peccatorum,

71 4731 415 4795 excommunicatione
425 4734 624 4809 contempta,
634 4734 792 4794 ineodem
802 4747 868 4793 mo-

72 4831 218 4892 nastario
239 4846 276 4892 se
299 4845 384 4892 ausu
405 4831 582 4893 temerario
597 4833 810 4909 receperunt,
835 4831 869 4892 et

71 4928 114 4990 ihi
145 4929 262 4991 divina
284 4929 491 4991 celebrantes
516 4929 647 5001 cilicia,
677 4929 730 4990 vel
759 4929 867 5006 potitis

72 5027 332 5105 prophanantes,
349 5027 463 5100 libros,
473 5029 681 5097 ornamenta,
692 5027 867 5104 privilegia

71 5131 101 5188 et
125 5141 181 5188 res
203 5127 289 5188 alias
318 5125 422 5202 ipsius
443 5127 636 5190 monasterii
664 5125 869 5201 exindeper'

71 5225 263 5286 violentiam
289 5227 513 5300 asportarunt.
530 5223 703 5301 Ne'igitur
718 5225 867 5302 praedicti

71 5321 224 5384 monachi
245 5321 363 5382 desua
376 5323 561 5398 pertinacia
575 5323 779 5398 gloriantur,
799 5321 869 5382 dis-

72 5421 211 5482 cretioni
223 5421 343 5482 vestrae
355 5435 414 5497 per
428 5421 618 5497 apostolica
634 5420 758 5496 scripta
774 5435 869 5479 man-

72 5517 203 5588 damus,
229 5520 395 5596 quatenus
423 5519 614 5595 predictam
639 5517 870 5581 excommuni-

73 5615 212 5678 cationis
226 5617 428 5678 sententiam
444 5617 638 5678 solemniter
657 5613 867 5686 innovantes,

74 5713 203 5776 iactatis
227 5715 377 5776 eamdam
404 5715 542 5785 tamdiu,
567 5715 789 5793 appellatione
812 5730 870 5774 re-

217 5869 334 5914 raruct.
354 5867 428 5913 roias
445 5858 495 5915 lll.

1241 1086 1430 1172 xliiii.
1552 1131 1555 1137 v

930 1234 944 1265 υ
964 1209 1205 1280 adamantum
1220 1222 1460 1280 livoniensem
1475 1222 1681 1295 episcopum.

1206 1325 1437 1390 fflbctobfflt).
1496 1342 1499 1351 ’
1716 1407 1719 1412 Ι

979 1429 982 1434 ¹
1025 1435 1630 1505 [fflrsenavins‚ltnssiaelimim.,l‚luen]
1656 1507 1659 1518 Ι
1691 1428 1719 1449 ”’

925 1539 981 1606 Sub
994 1527 1075 1608 ‚beati
1092 1530 1165 1601 Petri
1182 1551 1209 1602 et
1223 1544 1283 1602 'sua'
1297 1534 1473 1628 protectione
1488 1549 1606 1620 suscipit
1625 1527 1721 1610 culnia

899 1665 900 1682 .
931 1647 935 1656 ’
958 1633 1033 1690 hona
1058 1633 1238 1692 tironiensis
1261 1629 1389 1691 ecclesiae
1410 1629 1611 1708 et'praesartim
1637 1625 1719 1697 Esto·

959 1717 1456 1797 niam,Seleniametsamigalliam.
1540 1747 1544 1755 =
1663 1799 1667 1806 ι

899 1837 900 1842 ’
932 1818 935 1828 ’
963 1818 1130 1892 Honorius
1143 1829 1329 1910 episcopus,
1342 1817 1637 1924 servasservorum
1649 1827 1724 1909 Dei,

899 1991 900 1996 ,
923 1927 1115 1990 Livonicnsl
1130 1930 1296 2007 episcopo,
1314 1923 1494 1995 salutemet
1503 1925 1722 2012 apostolicam

922 2020 1226 2098 benedictionem}
1596 2093 1600 2100 ,
1695 2013 1722 2033 ”

963 2122 1042 2185 Cum
1057 2141 1075 2186 a
1090 2123 1185 2186 nobis‘
1209 2123 1339 2204 petitur,
1355 2129 1416 2187 etc.
1435 2127 1627 2204 llapropten
1643 2131 1718 2201 etc,

924 2237 1029 2300 usque
1055 2221 1217 2296 inclinati,
1246 2239 1420 2301 parsonam
1441 2224 1545 2294 tuam,
1569 2243 1631 2288 nec
1653 2243 1719 2290 non

923 2321 1099 2382 ecclesiam
1114 2323 1205 2384 idam
1221 2307 1465 2394 Livo‘niensem,
1483 2323 1536 2383 cui
1553 2327 1619 2386 heo
1635 2340 1718 2387 auc-

923 2421 1006 2487 tore,
1021 2420 1185 2498 praesides·
1198 2434 1272 2480 cum
1293 2419 1445 2480 omnihus
1461 2419 1568 2494 bonis,
1590 2437 1662 2498 quae
1686 2423 1720 2484 in

924 2519 1176 2595 praesentiarum
1203 2517 1448 2582 rationabiliter
1475 2519 1636 2594 possides,
1663 2523 1721 2583 aut
1797 2527 1800 2532 ’

923 2617 958 2676 in
973 2615 1119 2676 futurum
1129 2617 1229 2692 justis
1241 2617 1359 2686 modis,
1371 2618 1551 2692 praestante
1566 2619 1719 2690 Domino,

923 2714 1047 2789 poteris
1060 2713 1210 2790 adipisci,
1228 2713 1288 2776 sub
1301 2713 1390 2776 beati
1407 2714 1509 2786 Petri,
1526 2716 1601 2787 etc,
1616 2731 1721 2792 usque

923 2810 1133 2887 suscipimus.
1176 2812 1371 2888 specialiter
1394 2813 1505 2876 autem
1528 2813 1717 2882 Pletoniam,

924 2908 1091 2970 Salonium
1107 2910 1139 2970 et
1155 2908 1381 2996 Semigalliam
1396 2910 1504 2971 terras
1528 2910 1568 2971 da
1583 2927 1669 2974 novo
1684 2911 1719 2972 in

922 3005 1061 3067 Livonia
1075 3006 1267 3086 acquisitas,
1284 3007 1371 3068 sicut
1385 3022 1442 3068 eas
1453 3010 1555 3084 juste,
1573 3010 1605 3070 et
1624 3007 1719 3087 paci·

923 3105 983 3166 tice
1008 3105 1168 3181 possides,
1194 3104 1274 3178 tibi,
1296 3105 1330 3166 et
1352 3104 1543 3166 Livouiensi
1570 3106 1719 3180 ecclesiae

922 3201 1119 3264 auctoritate
1131 3201 1321 3279 apostolica
1335 3203 1580 3284 confirmamus,
1590 3205 1622 3268 et
1634 3200 1723 3281 prae-

923 3301 1026 3362 sentis
1041 3286 1157 3378 scripti
1166 3301 1350 3378 patrocinio
1361 3288 1616 3389 communimus.
1627 3301 1719 3383 Nulli

923 3410 1013 3474 ergo,
1026 3399 1100 3470 etc,
1116 3401 1239 3460 nostrae
1255 3396 1480 3474 protectionis,
1497 3399 1530 3465 et
1540 3399 1722 3461 conflrma-

921 3495 1022 3558 tlonis
1038 3495 1231 3572 intringere.
1247 3496 1284 3557 si
1303 3497 1377 3574 uuis
1390 3499 1584 3574 autemetc.
1624 3481 1634 3514 ³
1655 3509 1660 3516 ·

963 3596 1081 3656 Datum
1096 3591 1248 3662 viterbii,
1273 3597 1302 3656 V
1330 3594 1491 3656 kalendas
1516 3595 1717 3668 novembris,

923 3691 1135 3770 pontificatus
1151 3690 1255 3753 nostri
1269 3706 1357 3752 auno
1371 3695 1499 3770 quarte.

974 4044 1027 4104 Ad
1041 3997 1229 4104 Gomorram
1241 4043 1398 4114 mucan
1411 4040 1446 4102 at
1456 4040 1668 4120 romoaldum

1182 4141 1470 4216 Canactdutauses.
1545 4190 1548 4200 ,

1206 4269 1434 4328 ΞθοοῑυΜΞίθ.
1549 4265 1551 4272 ’

1012 4395 1162 4462 [natarent
1176 4357 1423 4452 sensissemus,
1438 4392 1549 4458 t.1v,p.
1563 4391 1631 4456 avan

923 4508 958 4583 lit
968 4505 1175 4564 monasterium
1187 4503 1223 4561 de
1233 4501 1394 4562 &edoctis
1403 4499 1562 4561 reformare
1575 4499 1721 4562 sudeam.

933 4633 1129 4696 :Honorius
1164 4631 1359 4707 episcopus,
1393 4640 1512 4690 servus
1547 4643 1722 4691 servorum

922 4733 993 4804 Dal,
1011 4731 1140 4792 dilectis
1155 4729 1273 4789 tiliis...
1294 4727 1397 4803 priori
1413 4731 1446 4790 et
1460 4728 1639 4790 conventui
1657 4729 1723 4789 Ca·-

923 4827 1133 4896 maldulensi,
1157 4827 1299 4888 salutem
1322 4826 1356 4889 et
1378 4825 1598 4903 apostolicam
1623 4825 1724 4889 bene-

922 4929 1114 4990 dictionem.

949 5029 1043 5088 ¹Cum
1057 5020 1261 5086 venerahilis
1276 5021 1379 5084 irater
1399 5021 1551 5084 noster...
1568 5022 1721 5084 Hostien-

924 5127 970 5187 sis
982 5125 1157 5201 episcopus
1170 5123 1250 5184 tunc
1263 5120 1464 5197 spostolicae
1479 5119 1573 5180 Sedis
1589 5119 1719 5193 legatus

924 5238 983 5299 per
1009 5218 1248 5281 monasterium
1273 5218 1313 5278 de
1336 5214 1526 5278 Candiculis
1541 5215 1721 5276 transitum

924 5321 1065 5390 iaciens,
1079 5318 1262 5380 invenisset
1273 5315 1355 5376 illud
1377 5327 1482 5390 usque
1501 5311 1583 5374 adeo
1601 5312 1638 5372 in
1651 5313 1721 5394 spi·2

899 5429 900 5476 ᾗ
923 5417 1101 5480 ritualibus
1122 5414 1344 5477 deiormatum
1365 5413 1398 5485 at
1418 5412 1454 5470 in
1481 5410 1720 5494 temporalibus

923 5515 1135 5585 diminutum,
1145 5515 1193 5584 ut,
1206 5512 1291 5572 sicut
1303 5509 1412 5570 iuerat
1422 5507 1603 5584 aliquando
1616 5508 1653 5572 in
1664 5523 1721 5570 re·

923 5613 1075 5675 varentia
1089 5615 1124 5673 at
1133 5613 1271 5677 honore,
1280 5609 1326 5670 ita
1342 5605 1453 5680 multis
1462 5608 1551 5667 esset
1562 5606 1720 5668 scandalo

899 5779 903 5786 ,
924 5715 958 5774 et
968 5709 1098 5782 honori,
1112 5709 1205 5770 vobis
1219 5705 1299 5767 illud
1316 5703 1563 5764 reformandum
1577 5704 1720 5784 eorrirui·¹

1541 5843 1576 5898 ‘ll
