3988 6306
300 359 362 418 355

302 519 401 592 xerit,
424 522 482 583 aut
502 519 635 598 spiritui
658 519 775 596 gratie
794 517 1028 582 contumeliam
1048 517 1099 580 fo-

303 619 397 690 cerit‚
419 633 517 696 quam
535 618 818 694 transgressorem
832 616 915 693 legis
928 617 1095 690 Mosaicae‚

302 718 360 794 qui
371 717 486 778 mortis
500 716 665 778 sentemia
681 714 898 794 plectebatur.

342 815 392 876 Ne
407 815 510 891 igitur
523 813 563 875 de
585 817 705 876 caetero
724 829 784 890 per
797 813 961 875 incuriam
980 827 1096 874 sacer·

302 911 413 974 dotum
435 912 469 972 in
491 911 665 974 indevotos
680 911 793 975 divina
817 911 1003 986 indignatio
1018 924 1098 986 gra-

301 1011 376 1070 vius
391 1011 599 1082 exardescat,
609 1009 759 1073 districte
770 1008 995 1086 precipiendo
1008 1023 1099 1068 man·

302 1107 429 1180 damus,
447 1109 638 1185 quatenusa
649 1106 875 1170 sacerdotibus
889 1106 1096 1168 Eucharistia

303 1205 337 1266 in
354 1205 426 1266 loco
447 1205 622 1281 singulari,
645 1205 767 1267 mundo
788 1205 887 1266 etiam
909 1205 941 1265 et
967 1205 1096 1280 signato

251 1336 256 1350 κ
303 1319 436 1381 semper
450 1303 633 1365 honorifice
643 1303 816 1376 collocata,
831 1302 949 1364 devote
960 1317 1000 1364 ac
1012 1301 1095 1363 fide·

300 1401 378 1463 liter
406 1403 632 1462 conservetur.
660 1400 822 1462 Sacerdos
849 1415 929 1462 vero
959 1399 1097 1477 quilibet

301 1497 494 1574 frequenter
515 1499 632 1560 doceat
647 1498 776 1574 plebem
792 1506 897 1568 suam,
912 1498 949 1559 ut
959 1505 1039 1559 'cum
1060 1497 1096 1558 in

302 1595 525 1658 celebratione
537 1597 714 1658 missarum
726 1596 876 1658 elevatur
886 1594 996 1656 bestia
1005 1594 1097 1656 salu-

301 1694 396 1767 iaris,
414 1694 550 1770 quilibet
569 1694 761 1756 reverenter
782 1707 818 1754 se
841 1692 991 1764 inclinet,
1008 1692 1095 1753 idem

301 1789 440 1865 faciens,
457 1808 531 1854 cum
551 1792 657 1868 ipsam
680 1791 788 1869 portat
802 1790 973 1868 presbyter
987 1789 1028 1852 ad
1043 1789 1097 1852 in·

302 1891 444 1962 firmum,
457 1905 554 1967 quam
569 1890 604 1950 in
615 1889 744 1951 decenti
758 1887 874 1950 habitu
889 1888 1095 1966 superposito

301 1987 424 2050 mundo
439 1987 604 2050 velamine
614 1987 709 2058 ferat,
730 1986 896 2048 etrelerat
909 1985 1094 2058 manifeste,

301 2102 340 2148 ac
355 2083 538 2147 honorifice
553 2084 630 2146 ante
646 2085 760 2163 pectus
784 2100 859 2144 cum
881 2083 971 2164 omni
994 2097 1095 2144 revo-

300 2185 409 2246 rentia
423 2185 456 2244 et
466 2183 596 2251 timore,
610 2196 742 2259 semper
753 2181 863 2243 tamma
878 2181 1004 2242 lumino
1018 2195 1096 2260 pro-

302 2281 449 2354 cedente,
464 2297 539 2342 cum
554 2281 598 2342 sit
612 2279 737 2341 candor
752 2280 836 2342 lucis
849 2281 993 2350 aeternas,
1007 2283 1043 2341 ui
1053 2294 1096 2340 ox

302 2379 365 2440 hoc
380 2378 467 2456 apud
483 2393 598 2439 omnes
615 2375 696 2438 fides
717 2378 752 2440 et
770 2376 901 2438 devotio
920 2377 1093 2453 augeatur.

302 2475 438 2538 Praelati
458 2477 569 2537 autem
588 2475 688 2552 huJus
703 2473 850 2536 mandati
864 2474 1013 2551 graviter
1032 2490 1095 2550 pu-

302 2572 376 2635 nire
389 2589 456 2634 non
471 2572 628 2635 different
644 2573 922 2648 transgressores,
939 2572 968 2632 si
983 2571 1094 2648 stipsi

302 2670 449 2733 divinam
468 2670 501 2732 et
520 2671 666 2732 nostram
687 2667 804 2732 volunt
823 2668 973 2746 effugere
990 2668 1095 2730 ultio·

302 2784 389 2831 nem.
414 2768 571 2831 attendat
595 2767 698 2843 igitur
722 2767 960 2845 unusquisque,
989 2767 1025 2829 ut
1046 2767 1095 2828 sic

301 2866 493 2928 mandatum
513 2866 663 2928 nostrum
681 2864 779 2942 juxta
806 2865 995 2941 susceptum
1017 2864 1095 2926 ofil-
1173 2876 1178 2886 ·
1225 2870 1228 2883 ·

301 2964 390 3026 cium
407 2963 619 3040 exsequatur,
636 2961 722 3039 quod
738 2977 834 3024 nemo
850 2977 1006 3022 coronam
1023 2964 1096 3039 eJus

301 3061 455 3139 accipiat,
470 3059 523 3123 vel
538 3060 578 3121 de
597 3076 658 3121 suo
680 3059 752 3121 loco
768 3062 840 3136 ejus
862 3057 1096 3120 caudelabrum

302 3159 450 3221 amoveri
484 3158 664 3233 continget,
701 3156 759 3218 sed
794 3156 903 3233 potins
929 3158 1097 3219 mereatur

302 3257 457 3318 coronari
468 3254 577 3331 gloria
590 3257 624 3316 et
635 3254 771 3315 honore.

343 3353 462 3415 Datum
482 3350 707 3423 Virterbii‚lX
727 3351 889 3412 kalendas
899 3350 1094 3426 decembris,

304 3451 519 3530 pontificatus
534 3450 639 3511 nostri
654 3464 742 3510 anno
758 3450 887 3526 quarto.

656 3645 744 3732 Lvt

303 3779 500 3844 Acarnanes
509 3779 828 3842 SancitJoenntsde
840 3781 941 3841 Vallis
948 3777 1098 3841 secreta

435 3879 469 3940 ct
485 3881 653 3940 decurram
673 3879 965 3939 suessionensem.

587 4000 622 4057 28
644 4013 709 4056 nov.
735 3997 812 4057 tals.

395 4115 472 4179 [sibl.
486 4118 551 4172 nat„
563 4113 619 4164 idss.
634 4113 697 4164 5998
706 4113 737 4163 A.
751 4111 827 4164 Liber
838 4113 1009 4178 pontificum]

304 4224 340 4282 tlt
354 4219 483 4279 heredes
501 4215 697 4292 coadjutorum
722 4218 821 4276 Erardi
841 4216 877 4275 de
903 4221 993 4278 Brona
1016 4235 1095 4277 com·

339 4311 478 4384 pellantur
492 4305 657 4367 satisfacere
680 4307 834 4365 comitisse
848 4307 1012 4380 campanie
1023 4309 1095 4366 filio·

339 4414 395 4472 que
414 4413 486 4470 cius.

344 4507 523 4578 Honorius,
540 4507 614 4578 etc,
631 4506 761 4569 dilectis
777 4505 855 4566 tiliis
869 4505 982 4568 Sancti
993 4508 1098 4568 loan-

304 4603 359 4665 nis
371 4603 406 4663 in
417 4603 790 4666 VineisSuessionensis
802 4602 1097 4666 erallisSocretae

305 4701 556 4763 suessionensis
572 4701 724 4762 dioecesis
739 4698 912 4762 abbatibus
927 4701 960 4762 et
971 4701 1097 4762 decano

304 4797 547 4868 Suessionensi‚
565 4797 705 4858 salutem
719 4799 753 4859 et
767 4797 981 4874 apostolicam
996 4797 1099 4859 bene-

304 4897 493 4960 dictionem.

344 4993 470 5056 Dilecta
489 4991 525 5058 in
546 4990 677 5052 Christo
694 4990 763 5052 fllia
785 4991 906 5054 nobilis
928 4993 1049 5056 mulier
1060 4995 1095 5054 B.

304 5091 474 5154 comitissa
489 5090 522 5152 et
534 5089 594 5149 Tb.
609 5089 706 5150 natus
727 5091 810 5166 ejus,
827 5105 937 5151 comes
953 5092 1096 5168 Campa-

303 5190 369 5254 niae
391 5187 486 5250 nobis
501 5185 733 5262 conquerendo
752 5187 989 5260 monstrarunt,
1012 5187 1097 5264 quod

304 5303 379 5350 cum
397 5285 530 5364 quidam
547 5283 693 5345 fautores
708 5281 830 5344 nobilis
845 5283 910 5344 riri
925 5285 1042 5346 lirardi
1057 5285 1098 5346 de

304 5387 413 5448 Brona
427 5384 461 5444 et
474 5382 638 5460 Philippae
648 5379 764 5441 uxoris
779 5395 848 5441 suae
866 5395 926 5458 pro
936 5382 997 5450 eis,
1013 5398 1097 5446 auc-

304 5481 439 5544 toritate
454 5481 567 5541 nostra
579 5477 714 5540 vinculo
729 5476 898 5540 interdicti
911 5480 945 5540 et
958 5494 1096 5542 excom·

305 5575 539 5644 inculcationis
550 5574 712 5646 adstricti,
729 5574 867 5650 agerent
877 5574 913 5635 in
927 5576 1096 5650 extremis,

305 5675 438 5757 quidam
455 5673 711 5736 Triumfnntium
728 5673 761 5734 et
787 5672 827 5740 de
848 5672 1010 5750 Exquinei
1027 5689 1098 5735 mo-

926 356 1101 418 HONORIl
1125 358 1169 418 ΙΙΙ
1191 359 1338 422 OPERA.

1880 369 1930 430 356

1153 520 1253 582 nachi
1265 520 1631 585 Cistercicnsisordinis
1644 518 1722 586 illos
1733 521 1893 588 absolvere
1902 530 1931 590 et

1152 615 1350 680 decedentes
1365 619 1600 684 ecclesiastice
1618 622 1795 698 sepulture
1813 625 1930 688 tradere

1152 717 1444 792 praesumpserunt,
1458 717 1786 782 nullasatisfactione
1797 719 1837 782 dc
1847 721 1932 782 dam-

1151 812 1204 872 nis
1230 813 1360 874 illicitis
1388 815 1537 892 impensa
1569 817 1748 878 comitissae
1772 833 1811 880 ac
1832 820 1931 881 comiti

1151 909 1360 986 supradictis.
1375 913 1536 984 Quocirca
1551 912 1745 976 discretioni
1760 917 1872 978 vestrae
1881 933 1933 993 per

1150 1007 1340 1082 Apostolica
1354 1009 1477 1086 scripta
1493 1011 1699 1084 mandamus,
1712 1014 1930 1089 quatenussub

1151 1117 1248 1177 poena
1264 1105 1616 1168 excommunicationis
1628 1107 1815 1170 inhibentes
1833 1125 1932 1171 mona·

1151 1199 1223 1260 chis
1238 1201 1426 1274 antedictis,
1440 1218 1482 1264 ne
1503 1203 1585 1264 talia
1601 1207 1806 1282 praesumant
1819 1205 1857 1267 de
1870 1222 1931 1267 cae-

1150 1297 1223 1358 tero
1257 1299 1430 1370 attentare,
1454 1300 1688 1376 praedictorum
1715 1301 1929 1364 defunctorum

1150 1393 1299 1456 haeredes
1314 1398 1349 1456 ut
1358 1396 1446 1458 infra
1453 1397 1579 1458 certum
1589 1401 1624 1462 et
1630 1400 1866 1476 competentem
1872 1400 1933 1462 ter-

1150 1491 1275 1552 minum
1293 1494 1476 1569 jamdictis
1500 1495 1678 1557 comitissae
1701 1512 1741 1558 ac
1761 1497 1868 1558 comiti
1880 1513 1931 1558 sa·

1150 1587 1319 1652 tisfaciant
1334 1606 1435 1668 super
1449 1591 1502 1652 his
1515 1608 1575 1669 pro
1588 1592 1709 1670 quibus
1724 1593 1788 1670 ipsi
1799 1593 1931 1656 defuncti

1150 1685 1348 1750 tenebantur
1357 1688 1529 1752 sententiis
1540 1690 1753 1768 supradictis,
1766 1690 1931 1753 monitione

1150 1785 1341 1861 premissa,
1373 1803 1433 1864 per
1467 1802 1641 1850 censuram
1671 1789 1931 1858 ecclesiasticam,

1149 1883 1373 1960 appellatione
1393 1885 1532 1959 remota,
1556 1885 1694 1962 cogatis.
1719 1886 1810 1958 Quod
1833 1886 1861 1947 si
1875 1901 1932 1947 nun

1150 1995 1264 2042 omnes
1279 1980 1332 2040 his
1343 1982 1563 2059 exsequendis
1578 1983 1754 2059 potueritis
1769 1983 1931 2054 interesse,

1150 2076 1215 2138 duo
1234 2079 1380 2140 vestrum
1402 2094 1442 2140 ea
1473 2079 1690 2141 nihilominus
1710 2080 1930 2158 exsequantur.

1150 2176 1268 2237 Datum
1283 2175 1436 2248 viterbii,
1450 2178 1494 2238 111
1514 2177 1582 2238 kal.
1596 2177 1793 2252 decembris,
1809 2177 1932 2256 pontifi-

1150 2273 1244 2334 catus
1254 2273 1361 2335 nostri
1370 2289 1458 2336 anno
1470 2275 1600 2351 quarto.

1494 2471 1604 2559 LVII

1168 2605 1221 2664 An
1244 2605 1411 2665 decenum
1438 2605 1640 2666 Treccnsem
1663 2605 1698 2666 et
1718 2601 1917 2681 magistrum

1318 2703 1513 2763 (terendum
1525 2704 1775 2763 Partsicnscm.

1416 2820 1576 2882 tdcoemb.
1598 2823 1678 2880 tals.

1181 2938 1302 3002 [Regest.,
1312 2937 1357 2988 tlh.
1367 2938 1409 2995 lv,
1419 2935 1493 3002 epist.
1503 2936 1558 2986 6l8.
1569 2937 1626 2988 lisa.
1639 2938 1675 2988 La
1687 2939 1761 2988 Porta
1776 2938 1811 2988 du
1822 2937 1908 2998 licit]

1180 3038 1222 3096 De
1236 3035 1375 3094 electione
1387 3035 1518 3109 lingonis
1530 3033 1723 3094 archidiaconi
1736 3042 1766 3093 et
1777 3035 1908 3110 aymonis

1204 3123 1372 3182 thesaurarii
1385 3123 1726 3198 inecclesiabingonensl
1734 3123 1883 3184 celebrata.

1190 3241 1367 3314 Honorius,
1399 3241 1474 3314 etc,
1511 3241 1640 3304 dilectis
1667 3241 1784 3304 filiis...
1818 3241 1935 3302 decano

1150 3339 1288 3400 Treceu.
1303 3339 1430 3414 etmag.
1445 3339 1592 3402 Gerardo
1606 3339 1771 3402 Parisien.
1786 3337 1934 3400 canonico

1151 3436 1305 3506 salutem,
1321 3438 1383 3497 etc.

1191 3534 1272 3594 tium
1293 3548 1393 3594 causa
1415 3531 1612 3597 electionum
1642 3532 1880 3598 celebratarum
1904 3531 1933 3592 in

1152 3628 1334 3706 Lingonen.
1351 3631 1504 3698 ecclesia,
1518 3631 1558 3692 de
1574 3629 1703 3693 dilectis
1713 3630 1794 3694 filiis
1807 3633 1935 3706 lingone

1151 3727 1278 3790 archid.
1299 3730 1333 3790 ei
1354 3731 1503 3805 Aymone
1516 3728 1727 3790 thesaurario
1748 3728 1934 3805 Lingones..

1152 3825 1336 3886 venerabili
1351 3823 1446 3887 fratri
1462 3827 1613 3887 nostro...
1631 3825 1789 3904 episcopo
1805 3827 1934 3887 Trecen

1151 3938 1191 3985 ac
1205 3921 1300 3984 nobis
1310 3922 1371 3986 sub
1386 3924 1476 3986 certa
1491 3921 1597 3985 forma
1612 3921 1732 3987 fuisset
1745 3923 1788 3985 ab
1802 3923 1935 4000 Aposto-

1152 4020 1215 4082 lica
1228 4019 1311 4082 Sede
1321 4020 1508 4092 commissa,
1522 4021 1748 4098 quiapropter
1760 4019 1937 4084 absentiam

1151 4117 1298 4194 eiusdem
1318 4116 1476 4194 episcopi,
1497 4117 1553 4194 qui
1568 4117 1609 4180 ad
1630 4118 1842 4194 presentiam
1863 4131 1936 4179 nos-

1151 4213 1937 4292 tramaccesserat‚nonhabebaturinipsacausa

1152 4326 1341 4388 processus;
1369 4327 1429 4374 nos
1455 4311 1606 4374 nolentes
1629 4311 1779 4389 ejusdcm
1793 4309 1937 4374 ecclesie

1151 4409 1374 4484 provisionem
1392 4408 1604 4486 dispendiose
1616 4407 1756 4480 differri,
1771 4405 1938 4472 venerabi·

1151 4504 1217 4565 lem
1233 4503 1369 4568 fratrem
1384 4507 1571 4568 nostrum...
1582 4505 1846 4568 antissiodoren.
1863 4503 1939 4580 epis·

1151 4617 1268 4680 copum
1284 4603 1421 4680 praefato
1446 4605 1583 4665 Trecen.
1602 4603 1759 4666 duximus
1771 4604 1808 4664 in
1823 4616 1939 4664 execu-

1152 4701 1241 4762 tione
1271 4700 1350 4763 dicti
1383 4700 1509 4777 negotii
1536 4699 1793 4776 subrogandum.
1822 4703 1938 4762 Verum

1152 4798 1288 4860 nuntius
1302 4799 1407 4876 ipsius
1427 4797 1629 4860 thesaurarii
1641 4797 1814 4874 evestigio
1830 4809 1939 4872 super·

1150 4896 1289 4959 veniens
1313 4887 1486 4972 proposuit
1513 4910 1625 4957 coram
1640 4895 1747 4964 nobis,
1764 4893 1849 4972 quod
1871 4905 1938 4954 cum

1152 4993 1275 5055 dudum
1298 4994 1531 5069 procuratores
1555 4993 1698 5069 partium
1716 4992 1751 5054 in
1769 4987 1939 5070 praesentia

1153 5090 1371 5169 quorumdam
1384 5090 1523 5152 fratrum
1536 5092 1723 5158 nostrorum
1737 5089 1778 5152 de
1792 5087 1939 5150 mandato

1152 5190 1266 5250 nostro
1294 5188 1474 5251 tractarent
1503 5187 1543 5248 de
1568 5187 1739 5265 judicibus
1771 5183 1937 5263 eligendis,

1152 5283 1311 5362 prefatus
1328 5283 1591 5346 Autissiodoren.
1616 5283 1804 5346 nominatus
1818 5297 1838 5344 a
1853 5281 1939 5358 parte

1152 5381 1259 5459 ipsius
1271 5381 1397 5442 archid.
1407 5397 1472 5444 non
1484 5381 1689 5459 luitpropter
1698 5379 1856 5458 quasdam
1866 5391 1940 5438 cau·

1152 5495 1208 5542 sas
1219 5479 1418 5557 suspicionis
1435 5479 1610 5550 admissus,
1621 5477 1677 5540 sed
1691 5477 1798 5540 dictus
1809 5478 1938 5538 menn.

1152 5578 1326 5656 episcopus
1345 5577 1497 5655 receptus
1512 5576 1576 5637 fuit
1594 5590 1653 5652 pro
1667 5575 1766 5638 tertio
1776 5573 1887 5652 judice
1908 5569 1940 5628 ut

1152 5691 1225 5736 cum
1239 5675 1345 5736 altero
1368 5674 1512 5734 vestrum
1530 5672 1722 5750 procederet
1749 5673 1782 5734 in
1801 5669 1936 5744 negotio.
