3952 6294
88 413 135 472 521

420 585 529 674 XLII
554 639 557 652 ·

96 737 141 796 rid
153 735 329 798 sontum
344 737 495 814 ambian.
513 740 856 817 Mopdcburpenscm.

377 860 482 932 deept.
498 860 577 919 1110.

106 961 329 1026 [detodorbcodex
339 963 641 1030 diplomsmniarep,
648 967 680 1025 Il,
689 981 708 1026 1,
717 967 846 1034 nanee]

116 1063 146 1120 Ut
165 1063 212 1130 ll,
238 1065 372 1122 comitem
396 1064 537 1133 Ascania,
558 1067 837 1124 excommunicatum

324 1153 490 1211 solemniter
506 1154 625 1212 nuntiet.

117 1260 468 1338 llonoriusepiscopus
483 1277 602 1324 servus
617 1278 789 1325 servorum
800 1264 870 1336 Dei,

84 1357 323 1420 venerabilibus
339 1359 498 1422 fratribus
511 1359 764 1438 archiepiscopo
778 1362 873 1437 Mag-

83 1453 277 1532 deburgensi
301 1457 334 1518 et
364 1457 587 1534 suffraganeis
609 1461 693 1535 ejus,
718 1457 871 1521 salutem.

118 1555 268 1614 Pertuas
282 1552 380 1616 uobis
403 1555 545 1631 litteras,
566 1555 671 1617 irater
684 1555 872 1634 archiepis-

85 1666 169 1726 cope,
199 1651 384 1724 intimasti,
416 1652 503 1730 qnod
518 1669 618 1730 quum
633 1653 767 1732 quidam
783 1669 874 1714 com-

82 1748 243 1810 mensales
259 1749 380 1811 nobilis
403 1750 466 1811 viri
482 1753 534 1824 ll,
560 1751 692 1812 comitis
708 1752 877 1822 nscanlae,

82 1844 238 1906 adversus
264 1845 420 1909 dilectum
443 1847 585 1908 tilium...
601 1847 756 1910 abbatem
769 1850 874 1911 Nien-

82 1939 287 2016 burgensem,
306 1945 432 2006 nullam
446 1960 505 2021 pro
519 1961 555 2008 se
575 1959 710 2006 causam
726 1946 874 2007 inimici·

82 2041 874 2114 tiorumhabentes,eumdemabbatomorbassent

83 2138 200 2200 lumine
225 2140 399 2201 oculorum
423 2143 456 2202 et
474 2141 576 2218 imple
601 2141 823 2213 mutilassent,
838 2144 873 2204 tu

84 2236 442 2313 quiapraesumpttoues
455 2236 669 2298 validissimae
682 2253 722 2298 ac
736 2239 884 2300 nullate*

84 2347 138 2392 uus
152 2332 346 2410 palliabiles
358 2333 588 2406 ostendebant,
599 2333 633 2395 id
648 2332 771 2397 tactum
799 2349 873 2396 esse

83 2433 155 2492 nutu
185 2433 222 2494 et
249 2430 408 2494 mandato
441 2432 571 2494 comitis
607 2433 793 2504 memorati,
818 2432 874 2510 qui

83 2543 286 2602 gravescum
299 2528 419 2592 abbate
431 2529 504 2606 ipso
520 2528 643 2592 babere
667 2528 875 2606 dignoscitur

83 2628 290 2702 questiones,
304 2627 344 2688 de
355 2626 533 2689 multorum
549 2628 873 2715 episcoporumalip-

83 2725 874 2803 rumqueconsiliopraelatumcomitemetomues

84 2823 157 2884 tanti
183 2823 348 2885 facinoris
363 2821 574 2884 consiliarios
586 2822 620 2884 et
633 2824 786 2886 auctores
814 2839 875 2885 ex-

84 2921 339 2983 communicatos
350 2919 481 2998 publIee
487 2919 660 2982 nuntiasti.
671 2920 765 2984 Licet
775 2921 876 2997 igitur

84 3019 182 3080 nuntii
198 3019 281 3081 dicti
305 3019 447 3090 comitis,
464 3017 520 3096 qui
535 3034 595 3096 pru
612 3033 664 3090 eo,
689 3019 776 3096 quod
802 3022 874 3096 ejus

84 3118 309 3194 purgationem
335 3118 484 3194 recipere
513 3114 689 3188 renuebas,
728 3119 874 3179 nostram

84 3215 283 3294 audientiam
306 3215 570 3292 appellaverant,
591 3215 700 3290 ipsum
722 3213 875 3276 comitem

85 3328 176 3389 super
188 3314 255 3375 boc
267 3313 378 3376 eonati
390 3311 513 3374 luerint
526 3327 638 3374 coram
653 3312 749 3375 nobis
762 3312 878 3374 multi-

85 3410 206 3486 pliciter
221 3423 399 3484 excusare,
416 3411 493 3488 qnia
509 3413 622 3474 tamen
634 3412 773 3472 conatus
788 3411 877 3472 inel-

86 3506 163 3571 ticax
175 3499 290 3572 extitit
307 3507 510 3582 eorumdem,
521 3523 581 3569 nos
599 3508 707 3570 ratum
717 3507 876 3571 babentes

86 3606 210 3681 quodin
226 3607 293 3668 hac
305 3609 400 3684 parte
422 3603 543 3677 iecisti,
567 3604 778 3668 universitati
801 3621 877 3667 ves-

85 3699 138 3763 trae
151 3717 211 3778 per
222 3701 417 3778 Apostolica
430 3700 553 3776 scripta
572 3699 777 3772 mandamus,
789 3715 875 3776 qua-

86 3799 171 3860 leuus
179 3799 335 3861 eumdem
350 3798 505 3862 comitem
517 3799 550 3859 et
564 3797 648 3858 alios
660 3799 874 3874 praenotatos,

86 3895 199 3974 singuli
210 3912 275 3976 per
287 3895 438 3958 civitates
451 3899 484 3958 et
503 3894 663 3956 dioeoeses
688 3897 813 3957 vestras
836 3907 875 3955 ac

86 3991 143 4054 alia
158 3995 245 4068 loca,
262 3994 296 4054 in
310 3993 430 4071 quibus
444 3993 876 4070 videretisexpedire,can-

87 4088 160 4154 delis
172 4092 328 4156 accensis
341 4095 374 4154 et
389 4091 721 4169 pulsatiscampanis,
733 4088 875 4166 singulis

87 4187 192 4253 diebus
215 4189 434 4254 dominiciset
447 4188 586 4260 festivis,
599 4187 875 4249 excommunica-

87 4289 130 4348 tos
139 4289 335 4351 solemniter
348 4287 508 4350 nannetis
523 4288 557 4348 et
570 4285 702 4348 faciatis
718 4283 874 4362 usquead

87 4387 340 4451 satisfactionem
369 4385 567 4462 condignam
593 4385 717 4446 arctius
741 4381 876 4445 evitari.

88 4483 193 4546 Datum
202 4485 293 4564 apud
307 4483 608 4554 Urbemveterem,
622 4483 782 4544 lllnonas
793 4497 874 4558 sap·

87 4581 224 4658 tembris,
242 4597 334 4644 anno
346 4582 474 4660 quinto.

411 4743 538 4830 XLIII

5 4877 8 4888 '
90 4900 132 4956 aa
148 4899 287 4961 unates
300 4899 342 4958 aa
370 4897 614 4966 nausearent,
630 4897 670 4955 ce
693 4895 876 4956 nanosce-

122 4997 303 5057 rodestoc
320 4997 449 5068 Lepide
465 4993 585 5056 Sarute
598 4994 776 5054 Micboelts
797 4993 875 5052 Mo-

121 5095 256 5167 uunttnt
273 5093 307 5154 et
321 5092 625 5154 Helberstodensts
647 5092 843 5151 obscenum.

346 5215 363 5272 3
382 5221 503 5288 septem.
521 5191 606 5270 1110.

186 5328 368 5394 [Wundtwein.
383 5328 454 5380 Nova
467 5326 592 5386 subsidias,
604 5333 623 5378 1.
637 5325 680 5386 tv,
695 5327 760 5393 ill]

91 5425 194 5488 Laudat
208 5439 238 5488 ut
254 5429 399 5503 inquirant
413 5425 556 5502 quomodo
566 5426 679 5485 litteras
703 5424 792 5484 falsae
812 5440 876 5483 con·

121 5526 158 5575 na
170 5520 312 5588 abbatem,
322 5518 462 5576 malitiose
475 5513 630 5585 coniectas,
648 5516 773 5572 munitas
788 5513 876 5571 luisse

122 5609 210 5682 sigillo
227 5607 404 5667 monasterii.

127 5737 288 5799 Honorius
297 5733 472 5813 episcopus
485 5748 602 5794 servus
616 5746 788 5793 servornm
803 5731 873 5801 Dei,

701 419 929 481 EPISTOLAE.
954 423 1031 482 LIB.
1057 423 1093 480 V.

1569 460 1570 466 κ
1664 425 1723 488 522

926 578 967 642 de
982 580 1241 644 Walckenred...
1257 584 1299 644 de
1325 582 1585 646 Wolkolderode
1596 586 1665 646 et...
1680 583 1722 644 de

927 679 1051 754 Lepide
1068 681 1100 740 S.
1118 679 1293 742 Michaelis
1308 682 1456 757 Mogunt.
1465 684 1497 743 et
1511 681 1718 744 Helberstad.

927 774 1022 836 dioec.
1039 775 1225 850 abbatibus,
1247 778 1399 850 salutem,
1425 780 1489 841 eto.

967 875 1016 934 Ex
1031 875 1125 951 parte
1147 874 1343 936 dilectorum
1369 875 1514 938 tiliorum
1539 878 1722 940 conventus

928 968 1469 1046 Nienburgensisuobisestoblata
1479 974 1626 1052 querela,
1635 974 1722 1053 quod

928 1068 988 1127 G...
997 1067 1176 1130 lumelden.
1187 1069 1386 1146 praepositus
1396 1070 1613 1148 magdeburg.
1622 1072 1719 1132 dioec.

928 1163 1010 1224 duos
1028 1167 1207 1228 monachos
1220 1167 1273 1228 sui
1288 1170 1492 1238 monasterii,
1502 1185 1563 1247 per
1573 1169 1720 1232 circum-

927 1263 1094 1324 ventionis
1118 1263 1284 1336 astutiam,
1312 1265 1399 1326 adid
1423 1265 1651 1330 fraudulenter
1664 1267 1720 1328 in-

928 1360 1033 1432 duxit,
1043 1361 1129 1438 quud
1139 1361 1296 1442 sigillum
1306 1363 1436 1439 praelati
1452 1365 1645 1427 monasterii
1657 1364 1721 1426 sibi

928 1457 1079 1519 clanculo
1100 1463 1346 1532 concesserunt,
1369 1477 1445 1522 cum
1469 1478 1534 1539 quo
1559 1463 1719 1540 quasdam

929 1554 1410 1628 talsaslitteras,nomine-dieti
1425 1560 1620 1632 conventus,
1637 1575 1719 1623 eon-

928 1653 980 1714 tra
1005 1654 1154 1732 ipsorum
1183 1654 1344 1717 abbatem
1361 1656 1529 1719 malItiose
1555 1657 1753 1720 coniectas-

928 1751 1078 1826 sigillare
1092 1754 1321 1830 praesumpsit3
1338 1755 1574 1834 propterquod
1589 1770 1725 1819 venera·

928 1847 1004 1910 bilis
1019 1848 1248 1914 fraternoster
1269 1851 1565 1930 Magdeburgensis
1589 1853 1723 1916 archie-

928 1946 1093 2024 piscopus,
1111 1947 1320 2010 dioecesanus
1344 1949 1421 2022 loci,
1451 1952 1725 2012 excommunica,

928 2043 1027 2106 tionis
1050 2046 1248 2107 sententIam
1272 2046 1307 2107 iu
1326 2062 1441 2108 omnes
1465 2048 1563 2124 binus
1583 2049 1720 2111 malitiae

928 2142 1317 2220 consciosprornulgavit.
1329 2146 1437 2216 Quare
1444 2146 1628 2208 conventus
1640 2161 1724 2223 prae·

928 2240 1720 2320 dictusnobishumilitersupplicavitutpraetatIs

929 2337 1111 2409 monacbis,
1128 2337 1208 2400 dicti
1225 2339 1392 2416 praepositi
1409 2340 1591 2404 calliditate
1607 2341 1722 2420 decep·

928 2435 983 2508 tls,
1001 2435 1160 2497 facientes
1182 2435 1380 2498 beneficium
1411 2436 1631 2501 absolutionis
1655 2438 1722 2500 im-

930 2533 1039 2610 pendi,
1065 2534 1174 2596 eidem
1208 2535 1386 2612 praeposito
1421 2535 1555 2613 dignam
1590 2552 1721 2614 poenam

930 2631 1083 2708 indigere
1102 2631 1327 2709 dignaremur.
1345 2633 1507 2706 Quocirca
1528 2633 1722 2697 discretioni

929 2730 1049 2790 vestrae
1077 2745 1138 2806 per
1163 2730 1353 2806 Apostolica
1370 2731 1493 2808 scripta
1515 2731 1721 2804 mandamus,

930 2829 1092 2903 quatenus
1119 2827 1256 2899 vocatis,
1272 2828 1328 2904 qui
1355 2826 1479 2890 tuerint
1499 2829 1673 2902 evocandi,
1688 2831 1722 2892 et

929 2924 1088 3002 inquisita
1108 2939 1208 3001 super
1233 2924 1287 2986 his
1309 2925 1502 3002 diligentius
1526 2926 1677 3000 veritate,
1694 2927 1724 2990 si

929 3020 1023 3083 vobis
1037 3021 1224 3083 constiterit
1238 3020 1725 3096 remtalitersebabere,dictos

930 3119 1111 3180 monachos
1139 3110 1315 3180 mittendos
1345 3119 1386 3181 ad
1419 3119 1593 3196 praefatum
1609 3119 1723 3182 archi·
1810 3149 1816 3152 -

932 3217 1121 3294 episcopum
1157 3215 1396 3288 absolvendos,
1426 3217 1515 3280 dioto
1548 3219 1726 3296 praeposito

930 3328 1069 3393 poenam
1095 3315 1301 3387 canonicam,
1335 3315 1465 3377 sublato
1489 3316 1723 3394 appellationis

931 3411 1113 3485 obstaculo,
1123 3412 1295 3489 infligatis.
1306 3413 1397 3486 Quod
1411 3413 1440 3474 si
1455 3429 1521 3476 non
1532 3429 1647 3477 omnes
1660 3417 1723 3478 etc.

931 3513 1049 3573 Datum
1064 3510 1152 3589 apud
1169 3511 1290 3572 Urbem
1298 3512 1455 3584 vaterem,
1474 3513 1519 3573 ΙΙΙ
1531 3528 1638 3574 nonas
1654 3527 1726 3592 sep·

931 3607 1083 3680 tembris,
1093 3609 1306 3686 pontificatus
1316 3610 1422 3672 nostri
1435 3623 1524 3672 anuo
1535 3610 1661 3688 quinto.

1267 3741 1392 3828 XLIV

1221 3877 1272 3936 Ad
1284 3877 1431 3938 eosdem.

1184 3988 1201 4046 3
1220 3987 1471 4062 septennatim

1162 4093 1340 4158 [Wurdtweim
1355 4093 1372 4143 I.
1388 4108 1409 4144 c.
1425 4093 1491 4162 lla]

932 4187 973 4243 lle
982 4184 1135 4258 preposite
1151 4184 1281 4242 ecclesia
1293 4181 1528 4242 lumeldenslsde
1547 4183 1726 4244 mutilatione

966 4271 1312 4345 abbatisNtenuurgausis
1323 4281 1351 4330 et
1362 4272 1474 4346 publice
1491 4271 1628 4331 infamato
1647 4288 1732 4331 lituu-¹

966 4360 1015 4419 dat
1025 4369 1056 4421 ut
1071 4361 1255 4436 inquirente
1274 4361 1432 4420 constiterit
1446 4360 1534 4419 luisse
1544 4359 1726 4436 culpabilem,

965 4450 1002 4508 de
1013 4451 1199 4525 praepositura
1211 4455 1388 4507 removeant.

971 4551 1139 4613 Honorlus
1148 4550 1455 4628 episcopusservus
1469 4564 1641 4613 servorum
1650 4551 1723 4626 Del,

931 4648 1061 4712 dilectis
1075 4648 1189 4710 tiliis...
1207 4647 1247 4709 de
1265 4649 1522 4710 Wntolvenred...
1535 4647 1576 4710 de
1594 4651 1726 4712 Volbol·
1784 4663 1788 4672 ’

931 4749 1056 4811 darom
1069 4746 1154 4808 etde
1174 4745 1298 4824 Lapide
1314 4747 1350 4808 S.
1375 4747 1553 4810 Michaelis
1577 4747 1725 4824 Mogunt.

931 4847 964 4908 et
978 4843 1186 4908 Helberstad.
1208 4843 1303 4905 dioec.
1322 4841 1507 4917 abbatibus,
1526 4843 1669 4907 salutem
1695 4847 1728 4907 et

931 4943 1147 5024 apostolicam
1160 4941 1438 5004 berredictionem.

972 5043 1021 5103 Ex
1033 5042 1126 5120 parte
1141 5039 1336 5102 dilectorum
1352 5038 1533 5127 tiliorum...
1555 5037 1684 5103 abbatis
1697 5042 1730 5104 et

931 5141 1113 5202 conventus
1148 5137 1416 5214 Nienburgensis
1435 5135 1498 5199 init
1522 5137 1728 5216 propositum

932 5253 1043 5299 coram
1059 5235 1158 5298 noble
1184 5235 1271 5314 quod
1293 5250 1371 5297 curn
1384 5235 1417 5295 G.
1440 5233 1590 5296 ecclesiae
1606 5234 1730 5297 lumel-

932 5335 1043 5397 densis
1074 5334 1292 5413 praepositus,
1321 5329 1534 5408 Magdeburg.
1563 5331 1729 5408 dioecesis,

931 5433 1183 5510 praeposituram
1201 5430 1306 5508 ipsam
1323 5427 1502 5492 obtineata
1526 5433 1730 5495 monasterio

931 5530 1133 5603 eorumdem,
1159 5525 1447 5606 idemhujusmodi
1471 5523 1626 5592 beneficii
1648 5530 1729 5592 alia·

931 5645 1071 5708 rumque
1109 5627 1286 5689 multarum
1332 5624 1559 5704 isupensarum
1600 5627 1663 5690 sibi
1711 5647 1730 5692 a

932 5728 1134 5793 monasterio
1161 5727 1342 5788 memorato
1367 5723 1542 5788 immemor
1568 5727 1600 5788 et
1616 5725 1731 5809 ingra-
