4090 6316
120 303 127 316 ,
241 289 280 348 39
862 275 1039 336 arenosus
1061 275 1105 336 111
1128 273 1274 337 ornan.
1853 274 1893 350 ⁴0.

242 448 275 508 et
289 459 368 507 euos
382 433 538 507 dicehant
560 437 752 518 conjudices
761 431 981 514 impetrasse,
1002 433 1050 496 de‘
1075 435 1081 458 ²
1096 431 1269 494 horatione
1284 432 1456 505 aetnam,
1469 427 1895 508 ut-aenstanttnopennna

242 543 471 605 reservatione
497 541 571 619 ipsa
595 535 791 600 nonhahita
812 531 992 606 mentione,
1007 532 1043 592 iu
1097 530 1186 594 sedis
1203 530 1355 602 antistes,
1372 531 1545 606 postquam
1567 545 1587 592 a
1609 533 1759 595 Romam
1779 531 1898 602 Ponti-

241 641 487 720 possessionem
512 639 692 701 decanatus
720 634 826 712 ipsius
847 631 1044 694 inducerent
1097 627 1160 690 ilce
1187 627 1353 704 receperit
1380 628 1533 704 pallium,
1556 627 1644 705 qued
1669 628 1721 692 est
1745 627 1896 705 plenitu-

244 739 522 815 delenderentque
548 727 730 796 inductum.
768 731 924 794 Partibus
939 729 1044 806 igitur
1097 725 1185 786 diuis
1212 725 1313 786 officii
1341 725 1540 801 pontificalis
1568 725 1716 801 insigne,
1743 726 1896 802 praestito

242 839 278 899 in
292 837 400 913 ipsius
415 829 543 896 ablatis
569 835 601 894 S.
630 830 776 893 Victoris
790 831 823 892 et
838 825 1048 904 collegarum
1096 821 1161 884 sihi
1180 822 1350 886 fidelitatis
1368 825 1403 886 et
1422 821 1622 890 omdteutiae
1638 825 1832 899 iuramento
1846 824 1900 886 ti-

243 948 379 994 suorum
394 930 571 1008 praesentia
587 927 786 998 constitutis,
802 941 844 988 ex
859 925 953 1002 parte
963 921 1043 987 dicti
1097 925 1211 982 center
1228 919 1543 996 suissua‘raaaneis
1560 920 1900 998 palliumlargiatur,
1972 999 1973 1002 Ἴ

242 1029 412 1108 praepositi
425 1030 458 1090 et
471 1021 691 1088 coelectorum
704 1022 1045 1098 suorumiuitpropo-
1097 1017 1265 1096 recipiens
1284 1033 1344 1094 pro
1366 1034 1404 1081 se
1427 1017 1671 1094 professionem
1686 1018 1897 1092 canonicam,

242 1119 1047 1201 situmcoram-eisauodauctoritatelitterarum·
1074 1109 1130 1178 tet
1152 1131 1212 1193 pro
1237 1119 1388 1178 Romana
1410 1116 1559 1182 Ecclesia
1580 1116 1797 1194 sponsionem-
1813 1116 1897 1178 olte-
1973 1115 1982 1130 '

242 1221 432 1302 hujusmodi
447 1221 626 1300 procedere
652 1215 897 1297 non'poterant
916 1215 1043 1295 inipso
1074 1211 1233 1276 diense
1261 1213 1310 1274 ah
1334 1213 1477 1286 eisdem,
1511 1213 1705 1279 discretioni
1740 1215 1810 1288 tua
1835 1229 1897 1292 per

242 1323 391 1399 negotio,
414 1333 477 1383 neo
501 1319 678 1386 dehehaut.
702 1335 746 1380 ec
772 1317 858 1395 quod
880 1331 952 1392 per:
966 1313 1042 1375 falsi
1073 1311 1287 1399 zapostolica
1322 1311 1445 1388 scripta
1478 1311 1691 1385 mandamus,
1710 1330 1713 1338 ·
1729 1313 1896 1390 quamnus

242 1421 489 1497 suggestionem
511 1415 857 1494 impetrataeiaerant,
878 1413 939 1476 tah
952 1412 1045 1474 reri-v
1096 1408 1204 1476 eidem
1231 1408 1501 1486 archiepiscopo,
1528 1424 1632 1486 :quem
1661 1425 1705 1474 su
1724 1409 1895 1486 praetuta

242 1517 423 1580 tutatacita
439 1531 511 1593 quae
532 1529 690 1592 expressa
701 1513 893 1576 nullatenus
903 1510 1045 1572 tuissent
1096 1517 1198 1570 eausa
1220 1505 1395 1570 dumtaxat
1418 1521 1527 1583 super*
1548 1523 1612 1568 usu
1632 1506 1756 1584 recepti
1780 1507 1895 1568 taliter

244 1609 397 1686 obtentae,
413 1629 488 1675 oum
499 1613 600 1675 etiarn
613 1605 733 1674 litterae
742 1612 827 1688 ipsae
851 1625 918 1672 nou
932 1609 1044 1670 essent
1072 1609 1073 1616 ’
1095 1603 1191 1681 pallii
1215 1603 1370 1672 nolumus
1390 1602 1560 1680 impediri,
1587 1603 1700 1666 utendi
1723 1620 1766 1678 eo
1786 1603 1893 1680 lihere

246 1712 663 1775 revocatoriaelitterarurn
675 1707 715 1770 ad
728 1705 900 1786 praeiatum
913 1705 1043 1770 neena
1072 1699 1073 1778 f
1095 1700 1890 1776 athasrmuttatemnetummtermi,1vttan

247 1812 376 1872 tensam
386 1813 419 1872 et
429 1825 507 1874 suos
518 1809 709 1886 conjudices
720 1819 820 1884 super
828 1807 901 1883 ipso
909 1805 1043 1881 negotio
1072 1881 1073 1886 ἵ
1095 1797 1490 1876 novempalitana
1503 1799 1610 1870 nostri
1624 1801 1837 1876 annatertic.
1853 1821 1858 1876 j

247 1899 1044 1982 cannarum:·qoaeomntahiatuspraepositutiet
1123 1914 1125 1940 ²
1178 1929 1181 1934 Δ
1229 1927 1232 1937 ·
1340 1947 1342 1954 ,
1497 1929 1501 1958 ;
1542 1931 1576 1948 ··
1732 1933 1754 1957 ,η

247 2018 326 2082 pars
336 2008 410 2082 ejus
422 2003 568 2079 legitime
583 1997 724 2080 probare
736 1999 901 2063 solebant
919 2002 1042 2061 verum
1400 1957 1567 2047 Ι»ΧΧΧῙῙ
1615 2059 1618 2064 ,
1750 2040 1755 2068 ,

245 2104 322 2180 quia
334 2097 529 2163 executores
539 2101 604 2178 ipsi
614 2101 826 2178 exceptiones
835 2101 869 2160 et
878 2095 1043 2175 probatio*
1095 2093 1148 2155 Ad
1172 2094 1378 2168 episcopm,
1393 2095 1573 2162 ,decanam
1597 2093 1646 2164 ct¹
1660 2094 1891 2166 momentu

246 2217 305 2262 nes
326 2215 442 2262 eorum
459 2200 626 2274 legitimas
641 2197 816 2259 admittere
835 2194 1042 2271 denegabant
1355 2192 1633 2272 aurelianenses.
1688 2209 1705 2230 ··
1726 2215 1731 2241 t

242 2293 606 2360 nostramaudientiam
619 2294 879 2372 appellaverunt.
888 2296 931 2355 nt
940 2291 1041 2355 iidem
1180 2319 1235 2350 w·
1373 2301 1613 2362 temanitis.
1668 2305 1705 2336 ’κ
1815 2308 1818 2316 ·

242 2397 453 2466 executorue,
477 2393 624 2470 legitima
648 2393 796 2469 ipsorum
818 2390 1042 2468 appellatione
1070 2383 1071 2386 ’
1098 2397 1366 2466 ¹⁴[tragacantha-
1376 2399 1571 2464 assectans.
1583 2400 1750 2455 aaronem
1761 2401 1870 2466 luent,

242 2491 428 2570 contempta
436 2489 795 2553 excommunicationis
802 2489 838 2550 in
845 2503 903 2554 eas
911 2487 1041 2550 senten·
1094 2502 1131 2561 tlt
1144 2498 1222 2574 qmd
1236 2512 1322 2572 snper
1337 2495 1532 2571 praehenda-et
1549 2498 1783 2558 archidiaconatu
1798 2501 1889 2560 deso·

241 2590 323 2652 tiam
334 2587 737 2666 promulgaveruntalias
751 2586 841 2664 ipsos
853 2585 1041 2662 multiplici·
1111 2593 1196 2648 nco.
1220 2587 1429 2648 remordentur
1442 2586 1547 2652 assde
1559 2587 1724 2661 npesotm
1742 2586 1795 2648 iult
1812 2587 1890 2654 ‚diiii-

240 2689 292 2750 ter
301 2687 533 2764 aggravantes
547 2679 708 2758 Quocirca
719 2677 1041 2746 discretioniuestrae
1128 2678 1230 2744 citum,
1244 2676 1391 2741 ohoerrari
1405 2674 1523 2748 sectile
1565 2741 1568 2748 .
1766 2731 1768 2740 .

241 2775 1037 2864 parapostolicascriptamandaruu's,acaunus,
1117 2784 1890 2862 ›Honorius,etc.,cpisoopo,etdtlectirdliis...

242 2881 271 2945 si
283 2883 378 2946 robis
391 2880 578 2944 constiterit
589 2877 643 2942 Ide·
653 2879 848 2958 praemissis,
864 2895 884 2940 a
901 2879 1041 2956 praelato
1093 2881 1236 2956 decano,¹
1246 2880 1523 2944 et....suhdeoeno
1533 2882 1762 2954 aurelianen..
1778 2883 1842 2948 eto.
1861 2895 1866 2948 ξ

240 2981 419 3059 praeposito
440 2981 478 3042 et
491 2979 677 3040 sociissuis
690 2975 871 3040 sufficienti
882 2974 1040 3042 aunone
1123 2983 1213 3042 dum
1234 2983 1338 3058 super
1354 2977 1549 3056 :prebenda
1562 2980 1597 3042 et
1616 2979 1891 3046 archidiaconatu

239 3081 384 3156 recepta,
399 3077 484 3155 quod
498 3077 657 3154 cupariis
677 3091 737 3152 pro
761 3069 1040 3153 putum-excom
1094 3079 1259 3151 senonen,
1282 3077 1632 3141 arcesseremusne
1649 3077 1792 3140 adversa
1810 3077 1890 3142 olim

240 3175 400 3238 manicati
430 3175 532 3236 luisse
556 3175 746 3236 noscuntur.
760 3174 831 3249 juri
860 3169 1040 3248 parebant,
1092 3175 1234 3238 luissent
1248 3175 1416 3254 proposita
1426 3181 1540 3238 conam
1551 3175 1656 3248 nohis,
1672 3177 1889 3238 Pr-Seuoueu.

240 3275 366 3337 eisdem
377 3274 475 3351 juxta
485 3267 627 3332 immam
638 3271 796 3332 ecclesie
818 3269 1039 3331 absolutionis
1092 3272 1892 3350 canonicoprucuratorerenerehnlsaetnaeos·

237 3369 438 3450 impendatis
458 3365 661 3432 heneficium
675 3367 718 3430 ad
738 3367 914 3439 amiciam,
931 3368 975 3440 et,
998 3367 1039 3428 de
1091 3370 1199 3432 tri.....
1240 3373 1405 3442 senonem
1424 3369 1678 3448 'arciriepiscopi
1690 3407 1692 3410 -
1706 3371 1889 3443 asserente,

237 3465 588 3546 appellationisoausa
610 3465 759 3542 legitime
786 3459 1035 3541 cognoscentes,
1092 3467 1439 3546 quodoiteotusnhus
1453 3467 1892 3532 tsenouenarchidiaoo-

239 3567 402 3628 sidiotam
415 3557 769 3628 excommunicationis
783 3557 1041 3624 sententiamin·
1092 3582 1156 3638 nus
1180 3565 1259 3628 olim
1283 3565 1467 3642 resignavit
1487 3567 1675 3642 utrumque,
1699 3581 1737 3626 ¹stc
1758 3564 1793 3626 in
1816 3566 1889 3644 ipsa

239 3664 400 3726 veneritis
411 3665 485 3740 post
492 3661 751 3739 appellationem
766 3661 807 3721 ad
819 3675 883 3722 nos
891 3655 1039 3736 legitime
1092 3663 1317 3740 resignatione
1328 3665 1405 3726 roto
1419 3662 1473 3725 uel
1481 3663 1671 3740 jnramento
1685 3663 1889 3739 astmngens,

239 3761 472 3840 interpositam
482 3775 556 3821 esse
571 3759 684 3830 latam,
697 3751 895 3822 resocatoin
905 3757 1038 3820 irritum
1093 3763 1179 3840 quod
1189 3777 1231 3823 ea
1243 3761 1284 3823 de
1294 3759 1768 3838 oaemrosinedlspensatione
1778 3765 1890 3838 Apos-

239 3857 398 3938 quidquid
414 3858 487 3935 post
499 3855 757 3934 appellationem
774 3856 882 3933 ipsam
897 3855 1040 3922 iavene-
1091 3859 1193 3921 tolioa
1204 3875 1275 3921 uon
1287 3859 1462 3936 reciperet,
1475 3857 1529 3919 vel
1540 3859 1679 3926 maeret,
1694 3858 1766 3934 ipso
1778 3861 1891 3922 autem

238 3957 314 4018 ritis
329 3971 501 4032 perperam
516 3955 724 4026 attentatum,
746 3953 925 4030 inquiratis
940 3948 1040 4030 super
1092 3957 1342 4030 archidiacono,
1360 3956 1446 4035 quod
1460 3955 1502 4018 de
1514 3957 1605 4024 voto,
1627 3955 1681 4016 vel
1698 3957 1890 4033 iuramento

240 4068 398 4132 processu
424 4053 527 4113 totius
553 4052 678 4126 negotii
701 4051 895 4126 diligentius
910 4051 1039 4112 verita·
1093 4054 1301 4132 praemissum
1314 4052 1890 4126 estinsinuanteomnino,acstiam

238 4155 317 4224 tem,
348 4151 381 4212 et
401 4163 537 4210 causam
562 4147 767 4208 sufficienter
787 4148 982 4210 instructam
997 4148 1039 4210 ed
1093 4149 1279 4214 affirmante
1293 4149 1722 4228 quadrareraprehendam
1735 4151 1891 4229 ipsamet

239 4251 387 4312 nostram
400 4245 612 4324 praesentiam
626 4243 814 4317 remittatis,
828 4244 1039 4321 praefigentes
1093 4249 1402 4311 archidiaconatum
1424 4247 1621 4326 simpliciter
1644 4248 1840 4326 resignavit,
1857 4250 1891 4311 et

240 4346 390 4425 partibus
398 4345 577 4409 terminum
592 4343 831 4420 competentem
846 4357 911 4419 quo
925 4343 1039 4406 nostro
1093 4346 1300 4424 postmodum
1315 4363 1374 4424 per
1388 4347 1540 4409 eumdem
1550 4345 1839 4424 archiepiscopum
1849 4347 1891 4409 de

241 4460 277 4505 se
288 4443 478 4520 conspectui
487 4443 737 4520 repraesentent,
745 4439 832 4518 quod
843 4439 1040 4502 canonicum
1094 4447 1235 4522 utroquo
1256 4443 1319 4506 luit
1336 4444 1371 4506 in
1395 4445 1559 4506 senonen.
1585 4443 1731 4521 capitulo
1750 4443 1891 4508 incoad-

240 4541 351 4612 luent,
364 4543 499 4602 auctore
509 4541 660 4612 Domino,
679 4538 863 4615 recepturae
874 4553 881 4598 :
892 4535 1039 4614 alioquin
1092 4545 1161 4618 tus;
1179 4541 1256 4619 quia
1269 4557 1369 4618 super
1390 4541 1442 4602 his
1457 4541 1554 4602 nohis
1568 4555 1635 4603 non
1649 4542 1780 4618 peterat
1793 4543 1890 4620 plens

242 4640 353 4716 partes
368 4638 408 4699 ad
420 4635 633 4714 praefatorum
650 4639 683 4698 s.
701 4637 844 4699 Victoris
862 4635 993 4698 ahhatis
1008 4639 1041 4697 et
1093 4641 1258 4714 constare,
1282 4656 1342 4717 per
1366 4639 1505 4702 dilectos
1527 4637 1614 4700 illios
1629 4637 1781 4701 abbatem
1797 4641 1891 4702 Prae-

242 4737 444 4812 collegarum
460 4749 595 4795 suorum
607 4733 847 4796 Parisiensium
863 4732 1040 4796 remittatis
1093 4740 1308 4800 monstraten.
1336 4739 1370 4798 et
1452 4735 1724 4798 archidiaconum
1751 4739 1887 4799 Remen.

242 4849 396 4896 examen.
410 4833 528 4894 Datum
539 4830 695 4892 Laterani
705 4833 748 4893 VI
757 4831 824 4892 ital.
838 4831 1037 4904 novemhris,
1092 4835 1266 4899 variatam
1280 4834 1419 4896 tacimus
1432 4831 1567 4910 inquiri.
1583 4833 1796 4896 Postmodum
1808 4851 1889 4898 vero

243 4930 454 5011 pontificatus
468 4929 573 4992 nostri
588 4943 676 4990 auno
687 4929 800 4990 tertio.
1005 4969 1008 4977 -
1092 4932 1283 4996 constitutis
1296 4933 1330 4992 in
1344 4931 1521 5010 praesentia
1539 4931 1654 4992 nostra
1666 4933 1710 4992 ld.
1727 4947 1890 5008 procura-

578 5051 704 5140 XXXI
782 5065 786 5072 ·
1091 5032 1164 5093 tore
1185 5027 1437 5106 archiepiscopi,
1462 5029 1495 5090 et
1512 5027 1542 5090 J.
1559 5028 1796 5092 archidiacono
1818 5045 1890 5094 me-

1093 5129 1232 5202 morato,
1247 5128 1324 5206 quia
1340 5143 1399 5204 per
1413 5125 1519 5203 ipsam
1539 5123 1788 5204 inquisitionem
1804 5129 1889 5191 nihil

522 5283 557 5342 ²9
606 5279 653 5338 th
679 5281 748 5340 ¹²18
1093 5225 1282 5290 invenimus
1295 5227 1410 5288 contra
1425 5221 1598 5302 praelatum
1614 5223 1888 5288 archidiaconum

284 5371 423 5438 [naynata
437 5371 529 5422 mah
540 5296 677 5422 eeffias't·
690 5370 722 5420 aa
734 5323 830 5419 annum
842 5367 911 5428 mg,
924 5367 998 5434 tas]
1092 5324 1295 5388 sufficienter
1308 5337 1382 5384 csse
1393 5321 1577 5399 probatum,
1589 5323 1622 5383 et
1634 5321 1675 5386 de
1688 5321 1888 5387 investitura

239 5453 275 5511 lli
294 5452 412 5512 mandat
431 5459 463 5510 ut
484 5449 675 5510 corinthiensi
699 5449 917 5524 archiepiscopo
941 5447 1039 5507 utendi
1093 5418 1357 5533 Pl'aedisstaliilhis
1372 5416 1806 5528 ⁰⁰¹1⁵tifflevif¹⁰¹lt³¹¹³ifllfl
1821 5421 1889 5483 ‘1¹0-

440 5532 528 5605 pallio
543 5531 647 5589 tribuat
661 5530 836 5588 facultatem.
1090 5521 1162 5581 tum
1181 5517 1453 5581 archadraconum
1468 5513 1675 5597 [accepisse],
1690 5513 1731 5578 de
1743 5517 1885 5581 oonsilio

282 5627 362 5686 Cum
378 5624 412 5685 in
428 5621 576 5699 generali
590 5621 739 5684 Concilio
752 5620 889 5697 provida
903 5620 947 5682 sit
958 5617 1040 5681 deli·
1092 5617 1234 5680 iratrtnu
1268 5619 1459 5678 nostrorum
1495 5613 1601 5677 eidem
1636 5615 1887 5696 archiepiscopo

261 5183 314 5244 Ad
333 5177 748 5254 constantinopoatanom
765 5177 1017 5256 patriarcham.
