3946 6304
65 333 116 395 soa
208 289 210 295 ’
674 322 902 388 urrsronm.
926 328 1003 387 nm.
1028 324 1066 388 v.

1633 331 1693 392 506

67 491 184 570 quidam
197 483 372 555 somniant,
387 489 422 548 te
434 484 550 548 contra
565 501 704 562 regnum
721 487 841 546 Arme·
897 487 965 548 tras
984 501 1058 549 cum
1078 483 1229 547 omnibus
1241 484 1348 557 bonis,
1366 503 1439 564 qliae
1453 487 1487 548 in
1498 490 1695 565 praesentia-

66 586 211 650 uiaerelle
226 601 317 647 arma
332 599 484 659 movere3
501 600 576 646 cum
587 584 844 645 credamustan-
897 583 1418 660 rumrationabiliterpossidetis,
1431 586 1489 647 aut
1502 584 1691 648 infuturum

66 689 121 749 tam
143 699 213 745 esse
234 683 269 743 in
292 683 388 757 regia
410 681 589 743 serenitate
619 679 840 758 prudentiam,
892 681 992 757 justis
1007 681 1122 752 modis,
1131 681 1324 755 stonsque
1336 683 1546 759 suscipimus.
1561 684 1692 760 Specia·
1760 745 1764 750 .

67 781 324 861 quodperspioue
347 776 455 850 rides,
473 779 630 855 quantum
646 777 841 854 periculum,
897 777 974 838 liter
998 777 1107 838 autem
1128 793 1179 849 ea,
1208 793 1279 854 quas
1306 777 1428 840 nobilis
1452 780 1504 841 vir
1529 783 1691 853 Herveus,

68 881 175 956 quanta
192 879 336 954 jactura,
362 877 484 952 quanta
510 874 661 937 conlusio
688 890 749 951 per
781 872 843 934 hoc
897 890 1007 937 comes
1026 876 1222 947 Nivernen.,
1247 879 1279 936 et
1302 876 1468 936 Mactildis
1495 891 1581 937 uxor
1606 880 1691 954 ejus,

67 975 185 1039 evenire
197 973 308 1052 posset
322 973 474 1036 fidelibus
490 973 677 1036 constitutis
693 972 727 1032 in
744 971 844 1048 parti·
897 973 1001 1034 vestri
1016 972 1208 1033 monasterii
1222 971 1423 1045 fundatores,
1439 973 1545 1034 eidem
1559 973 1693 1051 pietatis

68 1075 119 1134 bus
140 1071 293 1141 Orientis,
310 1087 349 1132 ac
362 1071 420 1132 toti
441 1069 561 1148 populo
577 1069 782 1141 Christiano,
811 1067 845 1130 et
898 1069 1020 1131 intuitu
1043 1069 1264 1140 contulerunt,
1286 1071 1372 1132 sicut
1387 1087 1426 1132 ea
1438 1071 1528 1147 juste
1541 1087 1580 1131 ac
1597 1072 1693 1148 paci-

70 1168 212 1246 quantum
219 1167 419 1244 Apostolicae
435 1164 522 1237 Sodi,
539 1166 572 1228 et
587 1164 752 1226 universis
767 1163 845 1224 tide-
898 1161 1154 1240 ficepossidetis,
1169 1165 1202 1225 et
1212 1161 1247 1224 in
1259 1179 1373 1225 eorum
1389 1165 1695 1226 litterisoontinen-

69 1266 142 1326 libus
151 1264 182 1325 te
193 1264 349 1326 redderes
360 1262 522 1334 odiosum,
535 1262 565 1322 si
579 1278 667 1323 nunc
679 1261 779 1323 totius
789 1276 845 1323 or·
898 1263 964 1333 tur,
980 1261 1076 1322 vobis
1096 1262 1130 1323 et
1157 1277 1217 1338 per
1239 1277 1297 1323 ros
1313 1263 1377 1338 ipsi
1393 1263 1592 1324 monasterio
1611 1279 1695 1324 con-

67 1363 109 1425 bis
130 1361 307 1424 ChrIstIani
318 1359 445 1423 viribus
469 1375 529 1437 pro
554 1375 714 1420 succursu
729 1359 798 1431 tue,
811 1360 845 1420 et
899 1359 1079 1432 firmamus,
1108 1360 1141 1420 et
1171 1359 1344 1437 praesentis
1378 1359 1493 1436 scripti
1512 1361 1696 1437 patrocinio

68 1463 165 1522 Terrae
180 1460 311 1521 Sanctae
322 1459 503 1530 concussis,
519 1458 556 1519 tu
571 1455 737 1518 communi
752 1455 846 1517 utili-

67 1559 123 1620 ute
134 1555 318 1634 posthabita
333 1554 523 1618 intenderes
534 1553 684 1631 speclali,
698 1570 770 1631 quae
780 1552 844 1614 nisi

70 1654 219 1716 communi
235 1653 386 1730 promota
400 1651 552 1726 feliciter,
566 1667 633 1713 non
653 1652 764 1728 posset
778 1653 847 1714 sta-

68 1751 373 1828 illiterpromoveri.

98 1849 182 1911 Licet
195 1848 298 1924 igitur
312 1846 529 1915 confidamus,
542 1846 629 1924 quod
640 1846 755 1908 tubaec
771 1861 848 1923 pru·

64 1945 358 2014 denterattendens,
373 1943 514 2006 evitabis
527 1944 652 2020 aliquid
671 1945 844 2016 attentare,

68 2059 116 2120 per
136 2042 216 2120 quod
245 2042 356 2120 perire
380 2058 420 2103 ac
446 2042 603 2102 evacuari
625 2040 736 2118 posset
759 2041 847 2101 totus

69 2141 158 2212 labor,
182 2156 280 2217 quem
314 2139 476 2201 hactenus
511 2154 570 2216 pro
593 2141 696 2200 Terra
726 2137 848 2198 Sancta

64 2237 155 2300 subiit
178 2238 319 2314 populus
351 2236 573 2307 Christianus,
600 2234 848 2297 exabundanti

14 2333 16 2340 ⁴
69 2335 163 2394 tamen
178 2333 237 2394 sub
248 2333 383 2395 obtentu
397 2332 514 2409 gratiae
524 2332 645 2393 divinae
658 2347 698 2392 ac
711 2331 845 2402 nostrae,

67 2432 97 2492 et
116 2430 171 2490 sub
192 2430 416 2492 anathematis
444 2445 542 2507 poena
568 2428 628 2490 tibi
650 2427 849 2490 auctoritate

71 2525 849 2604 praesentiumdistrictissimeinhibemus,neboc

71 2623 850 2702 temporealiquatenusarmamoveascontraip·

70 2721 848 2801 0001000οω000000111010110001101011οη00,

74 2820 121 2880 sed
135 2820 277 2892 studeas,
293 2822 329 2881 ut
340 2821 408 2882 tota
432 2818 665 2880 ChristIanitas
685 2817 850 2878 ultrama-

75 2917 136 2977 rina
163 2917 195 2977 in
230 2917 360 2980 unitate
387 2915 556 2988 consistat,
593 2915 626 2976 et
667 2913 851 2976 venerabili

72 3012 152 3075 tratri
174 3016 289 3077 nostro
305 3017 340 3074 Ρ.
367 3013 547 3076 Albanensi
571 3013 737 3089 episcopo,
759 3014 798 3072 A.
816 3013 849 3071 S.

72 3109 175 3184 legato,
201 3112 258 3189 qui
282 3111 510 3173 strenuitatem
539 3110 630 3172 tuam
658 3108 852 3186 frequenter

72 3207 130 3267 suis
150 3207 242 3271 nohis
257 3209 380 3269 litteris
395 3207 648 3280 commendavit,
669 3207 755 3268 sicut
774 3222 853 3283 per-

75 3319 152 3366 sonae
166 3309 289 3369 nostrae
303 3307 496 3367 reverenter
509 3304 686 3367 intendens
706 3303 850 3374 studeas,

75 3403 148 3476 quod
168 3419 343 3466 commune
361 3403 474 3480 populi
489 3402 671 3464 Christiani
683 3401 852 3477 negotium

73 3498 298 3572 desideramus,
317 3500 480 3576 largiente
501 3500 651 3570 Domino,
669 3513 854 3574 consequa-

73 3597 119 3656 tur
137 3597 306 3673 effectum3
332 3597 540 3675 postmodum
563 3595 629 3658 tuis
653 3594 853 3672 specialibus

77 3695 240 3756 commodis
255 3711 393 3772 operam
406 3693 599 3770 diligentius
608 3693 789 3770 utiliusque
799 3692 854 3752 da·

75 3789 164 3852 turus.
175 3793 344 3870 Alioquin,
362 3793 661 3870 quantumcumque
675 3791 768 3852 tuam
781 3789 854 3848 dili-

76 3900 175 3959 gamus
187 3904 377 3966 personam,
394 3889 427 3950 et
438 3887 567 3950 deterre
582 3886 684 3963 regiae
700 3885 854 3962 dignitati

76 3983 211 4058 uelimus,
227 3987 346 4048 contra
364 3987 475 4047 tamen
497 3998 703 4046 communem
721 3982 853 4044 utilita-

76 4079 141 4152 tem,
163 4080 228 4144 imo
250 4082 368 4144 contra
390 4081 498 4159 ipsum
513 4083 617 4141 Deum
636 4077 766 4140 deterre
780 4077 852 4149 tibi,

77 4175 120 4235 vel
141 4179 292 4258 cuiquam
321 4179 380 4239 alii
417 4193 484 4240 non
520 4191 704 4255 possemus.
736 4177 855 4237 Datum

77 4274 149 4348 apud
173 4276 293 4338 Urbem
321 4275 486 4347 Veterem,
517 4276 563 4336 111
599 4273 673 4334 idus
710 4273 853 4350 augusti,

77 4372 269 4442 pontificatus
284 4372 389 4434 nostri
400 4387 488 4434 auno
503 4371 629 4449 quinto.

95 4715 138 4774 Ad
155 4718 307 4778 abbatem
326 4717 359 4776 et
373 4716 578 4778 conventum
599 4717 641 4776 de
655 4716 836 4776 Balneolis.

331 4839 363 4896 12
379 4839 494 4911 augusti
514 4837 592 4895 1110.

113 4949 223 5015 [segur.
235 4954 281 5004 lib.
293 4955 324 5012 V,
336 4953 410 5018 epist.
422 4951 461 5002 38.
474 4954 531 5003 llss.
542 4953 578 5002 La
589 4953 664 5002 Porta
674 4950 707 5002 du
717 4949 810 5015 Thelb]

900 1457 1151 1518 communimus.
1165 1457 1258 1518 Nulli
1272 1473 1362 1533 ergo,
1380 1458 1455 1529 etc,
1475 1459 1597 1519 nostrae
1614 1473 1695 1535 pro-

899 1554 1053 1616 tectionis
1080 1554 1112 1616 et
1133 1554 1395 1616 confirmationis
1419 1552 1613 1630 infringere,
1630 1555 1693 1616 eto.

902 1651 1026 1729 Siquis
1042 1651 1162 1723 autem,
1182 1652 1243 1713 etc.
1262 1654 1379 1712 Datum
1393 1651 1480 1728 apud
1497 1651 1617 1713 Urbem
1632 1653 1699 1712 Ve-

903 1751 978 1820 tem,
1010 1748 1154 1810 secundo
1191 1748 1264 1810 idus
1295 1749 1448 1826 augusti,
1485 1748 1696 1826 pontificatus

902 1847 1007 1908 nostri
1022 1861 1110 1906 anno
1124 1846 1249 1923 quinto.

1248 1987 1359 2074 XXII

941 2125 993 2184 Ac
1026 2123 1163 2183 eosdem
1196 2123 1353 2182 abbatem
1385 2121 1420 2181 ct
1451 2121 1658 2180 concentum

1181 2220 1223 2280 dc
1237 2220 1418 2280 Balneolis.
1485 2287 1488 2297 Ι

1173 2332 1206 2389 la
1221 2331 1335 2404 augusti
1356 2330 1435 2388 1110.

947 2439 1067 2504 [Regest.,
1076 2439 1158 2498 libv,
1171 2437 1245 2502 epist.
1258 2437 1297 2487 ³9.
1311 2437 1368 2487 blss.
1384 2437 1421 2487 La
1433 2435 1657 2501 portenarium]
1739 2424 1744 2434 ¹

904 2537 1106 2599 Obseruantias
1117 2536 1267 2611 speciales,
1283 2549 1355 2608 quas
1371 2550 1406 2592 ex
1428 2533 1701 2593 monasterioVallis

939 2626 1066 2683 caulium
1084 2623 1283 2693 observabant,
1303 2623 1374 2696 ipsis
1393 2624 1561 2681 auctoritate
1575 2622 1698 2694 Aposto-

938 2713 994 2771 lica
1009 2712 1168 2770 confirmat.

945 2823 1125 2894 Honorius,
1140 2823 1214 2892 eto,
1230 2820 1360 2881 dilectis
1376 2818 1453 2880 liliis
1469 2818 1574 2896 priori
1590 2819 1623 2880 et
1638 2817 1701 2878 lra-

905 2921 1010 2982 tribus
1026 2919 1066 2980 de
1083 2917 1261 2980 Balneolis.

946 3015 1184 3090 Quumanobis
1193 3016 1326 3092 petitur,
1336 3015 1524 3090 etc.‚usque
1532 3011 1700 3073 effectum.

908 3115 1125 3192 Supplicastis
1137 3113 1245 3184 nobis,
1257 3111 1343 3190 quod
1357 3127 1457 3188 quum
1465 3109 1607 3186 professi
1613 3109 1702 3172 beati

906 3211 1076 3274 Benedicti
1099 3210 1250 3286 regulam
1265 3210 1387 3286 praeter
1400 3207 1493 3270 illam
1508 3205 1702 3268 custodiatis

906 3309 1135 3372 observantias
1156 3306 1329 3384 speciales,
1355 3321 1428 3383 quae
1450 3305 1485 3366 in
1499 3302 1702 3365 monasterio

906 3407 1011 3469 Vallis
1019 3406 1170 3468 caulium
1183 3404 1412 3475 observantur,
1424 3418 1444 3463 a
1461 3401 1568 3464 felicis
1581 3417 1707 3464 memo-

907 3506 967 3566 riae
989 3503 1180 3565 Innocentio
1209 3518 1294 3579 papa
1318 3500 1566 3578 praedecessore
1590 3500 1704 3559 nostro

908 3617 1022 3664 eorum
1048 3600 1174 3664 ordinis
1199 3599 1417 3669 confirmata,
1448 3597 1581 3659 easdem
1609 3595 1704 3656 robis

908 3699 1105 3762 confirmare
1131 3697 1360 3758 observantias
1380 3696 1607 3771 dignaremur.
1635 3694 1704 3754 Nos

908 3797 1010 3873 igitur
1022 3793 1175 3872 precibus
1191 3793 1310 3855 vestris
1324 3792 1503 3867 benignum
1515 3787 1706 3865 impertien-
1818 3843 1829 3858 ,

907 3896 958 3957 tes
975 3907 1160 3967 assensum,
1172 3889 1348 3967 praedic-tas
1362 3886 1457 3950 robis
1475 3885 1705 3948 observantias

909 4006 984 4053 cum
1009 3991 1097 4052 dicta
1112 3988 1229 4065 regula
1248 3987 1494 4056 confirmamus,
1508 3982 1706 4047 auctoritate

909 4087 1124 4168 praesentium
1136 4084 1357 4156 concedendo,
1371 4084 1407 4145 ut
1420 4082 1455 4143 in
1465 4081 1518 4142 his
1531 4082 1564 4143 et
1576 4079 1653 4141 aliis
1666 4095 1705 4140 eo

911 4185 1086 4264 privilegio
1112 4182 1296 4260 gaudeatis,
1313 4181 1399 4259 quod
1424 4180 1531 4242 eidem
1553 4176 1662 4240 ordini
1686 4189 1706 4236 a

912 4283 995 4346 Sede
1008 4281 1198 4358 Apostolica
1210 4283 1261 4341 est
1273 4278 1448 4346 indultum,
1461 4275 1564 4338 salvis
1575 4272 1706 4335 statutis

911 4380 1051 4444 concilii
1064 4377 1242 4456 generalis.
1262 4375 1354 4438 Nulli
1376 4389 1467 4450 orgo,
1484 4373 1559 4444 etc,
1583 4371 1707 4432 nostrae

912 4477 1184 4548 confirmationis,
1210 4474 1243 4535 et
1264 4470 1492 4534 concessionis
1512 4467 1706 4544 infringere.

914 4577 949 4638 Si
968 4576 1042 4654 quis
1057 4574 1180 4645 autam,
1196 4572 1258 4633 etc.
1271 4573 1389 4632 Datum
1405 4567 1492 4646 apud
1504 4566 1627 4629 Urbem
1637 4560 1708 4627 110-

912 4675 1029 4743 terem,
1055 4669 1200 4732 secundo
1227 4668 1301 4729 idus
1326 4665 1471 4742 augusti,
1497 4663 1709 4742 pontificatus

913 4769 1019 4834 nostri
1034 4783 1122 4831 anno
1143 4767 1269 4844 quinto.

1245 4908 1377 4995 XXIII

81 5053 177 5128 Recipit
189 5058 240 5116 sub
259 5061 436 5132 protectione
450 5057 525 5116 beati
547 5060 622 5116 Petri
643 5065 672 5115 et
690 5056 861 5115 donationes
891 5125 892 5130 γ
962 5048 1013 5108 Ad
1031 5047 1172 5106 clericos
1187 5042 1220 5104 et
1234 5045 1337 5106 laicos
1351 5043 1479 5102 Massae
1493 5039 1659 5102 pascuam.

111 5144 173 5216 ipsis
185 5147 219 5205 ab
234 5151 347 5206 llerveo
358 5148 529 5206 Nivornansi
541 5148 645 5205 comite
658 5145 747 5204 lactas
761 5151 857 5203 aucto-

112 5233 185 5292 ritate
197 5237 357 5309 Apostolica
371 5235 530 5294 coullrmat.

1182 5157 1216 5214 15
1236 5154 1351 5230 augusti
1365 5154 1444 5212 1220.

963 5253 1094 5321 [rusinae
1106 5253 1169 5323 coa,
1182 5252 1245 5316 dipl.
1259 5250 1368 5303 aomina
1383 5244 1665 5313 0000101100]

116 5351 283 5427 Honorius,
311 5353 392 5426 etc,
421 5351 551 5416 dilectis
582 5352 660 5414 liliis
692 5349 802 5414 abbati
828 5351 862 5412 ct
916 5353 1090 5426 Quibusdam
1108 5352 1219 5410 clericis
1237 5357 1266 5408 et
1286 5349 1367 5406 laicis
1381 5349 1484 5406 Messe
1503 5343 1632 5402 Flscalise
1653 5342 1710 5415 pri·

84 5451 245 5512 conventui
259 5452 299 5513 do
314 5449 493 5513 Balneolis

119 5544 326 5612 sacrosancta
355 5551 504 5610 Romana
528 5547 681 5614 ecclesia,
716 5546 863 5607 010.Εο-

86 5645 214 5718 propter,
227 5645 301 5717 etc,
317 5660 422 5722 000000
439 5661 589 5708 assensu.
605 5647 771 5706 Personas
784 5661 862 5706 ves-

952 5444 1089 5518 vilegium
1102 5439 1250 5500 100οῑ1οηί0
1260 5454 1276 5495 0
1285 5436 1499 5496 Βο001101οΡΡ.
1508 5435 1544 5504 il,
1558 5446 1633 5489 anuo
1645 5429 1713 5488 1059

952 5545 1121 5591 conoessum
1134 5528 1328 5586 confirmatur.

960 5639 1126 5704 Honorius
1142 5637 1444 5717 episcopusservus
1460 5645 1630 5692 serrorum
1642 5628 1711 5700 Uei,
