4090 6316
912 374 1085 434 llos'olili
1108 374 1152 433 lli
1175 373 1323 434 OPERA.
1881 371 1936 430 lot

643 563 739 649 CLV
1116 521 1119 526 ’
1143 532 1378 594 canonicorum
1392 531 1498 607 ipsius
1514 529 1707 592 monasterii
1723 531 1837 593 contra
1849 545 1939 590 eum-

1141 631 1215 690 dem
1244 629 1411 701 abbatem,
1449 628 1676 689 invalescente
1708 627 1866 696 clamore,
1896 627 1938 690 ad

294 715 345 770 Ad
378 713 532 774 abbatem
567 715 685 776 Sancti
721 713 891 776 Fl⁰t⁴3²tm
932 713 973 774 dt
1010 715 1087 775 Sui·
1140 727 1229 788 idem
1247 727 1486 788 monasterium
1502 725 1939 798 descendisset,lactaineo

332 813 458 876 murto·
486 813 652 872 &motum
675 812 710 874 θί
732 813 977 873 carnecorium
1000 812 1087 874 Cat·
1140 824 1358 901 inquisitione
1380 825 1560 895 canonioa‚
1586 825 1621 886 et
1645 823 1759 886 multis
1788 823 1939 900 probatis

333 907 502 970 notenses.
1142 937 1200 1000 per
1213 938 1286 999 quae
1298 919 1385 982 idem
1402 919 1504 983 abbas
1518 920 1627 983 iuerat
1648 921 1689 982 de
1701 924 1779 999 iure
1797 919 1938 984 forsitan

576 985 705 1043 “mm
723 984 801 1044 ¹²¹⁹·
1141 1018 1356 1090 amovendus,
1382 1019 1461 1096 quia
1485 1020 1596 1079 tamen
1620 1017 1762 1078 firmiter
1786 1017 1941 1078 emenda·

308 1106 427 1174 trost..
441 1106 486 1159 lib.
498 1108 542 1167 111,
556 1107 630 1172 epist.
644 1107 700 1158 ³⁵⁴·
714 1109 772 1160 iiss.
788 1107 824 1158 is
838 1107 911 1158 rore
925 1107 961 1160 (¹⁰
976 1107 1071 1173 mein]
1141 1115 1263 1179 tionem
1296 1116 1466 1193 promisit,
1500 1115 1587 1177 idem
1619 1114 1828 1193 inquisitioni
1859 1115 1939 1177 tunc

181 1303 184 1310 ,
258 1266 263 1288 ,.
293 1224 383 1292 Quam
404 1225 556 1298 episcopus
577 1225 802 1284 &comanensis
827 1225 999 1282 sententiam
1021 1239 1085 1281 sus·
1142 1213 1329 1289 supersedit
1338 1215 1409 1290 jam
1426 1211 1533 1274 laetae.

329 1313 475 1386 pensionis
490 1313 830 1388 promulgaveratcoutra
846 1313 978 1372 abbatem
991 1313 1088 1371 sancti
1182 1311 1303 1372 Verum
1325 1311 1403 1388 quia
1425 1312 1574 1388 tempore
1596 1309 1793 1386 procedente
1817 1309 1939 1372 iterum

329 1401 490 1475 Georgiide
500 1417 618 1460 nemore
628 1410 691 1475 post
701 1402 1087 1476 appellationemlegitimam
1143 1407 1295 1470 ouuuuiui
1312 1407 1648 1479 clamitet-uniſsima
1662 1408 1787 1485 paritur
1801 1407 1940 1485 propia..

328 1489 1089 1565 relaxatpontilexetmendatJ'udicibusutinicrment
1142 1506 1253 1566 manto
1280 1503 1365 1580 quod
1390 1503 1477 1565 idem
1502 1503 1604 1565 appas
1628 1502 1715 1564 popa
1741 1503 1940 1565 monasterii

330 1579 366 1638 (¹⁰
380 1578 588 1638 ⁰⁰¹¹‘²³1⁸‘¹⁰¹¹0
606 1588 635 1638 0‘
652 1579 726 1652 (ΨΜ
742 1578 828 1638 suein
841 1581 1012 1638 ⁰⁰⁰⁰¹¹¹⁰¹¹¹¹¹
1027 1588 1086 1638 ⁸¹⁸·
1143 1600 1337 1678 dissipabat,
1351 1617 1412 1664 uec
1427 1589 1586 1664 iratribus
1597 1601 1632 1662 in
1646 1599 1735 1663 rictu
1747 1601 1801 1662 vel
1813 1599 1941 1662 vestitu

328 1675 418 1728 mm
583 1763 587 1771 ,
1139 1700 1235 1776 juxta
1254 1697 1430 1760 facultates
1446 1698 1550 1775 ipsius
1571 1697 1766 1759 monasterii
1783 1697 1943 1774 provide-

334 1786 517 1858 Honorius,
543 1787 624 1854 eid„
656 1786 786 1850 dilectis
820 1787 937 1848 illlis...
975 1785 1088 1848 abbati
1143 1796 1209 1868 hat,
1234 1799 1267 1858 ot
1288 1797 1411 1858 statuta
1431 1795 1595 1874 qllaedam,
1618 1811 1691 1872 quae
1715 1795 1750 1856 in
1773 1794 1942 1872 principio

297 1884 409 1946 Sancti
431 1884 593 1946 Florentii
615 1884 656 1946 de
683 1885 848 1946 salmurio
872 1884 1086 1961 Andagaveli.
1144 1893 1361 1971 promotionis
1398 1909 1468 1955 suae
1503 1893 1717 1954 servaturum
1745 1895 1939 1970 J'uravorat,

291 1981 391 2044 dioec.
410 1985 443 2044 et
445 2025 504 2044 .....
522 1983 647 2045 decano
659 1982 899 2046 eicancellario
910 1983 1086 2046 Carn0ien.
1144 2007 1209 2052 non
1223 1991 1489 2068 servabai31pse,
1503 1991 1539 2052 ut
1552 1990 1652 2052 saluti
1667 1990 1699 2052 ei
1712 1989 1849 2052 utilitati
1864 2005 1942 2050 mo-

292 2078 447 2148 salutem.
464 2080 526 2141 eto·
1142 2089 1299 2160 nestorii,
1330 2089 1428 2166 prout
1449 2089 1490 2150 ad
1518 2091 1591 2166 eius
1617 2087 1761 2149 officium
1783 2087 1939 2164 pertinet,

334 2177 525 2238 Venerabili
545 2177 638 2240 fratri
663 2181 777 2242 nostro
781 2222 842 2240 .....
865 2180 1086 2241 cenomanen.
1143 2185 1348 2263 provideret,
1373 2186 1494 2248 iterum
1517 2185 1558 2246 ad
1581 2185 1691 2247 locum
1713 2183 1864 2252 accessit,
1881 2183 1941 2244 sed

290 2273 450 2352 episcopo
473 2277 507 2340 et
529 2275 650 2338 dilecto
677 2277 745 2339 illio
748 2319 808 2338 .....
836 2276 949 2338 abbati
975 2277 1086 2338 Sancti
1143 2283 1245 2344 abbas
1276 2284 1494 2346 cauteriatam
1527 2282 1654 2344 babens
1686 2275 1942 2352 conscientiam,

293 2373 430 2448 Georgii
463 2374 504 2435 de
533 2389 668 2436 nemore
695 2375 731 2436 ln
766 2375 879 2437 nostra
910 2373 1088 2452 praesentia
1143 2381 1184 2444 ad
1213 2380 1447 2458 appellationis
1475 2379 1650 2456 diffugium
1686 2379 1874 2453 convolavit
1902 2378 1941 2439 in

292 2470 483 2532 constitutis
522 2472 678 2533 dilectum
718 2471 823 2534 fllium
863 2472 1012 2533 nostrum
1049 2473 1087 2530 Gt
1143 2477 1726 2555 elusionomoanonicaedisciplinae,
1746 2478 1779 2538 et
1803 2475 1939 2537 tandem

296 2567 408 2628 Sancti
424 2567 589 2628 Theodori
604 2569 736 2631 diaconi
756 2567 936 2630 cardinalis
951 2582 1090 2628 conces·
1143 2576 1296 2638 omuibus
1329 2575 1608 2652 appellationibus
1647 2573 1855 2650 interpositis
1895 2573 1941 2634 ati

295 2663 400 2724 simus
415 2665 612 2738 auditorem,
625 2664 988 2743 coramquoproposuii
1001 2663 1088 2725 idem
1144 2687 1384 2750 quamcumque
1397 2671 1508 2732 sedem
1523 2671 1732 2741 renuntians,
1749 2671 1864 2746 sponte
1878 2671 1942 2745 ju·

295 2760 409 2834 abbas,
431 2763 517 2839 quod
540 2779 615 2824 cum
637 2763 744 2826 dictus
765 2763 940 2840 episcopus
959 2763 994 2824 in
1013 2779 1088 2825 eum
1143 2770 1241 2842 ravit,
1258 2769 1344 2846 quod
1358 2768 1522 2832 voluntati
1532 2767 1565 2830 et
1575 2767 1775 2830 ordinationi
1790 2763 1943 2842 ejusdem

296 2861 370 2937 post
384 2861 639 2938 appellationem
655 2861 695 2922 ad
711 2877 772 2923 nos
787 2861 933 2937 legitime
946 2861 1090 2938 interpo·
1144 2866 1290 2944 episcopi
1301 2867 1404 2928 staret
1416 2881 1475 2942 per
1490 2866 1612 2936 omnia,
1634 2864 1728 2926 salva
1751 2865 1861 2925 umen
1877 2877 1944 2922 sua

296 2958 405 3030 sitam,
420 2958 461 3020 ab
476 2958 765 3021 administratione
778 2958 1004 3035 suspensionis
1018 2975 1090 3020 sen·
1143 2965 1178 3025 in
1190 2962 1342 3024 omnibus
1355 2962 1534 3038 diguitate;
1550 2965 1628 3025 tunc
1641 2961 1813 3039 episcopus
1826 2958 1943 3020 habito

298 3057 431 3118 tentiam
456 3057 686 3134 promulgarit,
711 3056 825 3117 eadem
847 3057 1011 3118 sententia
1031 3055 1090 3118 de-
1143 3061 1342 3138 prudentum
1357 3057 1745 3136 consilio,capitulailla,
1760 3055 1945 3135 qure,sicut

296 3153 393 3216 luebat
415 3154 512 3216 irrita
535 3154 696 3225 nuntiari,
719 3152 880 3230 adjiciens
900 3152 998 3231 quod,
1015 3169 1089 3214 cum
1144 3157 1266 3219 dictum
1277 3160 1336 3229 est,
1352 3157 1439 3218 idom
1453 3155 1710 3218 abbasabinitio
1720 3153 1944 3232 promotionis

295 3253 366 3330 ipse
380 3250 587 3328 promisisset
599 3251 746 3328 praestito
759 3250 977 3327 corporaliter
993 3252 1091 3328 jura·
1145 3271 1213 3316 suae
1233 3269 1268 3314 se
1290 3255 1464 3331 juraverat
1488 3255 1710 3324 servaturum,
1727 3249 1942 3326 recolligens,

294 3350 406 3410 mento
426 3363 462 3410 se
484 3348 626 3410 ildeliter
648 3347 856 3410 servaturum
879 3346 1036 3424 quidquid
1053 3347 1088 3408 in
1144 3353 1177 3413 et
1197 3349 1347 3428 quaedam
1362 3352 1429 3412 alia
1442 3351 1482 3412 de
1499 3366 1584 3412 novo
1605 3349 1647 3410 ad
1667 3347 1844 3410 utilitatem
1865 3363 1944 3408 mo-

296 3447 498 3508 monasterio
519 3461 590 3518 suo,
610 3445 717 3506 dictus
742 3446 916 3522 episcopus
939 3461 1013 3506 cum
1038 3444 1090 3506 di·
1143 3449 1281 3511 nastorii
1308 3448 1545 3525 superaddens,
1569 3463 1609 3509 ea
1623 3449 1658 3509 in
1674 3446 1746 3524 ipso
1761 3445 1801 3508 de
1816 3447 1943 3506 caetero

295 3545 390 3606 lectis
408 3544 486 3604 liliis
490 3587 549 3604 .....
567 3543 764 3605 deVadacio
781 3542 814 3604 et
816 3585 877 3602 ·····
896 3541 1008 3603 Sancti
1025 3543 1090 3603 Ca·
1143 3548 1257 3610 statuit
1269 3543 1818 3623 observanda;quibusredactisin
1830 3543 1946 3618 scrip-

227 3693 228 3698 η
294 3641 390 3704 rileffl
407 3640 591 3712 abbatibus,
607 3641 699 3702 Salia
716 3641 826 3702 umen
839 3639 944 3716 ipsius
958 3639 1088 3700 abbatis
1143 3645 1197 3713 tis,
1211 3646 1244 3706 et
1258 3643 1376 3706 abbate
1385 3642 1548 3720 praesente
1555 3659 1594 3702 ac
1602 3657 1668 3703 non
1679 3639 1942 3710 contradicente,

294 3739 467 3816 dignitate,
482 3740 517 3799 in
533 3738 685 3800 omnibus
699 3738 880 3810 ordinaret,
899 3736 986 3798 idem
999 3737 1089 3815 epis-
1143 3743 1178 3803 in
1190 3741 1455 3818 capitulocoram
1469 3738 1626 3801 iratribus
1639 3737 1798 3808 recitatis,
1812 3735 1852 3796 de
1864 3751 1946 3796 con·

295 3853 407 3916 copus,
424 3836 572 3914 praelatis
585 3836 758 3899 abbatibus
773 3852 839 3897 non
855 3835 993 3908 vocatis,
1010 3835 1088 3912 plu·
1143 3855 1245 3900 sensu
1268 3839 1373 3916 ipsius
1390 3841 1424 3900 et
1442 3836 1592 3908 fratrum,
1612 3834 1760 3911 sigillum
1789 3849 1886 3894 suum
1908 3835 1947 3896 et

293 3937 377 4000 rima
412 3952 471 4013 pro
503 3951 572 3996 suaa
603 3933 697 3996 libito
730 3933 911 4006 voluntatis
943 3934 1011 3996 tam
1048 3931 1089 3993 de
1144 3936 1290 4013 ejusdem
1307 3934 1443 4014 capituli
1459 3931 1672 4010 lecitapponi
1688 3930 1729 3992 ad
1746 3930 1944 4008 perpetuum

295 4033 416 4110 priore,
434 4032 619 4094 camerario
633 4033 666 4093 et
669 4075 729 4092 .....
752 4030 926 4093 cellerario
942 4045 1008 4091 non
1024 4029 1087 4090 ad·
1143 4034 1396 4095 munimentum.

295 4129 481 4203 movendis,
509 4129 563 4190 vel
595 4127 807 4190 instituendis
840 4129 912 4190 sine
939 4127 1088 4189 consilio
1183 4127 1543 4208 Cumqueposimodum
1554 4125 1724 4188 canonicis
1741 4140 1948 4202 conqueren-

293 4227 405 4300 trium,
421 4228 478 4288 aut
491 4225 634 4304 quatuor
648 4225 688 4286 de
699 4223 886 4286 senioribus
901 4225 1006 4301 ipsius
1017 4241 1090 4286 mo·
1143 4228 1230 4291 tibus
1241 4229 1281 4290 ad
1292 4227 1398 4305 ipsius
1409 4224 1612 4286 audientiam
1624 4222 1841 4301 pervenisset,
1854 4223 1945 4298 quod

295 4325 444 4397 nasterii,
461 4341 559 4404 quam
572 4323 613 4386 de
625 4321 822 4400 quibusdam
839 4321 915 4384 aliis
931 4321 972 4382 ad
985 4321 1089 4383 solius
1144 4324 1245 4387 abbas
1257 4323 1500 4386 ordinationem
1524 4321 1715 4398 praedictam
1746 4319 1946 4380 contemne-

294 4422 423 4486 abbatis
438 4421 689 4500 dispositionem
708 4435 749 4482 ex
770 4418 1008 4482 consuetudine
1027 4435 1090 4480 an·
1143 4424 1194 4483 ret
1219 4421 1407 4490 observare,
1436 4435 1476 4481 eo
1503 4417 1589 4495 quod
1615 4418 1689 4494 post
1707 4415 1821 4477 decem
1836 4414 1908 4476 dies
1922 4431 1945 4476 a

294 4519 384 4596 tiqua
401 4517 627 4597 spectantibus
646 4518 680 4579 in
697 4517 1090 4595 prejudiciumetlaesio-
1142 4519 1290 4596 tempore
1316 4515 1550 4596 publicationis
1575 4514 1773 4576 statutorum
1792 4513 1946 4589 ipsorum

294 4633 369 4678 nem
396 4616 567 4692 dignitatis
593 4616 699 4694 ipsius
732 4615 767 4676 in
793 4614 908 4676 eodem
933 4613 1089 4676 ordinare
1143 4615 1334 4678 frustatorie
1353 4614 1394 4676 ad
1418 4613 1535 4675 sedem
1553 4611 1779 4688 Apostolicam
1798 4609 1947 4686 appella·

295 4713 515 4790 praesumpsit,
543 4729 616 4790 quae
638 4713 751 4774 omnia
778 4713 874 4790 petiit
894 4713 930 4774 in
958 4711 1087 4772 irritum
1143 4717 1205 4786 rat,
1215 4729 1369 4774 asserens
1380 4711 1575 4787 dignitatem
1585 4725 1679 4769 suam
1690 4723 1750 4785 per
1760 4706 1948 4768 ordinatio·

295 4809 457 4880 revocari,
487 4810 520 4871 et
550 4809 741 4885 episcopum
766 4809 878 4887 puniri
909 4809 1085 4892 canonice,
1141 4826 1217 4873 uem
1233 4807 1422 4888 huiusmodi
1439 4823 1513 4869 esse
1526 4806 1652 4878 laesam,
1667 4802 1946 4876 idamattendens

295 4925 352 4985 pro
368 4922 407 4969 eo
421 4906 506 4985 quod
518 4905 678 4983 quosdam
688 4907 866 4968 canonicos
882 4921 959 4968 suos
973 4923 1087 4968 eorum
1142 4908 1397 4986 appellationem
1410 4904 1559 4966 eamdem
1569 4904 1603 4964 in
1618 4900 1858 4976 subterfugium
1872 4917 1948 4962 cor-

295 5003 504 5082 esigentibus
530 5002 637 5079 culpis
662 5004 1017 5065 excommunicationis
1043 5004 1089 5065 la-
1143 5004 1301 5066 rectionis
1328 5003 1496 5072 emissam,
1526 5000 1712 5077 praesertim
1738 5014 1813 5059 cum
1839 4996 1947 5059 abbas

293 5101 559 5182 quenadstrictos
573 5098 613 5160 ad
626 5100 891 5162 communionem
907 5101 1089 5179 recepit,et
1143 5101 1262 5162 merito
1283 5099 1463 5161 haberetur
1482 5097 1523 5159 de
1544 5096 1784 5174 dilapidatione
1811 5109 1949 5171 suspec-

292 5201 333 5263 ad
348 5199 591 5263 ecclesiasticos
606 5196 740 5258 ordines
753 5199 917 5273 promovit
929 5199 1085 5270 scienter,
1143 5200 1206 5270 tus,
1215 5199 1334 5275 ipsum,
1344 5195 1505 5258 canonica
1517 5194 1698 5256 monitione
1709 5191 1947 5270 premissa,de

293 5299 463 5380 postulans
477 5295 696 5358 nibilominus
709 5295 885 5356 ecclesiam
904 5296 944 5360 de
959 5298 1086 5359 Morte·
1142 5295 1340 5374 prudentum
1352 5293 1503 5365 consilio,
1518 5290 1560 5353 ab
1570 5289 1859 5352 administratione
1870 5303 1948 5350 sus-

291 5397 362 5458 rolo
378 5395 442 5456 sibi
463 5393 606 5465 restitui,
623 5407 688 5470 qua
703 5392 823 5470 ipsum,
848 5393 934 5456 sicut
952 5394 1086 5466 asserit,
1143 5393 1267 5471 pendit.
1283 5391 1376 5456 Unde
1389 5390 1521 5468 petebat
1534 5391 1602 5451 tam
1618 5387 1845 5464 suspensionis
1864 5403 1948 5448 sen-

291 5495 398 5556 dictus
418 5492 594 5569 episcopus
613 5489 769 5567 spoliavit
794 5489 927 5567 injuste.
950 5492 1088 5568 Episco-
1142 5491 1280 5553 tentiam
1296 5505 1393 5567 quam
1406 5489 1540 5559 statuta,
1553 5501 1627 5563 quae
1638 5486 1673 5546 in
1686 5483 1801 5546 eodem
1815 5499 1948 5546 monas-

291 5607 351 5669 pus
366 5592 478 5652 autem
498 5587 671 5666 proposuit
689 5603 732 5648 ex
746 5587 889 5652 aduerso
910 5588 1087 5664 quodcum
1142 5587 1228 5650 teric
1248 5586 1383 5658 lecerat,
1412 5585 1609 5647 auctoritate
1621 5581 1948 5659 Apostolicacontir-

291 5690 331 5762 ad
354 5688 533 5752 clamosam
559 5685 819 5751 insinuationem
842 5684 1033 5758 multorum,
1055 5686 1088 5746 et
1143 5685 1240 5749 mari,
1268 5683 1428 5759 allegans,
1451 5683 1537 5759 quod
1567 5679 1696 5741 abbatis
1725 5679 1869 5754 dignitas
1885 5693 1947 5756 per
