3952 6350
444 321 449 350 Ι

77 403 125 462 cu
572 473 575 478 ,
690 401 916 462 ualerone.
942 402 1018 462 uie.
1043 404 1080 461 v.

78 560 141 626 bei,
153 558 280 622 dilectis
293 558 370 620 tiliis
386 559 544 635 magistro
560 561 593 620 et
608 558 765 620 fratribus
777 562 859 620 Hos·

79 657 180 732 pitaiis
202 657 331 720 sancte
346 656 462 719 Mariae
476 656 753 718 Tbeutouioorum
772 657 855 718 Hie-

80 753 307 830 rosoiymitani,
324 754 464 816 salutem
479 753 512 816 et
526 753 741 830 apostolicam
755 753 858 814 bene-

79 851 257 912 dictionem.

112 951 165 1016 iia,
193 963 266 1024 quae
281 963 341 1024 pro
369 948 561 1010 defensione
579 948 723 1009 nominis
745 947 856 1010 chris-

77 1046 151 1106 tiani
175 1045 355 1116 sustinetis,
379 1046 582 1117 discrimina,
604 1061 664 1107 uos
685 1045 855 1115 inducunt,

78 1149 118 1210 ut,
132 1159 189 1204 vos
199 1145 233 1206 et
246 1143 397 1204 ordinem
409 1145 556 1204 vestrum
571 1143 685 1204 favore
700 1143 857 1204 continuo

78 1241 314 1317 prosequentes,
337 1241 439 1318 quieti
454 1243 573 1302 vestrae
586 1241 782 1318 propensius
804 1239 859 1299 iu-

77 1338 249 1407 tenuamus,
276 1342 309 1399 et
327 1339 518 1400 studeamus
532 1338 627 1399 vobis
642 1337 774 1398 auferre
787 1351 859 1397 ma-

76 1435 182 1495 teriam
197 1435 403 1510 gravaminis
415 1437 449 1495 et
459 1435 593 1496 laboris.
605 1435 691 1496 iiiuc
701 1437 762 1506 est,
772 1432 857 1510 quod

76 1531 159 1592 vobis
182 1533 380 1594 atteteritate
405 1533 619 1609 praesentium
634 1531 855 1606 indulgemus

76 1631 115 1699 ut,
129 1629 156 1688 si
177 1629 232 1705 qui
256 1645 274 1689 e
289 1629 446 1691 fratribus
461 1631 580 1692 vestris
596 1630 631 1690 iu
647 1645 682 1691 se
702 1629 856 1698 invicem,

78 1725 183 1786 sivein
199 1726 285 1787 alios
299 1727 476 1802 religiosos
491 1727 667 1804 quoslibet,
684 1743 743 1787 seu
758 1727 858 1788 etiam

77 1823 105 1882 in
120 1824 255 1884 ciericos
266 1824 581 1896 sessiacensem
596 1825 774 1901 injecerint
786 1825 859 1884 vio-

77 1919 183 1991 lentas,
197 1936 257 1996 per
272 1921 478 1982 dioecesanos
491 1924 663 1998 episcopos
677 1920 860 1981 absolutio-

78 2017 122 2076 nis
140 2017 336 2078 beneficium
352 2022 580 2096 assequantur,
600 2017 730 2080 etiamsi
744 2033 858 2078 eorum

78 2113 180 2189 aliqui,
197 2115 390 2192 priusquam
415 2116 564 2178 habitum
584 2117 730 2177 vestrum
751 2115 860 2174 susci-

78 2214 191 2284 perent,
214 2211 284 2272 tale
309 2213 434 2288 aliquid
455 2212 708 2282 commiserunt,
726 2211 859 2288 propter

79 2309 164 2381 quod,
179 2309 251 2384 ipso
263 2313 349 2376 actu,
364 2310 715 2370 excommunicationis
727 2311 859 2368 seuten-

77 2405 146 2464 tiam
159 2407 389 2480 incurrissent,
402 2409 467 2468 nisi
479 2423 635 2468 excessus
646 2421 761 2467 eorum
772 2407 859 2466 esset

78 2501 211 2563 difficilis
221 2507 255 2566 et
269 2505 427 2576 enormis,
443 2507 553 2581 utpote
563 2503 592 2564 si
607 2505 697 2566 esset
708 2503 749 2565 ad
763 2504 859 2565 muti·

78 2598 221 2661 lationem
246 2603 385 2662 membri
407 2602 459 2663 vel
474 2603 647 2678 sanguinis
663 2602 857 2662 effusionem

79 2699 487 2770 processum,autviolenta
497 2701 858 2776 manusinepisoopum

79 2794 124 2852 vei
138 2794 169 2854 iu
182 2795 334 2857 abbatem
353 2798 486 2872 injecta,
505 2813 578 2858 cum
595 2813 752 2857 excessus
774 2797 858 2856 tales

33 2887 36 2896 '
77 2891 235 2954 absimiles
251 2893 325 2954 sine
338 2895 494 2955 scandalo
505 2896 672 2971 nequeant
682 2892 856 2970 praeteriri.

111 2989 195 3049 Nulli
208 3005 290 3066 ergo
313 2991 448 3052 omnino
467 2991 638 3052 homiuum
662 2993 761 3052 liceat
773 2991 858 3051 hano

79 3087 220 3162 pagiuam
250 3092 373 3149 nostrae
405 3091 629 3149 concessionis
660 3089 856 3163 infringere,

79 3183 121 3241 vel
133 3185 160 3244 ei
176 3201 263 3246 ausu
277 3187 455 3247 temerario
469 3188 646 3248 contraire.
662 3187 696 3246 Si
711 3187 785 3262 quis
798 3201 860 3246 au-

78 3279 133 3338 tem
153 3281 213 3343 hoc
226 3283 392 3344 attentare
415 3285 672 3360 presumpserit,
702 3283 858 3358 indigna-

78 3375 187 3437 tionem
206 3381 442 3457 omnipotentis
458 3383 515 3442 Dei
532 3385 565 3441 et
576 3380 748 3442 beatorum
770 3380 860 3441 Petri

79 3473 106 3532 et
118 3475 206 3535 Pauli
220 3478 446 3553 apostolorum
463 3481 535 3555 ejus
551 3494 587 3539 se
601 3477 731 3540 noverit
747 3479 860 3538 incur-

80 3585 192 3632 surum.
207 3576 326 3635 Datum
343 3575 509 3647 Laterani,
524 3579 583 3636 XV
598 3576 665 3636 hal.
686 3575 858 3643 februarii,

80 3669 277 3740 pontificatus
291 3673 398 3734 nostri
411 3689 498 3734 anno
520 3674 646 3750 quinto.

409 3878 524 3964 CCIV

131 4019 178 4078 Ad
193 4022 465 4093 archiepiscopos
483 4021 516 4082 et
535 4022 720 4094 episcopos,
736 4021 799 4080 etc.

364 4143 397 4198 ii
408 4140 470 4213 jau.
488 4142 566 4200 tasi.

248 4255 384 4320 [strehlita
397 4255 415 4304 l.
430 4269 462 4314 e,
475 4269 499 4319 p.
510 4256 567 4313 ²95,
581 4271 607 4305 u.
618 4255 686 4320 322]

82 4356 152 4416 tubat
166 4363 295 4432 prelatos
312 4363 346 4417 ab
365 4361 464 4418 ordine
482 4363 657 4419 Theutonico
675 4361 710 4418 ad
725 4363 861 4420 ecclesias

112 4461 172 4504 suos
185 4459 369 4522 praesentatos
379 4451 510 4519 vicarios,
523 4450 678 4508 dummodo
689 4451 862 4508 sufficientes

112 4535 229 4596 redditus
239 4555 290 4611 pro
303 4540 510 4597 sustentatione
522 4547 550 4596 et
563 4541 688 4612 episcopi
699 4541 805 4613 justitia
821 4555 864 4596 as·

112 4624 264 4696 signentur,
281 4628 418 4700 recipere.

117 4741 278 4804 Honorius
289 4745 473 4821 episcopua,
482 4759 597 4806 servus
606 4761 779 4806 servorum
789 4747 859 4816 Dei,

84 4841 318 4902 venerabilibus
351 4841 508 4903 fratribus
543 4843 802 4918 archiepiscopis
832 4847 863 4904 et

86 4933 233 5013 episcopis
250 4941 282 5000 et
297 4939 426 5000 dilectis
441 4939 520 4998 filiis
536 4939 719 5011 abbatibus,
737 4939 861 5016 priori-

86 5023 147 5098 bus,
167 5035 420 5102 archidiacouis.
437 5036 583 5104 decanis,
604 5039 637 5097 et
656 5037 733 5097 aliis
750 5036 861 5097 eccle·

87 5125 197 5190 siarum
213 5134 372 5210 praelatis,
391 5135 432 5195 ad
450 5150 531 5211 quos
551 5130 670 5196 litterae
688 5134 762 5196 istae
783 5151 862 5210 per-

86 5228 233 5300 venerint,
248 5232 390 5292 salutem
412 5235 445 5293 et
468 5231 685 5308 apostolicam
704 5231 863 5292 benedic-

87 5317 207 5388 tionem.

121 5420 240 5488 Quanto
264 5425 375 5487 dilecti
397 5425 497 5486 liiii...
514 5425 672 5502 magister
689 5425 721 5486 et
743 5407 863 5486 fratres

89 5509 191 5578 domus
205 5523 384 5599 Hospitalis
403 5523 532 5584 Sanctae
554 5525 670 5584 Mariae
689 5523 882 5605 'theutoni-¹

89 5623 189 5676 corum
208 5620 510 5696 hierosolymitani,
528 5620 670 5696 propriis
684 5619 862 5692 derelictis,

91 5704 253 5777 ferventius
269 5733 328 5794 pro
346 5716 599 5779 christianitatis
622 5719 792 5780 commodo
802 5720 863 5793 ju-

1643 399 1704 462 662

912 560 998 636 giter
1025 560 1206 632 elaborant,
1228 577 1289 623 nec
1313 576 1437 639 ponere
1465 577 1524 639 pro
1546 560 1705 624 fratribus

913 657 1041 718 animas
1052 658 1280 731 reformidant,
1297 660 1387 720 tanto
1403 659 1484 736 ipsis
1497 660 1532 719 in
1548 660 1616 720 suis
1632 674 1704 720 mu-

913 756 1110 817 nuteneudis
1125 756 1266 832 justitiis
1288 756 1481 830 diligentius
1500 756 1617 817 adesse
1640 771 1702 817 nos

913 853 1077 923 convenit,
1104 853 1137 914 et
1162 869 1276 913 eorum
1299 853 1620 918 incommoditatibus
1643 869 1705 929 pa·

913 950 1007 1010 terna
1027 949 1250 1011 sollicitudine
1268 951 1451 1026 providere,
1473 967 1525 1022 ne,
1542 951 1570 1009 si
1593 950 1700 1010 fueri-

914 1063 995 1118 mus,
1023 1047 1108 1124 quod
1135 1047 1230 1118 absit,
1256 1047 1291 1107 iu
1315 1063 1429 1108 eorum
1458 1047 1702 1109 manutenenda

908 1144 1038 1221 Justitia
1050 1145 1265 1221 negligentes,
1276 1137 1704 1220 a'sarracenorumimpug-

913 1243 1057 1312 natione,
1073 1243 1128 1318 qui
1151 1243 1367 1303 christianum
1391 1257 1510 1302 nomen
1529 1241 1703 1302 insufflant

913 1341 945 1399 et
959 1339 1105 1400 fidelium
1118 1339 1287 1400 effundere
1301 1341 1494 1414 sanguinem
1510 1321 1699 1410 moliuntur,

913 1437 1072 1499 desistere
1083 1437 1333 1514 compellantur,
1346 1436 1530 1512 etamplius
1542 1435 1702 1498 adversus

914 1535 1113 1596 christianos
1134 1550 1249 1595 eorum
1273 1535 1451 1595 insolentia
1480 1533 1700 1594 convalescat.

914 1633 993 1691 Cum
1008 1634 1118 1692 autem
1140 1631 1389 1707 praenominatis
1406 1628 1574 1701 fratribus,
1591 1629 1631 1689 de
1644 1629 1701 1689 iu-

914 1727 1083 1803 dulgentia
1109 1728 1203 1789 Sedis
1228 1728 1425 1804 spostolicae
1446 1726 1704 1788 misericorditer

914 1826 1106 1886 duxerimus
1128 1825 1377 1900 indulgendum,
1395 1826 1430 1885 ut
1449 1825 1574 1884 fructus
1596 1824 1704 1884 eccle-

915 1923 1050 1993 siarum,
1079 1937 1150 1998 quae
1173 1923 1214 1982 ad
1234 1939 1348 1982 eorum
1369 1922 1580 1982 donatiouem
1600 1919 1703 1996 perti-

914 2021 1003 2089 nent,
1020 2020 1189 2094 assignato
1210 2019 1346 2080 vicariis
1366 2018 1452 2078 unde
1475 2033 1619 2094 congrue
1637 2033 1702 2077 ra·

914 2117 1004 2178 leant
1041 2117 1230 2188 sustentari,
1256 2118 1288 2178 et
1320 2117 1508 2177 dioecesano
1548 2115 1703 2191 episcopo

914 2217 1051 2291 ejusque
1066 2214 1263 2274 officialibus
1280 2212 1321 2273 de
1337 2215 1407 2272 suis
1424 2213 1549 2289 possint
1564 2211 1704 2288 justitiis

914 2312 1125 2388 respondere,
1138 2311 1279 2372 debeant
1294 2311 1327 2370 in
1343 2310 1592 2371 subventionem
1604 2311 1703 2368 terrae

914 2409 1222 2491 Hierosolymitanae
1242 2410 1453 2481 convertere3
1471 2408 1603 2484 quidam
1617 2407 1707 2481 epis-

914 2509 998 2583 copi,
1020 2507 1245 2568 archidiaconi
1264 2507 1298 2568 et
1317 2506 1445 2577 decani,
1467 2505 1506 2566 ad
1527 2519 1609 2580 quos
1627 2503 1706 2563 illa-

914 2621 987 2664 rum
1004 2604 1220 2665 ecclesiarum
1240 2604 1438 2665 investitura
1458 2601 1610 2678 pertinet,
1629 2601 1703 2660 cle-

914 2703 1013 2772 ricos
1027 2719 1108 2778 quos
1122 2701 1221 2762 iidem
1233 2703 1352 2763 fratres
1366 2701 1501 2760 idoneos
1516 2715 1703 2774 repraesen-

914 2800 994 2870 tant,
1021 2800 1169 2875 recipere
1193 2815 1252 2875 pro
1279 2815 1338 2858 sua
1365 2799 1532 2858 voluntate
1551 2797 1704 2856 contem-

914 2897 1007 2967 nunt,
1027 2897 1092 2956 nisi
1111 2897 1243 2956 easdem
1258 2895 1416 2956 ecclesias
1432 2893 1573 2964 clericis,
1589 2892 1646 2969 qui
1664 2892 1704 2952 de

914 3009 1028 3054 eorum
1046 3009 1159 3054 mensa
1176 2993 1307 3064 fuerint,
1323 3009 1382 3054 seu
1398 2992 1484 3061 aliis,
1504 2991 1581 3052 licet
1596 2990 1705 3049 minus

914 3092 1059 3152 existant
1081 3091 1203 3160 idonei,
1230 3091 1426 3165 largiantur,
1450 3090 1579 3150 sivero
1604 3087 1706 3147 iidem

915 3189 1046 3260 fratres,
1064 3189 1195 3248 easdem
1210 3189 1378 3257 ecclesias,
1395 3188 1491 3262 prout
1503 3185 1703 3254 desiderant,

916 3302 979 3346 uon
1006 3286 1188 3361 assignant,
1218 3287 1255 3346 ut
1280 3285 1382 3345 libere
1409 3285 1535 3360 possint
1558 3281 1705 3344 redditus

915 3401 1027 3444 earum
1050 3386 1231 3461 percipere,
1255 3383 1331 3445 ilios
1355 3383 1531 3460 perlonga
1555 3381 1706 3455 tempora

916 3482 1040 3542 faciunt
1063 3497 1082 3542 a
1107 3481 1294 3542 divinorum
1317 3479 1539 3541 celebratione
1561 3491 1704 3548 cessare,

915 3581 951 3640 ut
965 3581 1012 3640 sic
1027 3579 1145 3640 fratres
1161 3579 1224 3654 ipsi
1240 3579 1424 3641 voluntates
1440 3593 1554 3637 eorum
1569 3575 1708 3651 exsequi

916 3677 1163 3753 compellantur.
1174 3679 1243 3737 Nos
1254 3677 1462 3752 igiturtantae
1474 3674 1707 3763 praedictorum

916 3775 1054 3836 fratrum
1076 3774 1336 3835 incommoditati
1358 3773 1546 3849 prospicere
1565 3770 1706 3846 cupieu-
1808 3829 1810 3832 .

915 3875 976 3942 tce,
994 3887 1035 3931 ne
1050 3873 1175 3932 tautam
1191 3873 1354 3947 jacturam
1369 3869 1533 3929 malitiose
1547 3869 1709 3942 cogantur

916 3970 955 4031 de
969 3972 1088 4030 caetero
1102 3971 1277 4040 sustinere,
1292 3967 1503 4028 universitati
1516 3965 1634 4026 vestrae
1650 3977 1709 4040 per

916 4067 1104 4144 Apostoiioa
1123 4067 1246 4143 scripta
1267 4065 1461 4126 mandamus
1476 4065 1574 4140 atque
1589 4061 1708 4138 praeci-

917 4165 1034 4241 pimus
1066 4167 1228 4240 quatenus
1267 4163 1406 4224 ciericos
1440 4162 1588 4232 idoneos,
1625 4173 1709 4235 quos

916 4263 1016 4322 iidem
1032 4261 1151 4322 fratres
1167 4261 1208 4321 ad
1224 4261 1383 4322 ecclesias
1399 4275 1475 4319 suas
1488 4257 1581 4318 vobis
1599 4256 1707 4316 duxe-

915 4360 984 4420 rint
1015 4359 1275 4434 praesentaudos,
1300 4357 1416 4418 amodo
1446 4355 1622 4430 benignius
1650 4353 1710 4414 ad-

917 4456 1069 4529 mittatis3
1083 4455 1233 4531 alioquin
1247 4455 1417 4524 noveritis,
1429 4452 1514 4529 quod
1528 4452 1611 4528 ipsis
1623 4465 1707 4511 auc-

917 4553 1050 4614 toritate
1065 4551 1253 4628 apostolica
1276 4551 1413 4612 liberam
1435 4548 1635 4610 indulsimus
1659 4547 1713 4608 fa·*

918 4651 1084 4720 cultatem,
1099 4652 1133 4710 ut
1144 4649 1268 4710 fructus
1280 4649 1469 4710 earumdem
1481 4647 1709 4717 ecclesiarum,

917 4747 1021 4807 donec
1050 4746 1207 4822 praedicta
1234 4745 1409 4805 occasione
1437 4743 1644 4815 vacaverint,
1675 4744 1710 4803 iu

918 4842 1167 4903 subventionem
1185 4842 1495 4918 Hierosolymitauao
1510 4841 1608 4902 terrae
1623 4855 1708 4899 cou-

917 4941 1059 5006 vertere,
1086 4940 1119 4999 et
1151 4939 1227 5000 iilos
1255 4939 1390 5000 valeant
1415 4938 1520 4998 iibere
1549 4937 1708 4998 detinere.

918 5035 1094 5108 Praeterea,
1111 5035 1189 5112 quia
1205 5037 1339 5113 quidam
1352 5027 1497 5096 vestrum
1519 5034 1639 5094 fratres
1655 5033 1710 5108 ip-

915 5151 1028 5194 sorum
1044 5135 1202 5194 eteorum
1217 5135 1357 5194 clericos
1372 5134 1487 5194 contra
1499 5131 1711 5207 privilegium

917 5231 1013 5292 Sedis
1027 5231 1224 5307 Apostolicae
1238 5233 1319 5308 ipsis
1333 5230 1509 5300 indultum,
1527 5228 1613 5288 sicut
1628 5227 1713 5288 dici-

917 5331 982 5400 tur,
999 5329 1198 5390 interdicere
1219 5331 1252 5389 et
1267 5327 1556 5388 excommunicare
1578 5310 1712 5401 praesu-

919 5427 1022 5497 munt,
1044 5427 1227 5488 districtius
1247 5425 1445 5495 inhibemus,
1463 5439 1504 5483 ue
1527 5423 1617 5498 ipsos
1639 5422 1711 5482 fra-

917 5523 986 5583 tres
1009 5523 1063 5582 vel
1087 5538 1201 5583 eorum
1232 5522 1371 5582 ciericos
1395 5520 1435 5580 de
1457 5523 1578 5581 caetero
1600 5519 1714 5580 taliter

918 5620 1118 5681 interdicere
1140 5623 1173 5682 et
1194 5619 1483 5680 excommunicare
1502 5617 1712 5692 aliquatenus

920 5717 1099 5779 attentetis.
1118 5716 1252 5795 Quodsi
1270 5715 1431 5787 ammodo,
1449 5713 1533 5792 quod
1550 5729 1616 5774 nou
1641 5729 1715 5774 cre-
