3946 6304
65 318 117 376 573

398 469 496 581 tcv'

67 631 414 705 ndarebteptseapnm
426 628 643 692 suasionum
662 627 695 690 et
720 628 851 700 episeo-

96 743 177 802 pam
189 730 484 790 conseranensem
503 728 714 788 orabbatem
737 727 848 786 nont-

99 827 200 901 fanits
217 829 374 888 diaecesis
389 827 644 886 Cartoenarnm.

340 948 376 1006 tl
394 961 460 1004 nav.
482 947 561 1004 lanu.

178 1052 333 1118 illaesiqpe,
347 1051 415 1102 dun.
427 1050 593 1110 OEstere.,lV,
604 1065 630 1115 p.
644 1048 710 1114 lia]

70 1161 171 1221 llaudat
181 1161 225 1217 eis
239 1167 271 1217 ut
282 1159 320 1220 de
330 1159 387 1216 vita
399 1165 427 1214 et
439 1156 583 1216 miraculis
595 1154 753 1226 Bertrandl,
765 1168 852 1226 quon

95 1251 157 1308 duur
172 1248 301 1322 episcopi
315 1249 526 1316 Convenarum,
541 1245 694 1318 diligenter
708 1244 853 1316 inquirant

97 1347 123 1398 et
141 1335 216 1411 quad
239 1337 412 1406 invenerint,
432 1335 520 1393 curiae
535 1336 672 1392 Romane
690 1331 851 1392 murmani-

95 1435 168 1484 cent.

104 1533 309 1596 Venerabilis
332 1533 436 1596 frater
450 1534 563 1595 noster
577 1530 752 1608 episcopus
767 1529 854 1590 Gau·

68 1649 216 1695 ranarum
231 1632 390 1708 exposuit
411 1647 523 1694 coram
539 1628 646 1700 nobis,
659 1627 745 1705 quod
758 1626 853 1688 bonae

71 1730 226 1792 memorias
246 1729 465 1800 Bertrandus,
481 1729 711 1790 Convenarum
724 1725 855 1800 episco-

67 1845 132 1903 pus,
152 1826 253 1888 claris
278 1825 464 1898 miraculis,
491 1826 525 1886 et
551 1824 629 1884 dum
655 1821 793 1891 viveret,
822 1822 855 1881 et

67 1925 134 2000 post
144 1923 269 1986 obitum
281 1923 488 1994 coruscavit;
501 1919 587 1982 unde
599 1919 693 1982 vobis
709 1918 855 1995 exparte

71 2037 132 2092 sua,
141 2022 171 2083 et
183 2021 279 2092 oleri,
288 2019 505 2098 acpopulisui
513 2016 712 2095 supplicavit
726 2016 857 2076 instan-

69 2121 123 2190 ter,
145 2119 179 2181 ut
199 2134 303 2196 super
325 2119 379 2179 luis
394 2117 580 2180 faceremus
604 2114 780 2178 veritatem
802 2112 856 2173 ln-

70 2218 159 2292 quiri,
189 2219 356 2294 quatenus
380 2231 422 2278 aa
444 2215 587 2292 cognita,
614 2213 708 2276 illum
742 2225 857 2289 posse-

71 2331 135 2375 mus
149 2317 347 2378 Sancwrum
361 2314 512 2390 catalogo
534 2325 719 2389 aggregare
736 2331 744 2370 ε
760 2309 856 2370 idea-

70 2428 126 2488 que
164 2412 360 2475 discretioni
401 2414 521 2474 vestrae
562 2424 621 2487 per
666 2406 856 2484 apostolica

74 2509 183 2586 scripta
197 2509 410 2582 mandamus,
426 2509 589 2586 quatenus
605 2506 645 2568 de
657 2505 739 2575 vita,
752 2505 786 2565 et
798 2503 857 2563 ml·

73 2608 184 2668 reculis
204 2609 314 2685 ipsius
335 2606 497 2668 studeatis
517 2605 689 2682 inquirere
709 2601 857 2678 diligen-

74 2706 126 2777 ter,
139 2709 169 2766 et
183 2705 272 2782 quod
295 2705 502 2775 inveneritis,
526 2717 587 2779 per
608 2701 738 2762 uestras
762 2697 858 2759 nobis

76 2800 191 2863 litteras
223 2801 370 2864 fideliter
399 2801 573 2864 intimetis.
604 2799 640 2860 ut
665 2798 700 2857 in
726 2795 858 2871 negatio

76 2897 139 2972 ipso
158 2899 311 2960 securius
333 2897 512 2974 procedere
536 2895 718 2958 valeamus.
737 2894 858 2954 Datum

78 2995 230 3068 Laterani,
244 2997 360 3074 quinta
380 2994 541 3057 kalendas
564 2989 758 3061 decernlnis,
771 3001 858 3050 anna

78 3091 192 3168 quinto.

424 3219 509 3310 cvi

90 3356 133 3414 Aa
147 3357 341 3420 emendant
354 3355 593 3417 scholasticam
606 3351 858 3428 Mapnntr'nurn.

322 3479 357 3538 n
377 3475 511 3536 novemb,
531 3473 611 3534 laub.

91 3582 213 3648 [Rapnald
223 3585 337 3638 Annales
346 3581 487 3634 misnae.
496 3581 529 3632 sd
539 3593 636 3632 annunt
644 3578 714 3637 ΜΟ,
726 3578 739 3643 l
750 3575 850 3641 tte-tt]

82 3690 189 3750 Nuntiat
202 3690 347 3765 quomoda
360 3689 503 3748 eraclius
513 3687 690 3747 Christianus
703 3686 742 3743 sit
755 3685 784 3742 iu
808 3697 859 3740 an·

111 3789 188 3852 gusto
201 3781 322 3854 pesinis.
343 3777 521 3850 sperandum
537 3784 636 3834 tamen
648 3773 723 3847 quod
738 3774 769 3830 in
782 3772 862 3830 brevi

111 3877 294 3937 succurretur,
308 3867 405 3926 multis
419 3864 627 3938 crucesignatis
641 3860 863 3920 transfretaturis

113 3970 203 4014 mense
219 3957 331 4026 martio,
356 3963 385 4014 et
403 3953 553 4014 Frederieo
573 3953 744 4026 imperatore
764 3961 863 4007 meuse

114 4053 237 4118 lugneo

117 4162 278 4224 Honorias
290 4160 464 4239 episcopus
480 4174 598 4222 servus
608 4170 779 4220 servorum
790 4154 861 4226 liei,

87 4257 221 4322 Conrado
244 4258 444 4322 scholastica
476 4255 671 4332 ldoguutino
687 4269 727 4316 ac
753 4252 885 4330 posui-¹

87 4355 364 4428 leutiarionestro,
379 4357 443 4418 etc.

118 4453 320 4518 Venerabilis
352 4453 456 4514 frater
482 4453 634 4512 noster...
665 4445 864 4510 albanensis

88 4549 462 4629 epscopusnpostoneae
476 4547 571 4610 Sedis
582 4546 723 4623 legatus,
736 4559 865 4606 necnon

89 4643 186 4709 dilecti
200 4649 260 4710 tilii
273 4649 450 4711 universus
468 4645 637 4708 exercitus
655 4642 865 4704 Christianus

681 304 911 368 EPISTOLAE.
934 307 1012 368 LlB.
1036 307 1074 366 V.

1642 311 1705 370 etl·

905 465 990 536 Quin
1005 463 1105 528 ctiam
1119 463 1238 527 timent
1263 481 1305 526 ue
1320 466 1354 526 iu
1380 466 1532 528 manibus
1556 467 1700 529 hostiurn

904 561 1148 638 relinquantur,
1164 562 1200 622 in
1214 563 1448 624 universorum
1468 564 1592 626 Christi
1618 560 1701 626 lide·

904 659 986 719 lium
1001 657 1215 736 approbrium
1230 660 1468 736 sempiternum
1482 662 1516 723 et
1536 661 1571 721 in
1589 662 1702 739 perdi·

904 755 1029 817 tionem
1063 757 1254 833 perpetuam
1289 757 1426 818 modicae
1460 758 1560 820 terrae
1590 759 1703 822 trans·

906 853 1055 926 marina,
1071 867 1144 931 quas
1158 853 1269 915 adhuc
1281 869 1301 915 a
1314 853 1436 917 Christi
1450 855 1601 917 fidelibus
1617 857 1704 918 obti-

906 951 1004 1012 netur
1045 993 1641 1014 ............
1690 998 1699 1016 .

944 1047 993 1110 Ad
1016 1048 1088 1110 liaeo
1106 1049 1142 1110 ut
1162 1049 1285 1112 laeteris
1307 1053 1340 1110 et
1363 1049 1449 1112 alios
1475 1050 1624 1112 laetifices
1639 1067 1702 1112 au-

907 1145 1046 1218 dientes,
1062 1146 1196 1208 noveris
1212 1147 1298 1223 quod
1313 1148 1507 1209 carissimus
1518 1149 1553 1209 in
1569 1149 1699 1212 Christo

907 1243 996 1305 iilius
1010 1244 1124 1306 noster
1139 1243 1335 1306 liredericus
1356 1247 1578 1308 Romanarum
1593 1248 1702 1324 impe-

908 1341 999 1404 rator
1017 1341 1157 1404 illustris
1171 1341 1276 1404 atrax
1291 1343 1415 1404 Siciliae
1430 1358 1536 1419 nuper
1547 1344 1582 1404 ln
1595 1344 1703 1405 domi·-

908 1437 982 1500 nica
1003 1453 1076 1518 quae
1091 1437 1249 1516 precedit
1258 1439 1457 1501 dominicam
1481 1442 1522 1502 de
1540 1441 1700 1514 Adventu,

908 1536 943 1597 in
969 1551 1067 1598 amne
1092 1551 1172 1614 pace
1196 1551 1236 1597 ac
1256 1536 1496 1615 tranquillitate
1517 1539 1702 1616 suscipiens

908 1632 948 1693 de
974 1631 1126 1694 manibus
1155 1633 1279 1695 nostris
1305 1634 1437 1710 imperii
1468 1634 1633 1704 diadema,
1667 1636 1702 1697 in

909 1731 999 1790 omui
1009 1729 1184 1792 devotione
1202 1729 1310 1793 affixit
1324 1726 1394 1792 suis
1409 1731 1558 1792 humeris
1573 1732 1704 1810 publice

909 1826 1041 1902 signum
1065 1827 1185 1900 crucis,
1203 1829 1351 1904 praestito
1373 1843 1416 1889 ex
1440 1829 1559 1892 intimo
1582 1831 1703 1892 mentia

910 1923 1040 1987 fervore
1069 1925 1288 2001 corporaliter
1308 1927 1515 2003 juramenta,
1553 1928 1641 2005 quod
1667 1928 1703 1989 in

910 2022 1062 2099 proximo
1093 2020 1196 2084 futuri
1232 2023 1357 2083 mensis
1386 2023 1519 2098 augusti
1547 2027 1702 2101 passagio

911 2118 1149 2191 transnatabit,
1187 2119 1323 2181 auctore
1357 2121 1508 2192 Domino,
1531 2121 1566 2181 in
1592 2119 1702 2182 subsi-

911 2216 1001 2278 dium
1031 2219 1143 2277 'ferrae
1174 2215 1315 2288 Sanatae,
1343 2216 1549 2278 venerabilis
1575 2233 1704 2296 quoque

911 2313 1016 2375 frater
1037 2315 1188 2375 noster...
1212 2313 1371 2374 Maiensis
1393 2315 1579 2391 episcopus,
1594 2316 1703 2394 impe-

912 2411 1007 2472 rialis
1020 2411 1106 2472 aulae
1121 2411 1341 2472 cancellarius
1357 2413 1390 2474 et
1409 2409 1521 2474 dilecti
1533 2411 1593 2473 lilii
1609 2413 1706 2475 nobi·

912 2509 961 2570 les
983 2508 1086 2569 viri...
1113 2507 1181 2570 dux
1209 2508 1361 2571 Bavariae
1389 2523 1429 2570 ac
1454 2511 1639 2572 warnerus
1665 2511 1705 2574 de

912 2605 1085 2668 Bollandia
1101 2605 1242 2683 dapifer,
1264 2621 1394 2668 necnon
1410 2607 1468 2668 alii
1483 2608 1704 2681 marchiones,

913 2704 1061 2776 comites,
1087 2703 1229 2765 barones
1256 2704 1296 2765 de
1319 2705 1506 2766 Theutania
1533 2707 1565 2770 et
1585 2707 1705 2784 Apulia

913 2801 1024 2878 plures
1034 2816 1131 2878 quam
1143 2800 1386 2877 quadringenti,
1399 2803 1432 2862 et
1441 2817 1516 2862 euru
1528 2803 1576 2864 eis
1589 2797 1708 2866 nume-

913 2913 989 2959 rosa
1004 2897 1145 2959 militum
1159 2897 1193 2958 et
1205 2895 1352 2974 peditum
1367 2896 1552 2970 multitudo,
1573 2902 1706 2976 recepto

913 2995 1023 3072 palam
1036 2993 1145 3056 crucis
1163 2993 1346 3070 signaculo,
1367 2993 1402 3054 in
1420 2995 1571 3071 proxima
1590 3013 1708 3073 passa-

914 3092 968 3168 gio
995 3091 1106 3154 martii
1128 3106 1163 3152 se
1184 3089 1456 3154 transfretaturos
1480 3092 1516 3153 in
1539 3093 1707 3170 praedictae

915 3191 1026 3250 Terrae
1039 3186 1223 3248 subsidium
1238 3187 1457 3262 devoverunt3
1471 3190 1706 3268 propterquod

915 3285 1050 3364 expedit
1063 3285 1099 3348 ut
1110 3284 1333 3360 crucesignati
1348 3286 1381 3347 et
1398 3286 1652 3362 crucesignandi
1666 3288 1707 3349 ad

914 3380 1197 3445 transfretandum
1223 3381 1297 3444 sine
1320 3382 1409 3443 omni
1425 3398 1518 3444 mora
1540 3383 1706 3458 festinent,

916 3480 1080 3557 quatenus
1104 3477 1300 3540 coadunatis
1326 3478 1454 3540 viribus
1480 3480 1707 3557 procedentes,

916 3575 1061 3644 facilius,
1079 3577 1115 3636 ut
1130 3590 1314 3652 speramus,
1328 3579 1465 3638 auctore
1475 3577 1625 3650 Domino,
1644 3579 1711 3639 ini-

917 3673 1021 3734 micos
1049 3672 1193 3734 nominis
1228 3672 1405 3734 christiani
1432 3672 1566 3735 valeam
1594 3675 1711 3751 protil-

916 3785 1009 3847 gare.
1035 3771 1154 3830 Datum
1172 3769 1340 3840 Laterani,
1357 3772 1385 3830 V
1404 3769 1565 3831 kalendas
1579 3771 1711 3833 decem·

917 3866 997 3939 bris,
1009 3864 1220 3942 pontificatus
1235 3865 1340 3927 nestri
1355 3878 1444 3927 anno
1457 3865 1582 3944 quinta.

1258 4069 1365 4158 CVII

938 4207 991 4268 Ad
1004 4202 1158 4267 abbatem
1173 4204 1207 4265 et
1222 4204 1427 4265 conventura
1446 4205 1697 4281 Vicoqnonsern,

1108 4301 1522 4363 oraeaensnrreuotensts.

1171 4420 1205 4480 ²7
1225 4418 1358 4479 novemb.
1379 4421 1458 4479 litt).
1582 4411 1583 4416 ’

920 4535 1053 4602 [biblioth.
1064 4535 1199 4590 Nationals
1213 4535 1246 4586 ds
1258 4535 1341 4593 Paris,
1355 4535 1431 4586 fonds
1441 4537 1551 4600 Mneau,
1563 4539 1715 4592 danastrin

1174 4615 1260 4674 latius,
1269 4620 1288 4664 t.
1303 4613 1357 4673 l28,
1369 4630 1394 4679 p.
1407 4615 1459 4681 ltu]

89 4743 253 4808 existentes
274 4745 361 4823 apud
385 4743 570 4806 numatam
585 4741 621 4802 in
636 4739 774 4801 servitio
786 4741 867 4801 ΜΠ
921 4721 998 4780 lllius
1012 4729 1171 4822 conventus
1183 4735 1285 4824 onnes
1298 4721 1499 4795 passessiones
1511 4724 1670 4798 confirmat,
1686 4736 1715 4786 et

90 4838 208 4916 Christi,
220 4844 289 4905 suis
302 4842 398 4905 nobis
412 4840 538 4902 nunt-,is
553 4840 587 4900 et
600 4837 719 4899 litteris
730 4835 868 4897 intima,
979 4809 1031 4870 sub
1045 4810 1122 4868 beatu
1137 4812 1212 4868 Petn
1227 4817 1257 4867 et
1268 4823 1321 4868 sua
1337 4813 1512 4883 protectione
1525 4816 1653 4889 suscipit.

91 4939 262 5016 ruut,quad
287 4955 374 5001 nuric
398 4937 517 5015 majori
534 4937 567 4997 et
587 4933 761 4996 maturiori
785 4945 866 4993 suc·
964 4926 1633 5005 Honoriusepisaopus,servasservorum
1643 4935 1714 5008 Dei,

92 5046 188 5106 eursu,
212 5050 309 5114 quam
334 5049 504 5111 uunquam
530 5030 721 5108 indiguerit,
742 5029 868 5104 indiget
922 5025 1052 5087 dilectis
1063 5024 1141 5086 tiliis
1151 5023 1263 5086 abbati
1274 5026 1307 5086 et
1316 5027 1494 5088 conventui
1502 5029 1714 5105 Vicognensi,

92 5129 182 5194 ferra
195 5136 324 5207 Sancta,
339 5149 413 5196 cum
429 5131 541 5194 multis
563 5130 603 5192 de
628 5127 778 5206 partibus
799 5126 868 5187 illis
887 5125 888 5132 ’
922 5121 1063 5182 salutem
1078 5121 1110 5182 et
1123 5121 1341 5198 apostolicam
1355 5120 1629 5185 benedictionem.

93 5231 222 5292 reuersis
241 5232 282 5294 ad
301 5231 448 5311 propria,
465 5227 676 5290 Christianus
701 5224 868 5286 exercitus
965 5220 1182 5280 sacrosancta
1197 5219 1347 5280 Romana
1361 5218 1509 5280 Ecclesia
1529 5219 1664 5284 devotos
1684 5225 1733 5287 et·

95 5321 132 5384 sit
150 5327 283 5390 nimium
301 5327 487 5390 rarefactos
505 5346 512 5384 ι
529 5324 576 5386 ita
591 5321 677 5400 quod
697 5321 764 5384 nisi.
775 5320 869 5382 natis
924 5314 1067 5377 humiles
1080 5315 1371 5378 liliosexassuetae
1383 5315 1634 5392 pietatisolllcio
1644 5336 1719 5398 pro·

94 5415 290 5508 bellatoribus
299 5425 452 5488 celeriter
459 5421 675 5492 instauretur,
688 5433 755 5480 non
763 5417 870 5478 solum
924 5413 1061 5490 pensius
1074 5412 1212 5488 diligere
1226 5413 1409 5484 consuerit,
1431 5413 1464 5474 et
1482 5429 1525 5475 na
1540 5431 1717 5492 pravarum

95 5515 205 5581 terram
228 5524 485 5584 sarracenorum
511 5516 648 5594 aggredi
672 5531 738 5578 nou
764 5514 870 5576 auda·
925 5509 1094 5572 hominurn
1107 5509 1267 5572 molestiis
1279 5510 1456 5586 agitentur,
1470 5527 1538 5584 eos,
1550 5515 1718 5592 tamquam

96 5607 175 5688 bunt,
190 5634 300 5682 verum
314 5621 414 5682 etiam
427 5617 484 5679 vix
497 5613 651 5693 poterunt
663 5614 757 5690 parta
770 5610 868 5675 tueri.
925 5610 979 5686 pia
996 5609 1110 5680 mater,
1130 5623 1197 5670 suae
1211 5607 1424 5686 protectionis
1436 5610 1616 5672 munimine
1638 5628 1719 5674 con-
