3946 6304
284 341 345 404 503

285 501 470 566 venerabili
485 503 616 566 tratri...
635 499 857 568 Dunkeldensi
871 505 1036 583 episcopo,
1048 506 1082 569 et

285 601 416 664 dilectis
431 602 509 664 tiliis
525 603 683 678 magistro
698 602 833 676 Jacobs,
851 603 1025 681 capellano
1048 604 1082 665 et

285 700 533 776 poenitentiario
554 701 678 772 nostre,
700 700 898 778 apostolicae
912 701 1005 764 Sedis
1026 701 1079 762 le·

285 797 374 872 gata,
400 798 467 859 et...
496 796 607 859 abbati
634 797 674 858 de
699 797 937 860 Dumiarmelin
967 797 1079 859 Sancti

285 895 424 955 Andreae
439 893 603 966 dioecesis,
621 895 773 967 salutem,
791 895 852 958 etc.

328 989 443 1053 Oblata
465 991 560 1052 nobis
575 991 686 1054 dilecti
707 992 804 1053 tilii...
821 993 943 1070 prioris
968 991 1081 1054 Sancti

284 1089 425 1150 Andreae
455 1090 659 1166 conquaestio
682 1089 847 1166 patefecit,
870 1090 955 1167 quod
980 1105 1080 1167 quum

285 1185 373 1246 idem
388 1183 468 1247 olim
483 1188 618 1264 propter
634 1187 776 1264 injurias
797 1188 831 1249 at
849 1185 1080 1264 oppressiones

285 1283 408 1354 varias,
425 1284 545 1361 quibus
562 1284 670 1361 ipsum
684 1286 717 1347 et
728 1301 806 1346 suos
819 1300 933 1346 eorum
947 1283 1080 1360 episco-

283 1394 346 1454 pus
364 1378 541 1456 affligebat,
566 1379 608 1440 ad
630 1381 777 1442 nostram
796 1380 999 1442 audientiam
1016 1393 1080 1455 ap-

238 1545 244 1548 ,
285 1474 453 1551 pallasset,
471 1477 504 1538 et
517 1493 592 1539 cum
604 1479 644 1538 H.
663 1476 703 1538 de
718 1477 833 1538 Dimde
848 1477 1009 1540 canonico
1020 1491 1081 1536 suo

284 1573 484 1650 arripuisset
507 1574 571 1636 iter
596 1590 697 1636 causa
718 1573 940 1651 prosequendi
962 1573 1081 1650 appel-

285 1669 444 1732 lationem
459 1687 556 1744 suam
580 1671 753 1734 adsedem
776 1671 999 1748 apostolicam
1019 1686 1080 1732 ve-

284 1767 408 1838 niendi,
430 1784 504 1828 cum
520 1767 711 1830 infirmitate
727 1768 875 1845 corporis
895 1768 1013 1830 etaliis
1028 1768 1082 1828 in·

285 1864 464 1926 commodis
489 1865 677 1942 impeditus,
693 1869 764 1943 jam
788 1865 910 1928 dictam
927 1865 1080 1942 appella-

284 1961 408 2022 tionem
433 1962 655 2039 personaliter
678 1963 833 2040 prosequi
855 1979 921 2024 non
942 1962 1079 2033 valeret,

213 2091 215 2096 ·
265 2041 352 2136 'jam
374 2059 497 2122 dictum
521 2059 717 2122 canonicum
737 2075 833 2120 suum
847 2075 947 2120 causa
961 2076 1080 2136 prose·

285 2157 407 2233 quendi
431 2157 688 2235 appellationem
709 2158 915 2234 praemissam
937 2157 978 2218 ad
999 2173 1080 2218 nos-

283 2255 370 2314 tram
382 2255 594 2331 praesentiam
607 2254 795 2316 destinavit.
808 2254 988 2330 Episcopus
1001 2269 1080 2315 vero

284 2350 453 2428 praelatus,
470 2352 507 2413 ut
519 2351 567 2412 sic
582 2351 699 2414 saltem
714 2351 822 2427 ipsum
838 2352 955 2412 etsuos
971 2351 1082 2427 posset

285 2448 428 2524 amplius
441 2464 635 2524 aggravare,
653 2448 694 2508 ad
705 2448 930 2511 venerabilem
945 2447 1080 2510 tratrem

285 2547 472 2606 nostrum...
502 2545 781 2606 numblanansam
820 2545 1011 2622 episcopum
1049 2547 1082 2606 et

286 2642 477 2718 conjudices
505 2645 620 2704 contra
646 2641 819 2718 praelatum
842 2644 882 2703 H.
905 2658 1005 2719 super
1028 2657 1078 2715 ec,

286 2739 371 2816 quod
387 2739 527 2812 dicebat,
547 2739 699 2801 eumdem
723 2739 763 2800 de
785 2739 937 2817 hisquae
953 2755 1013 2816 pro
1030 2739 1083 2800 ia-

285 2835 380 2898 brica
402 2835 553 2898 ecclesiae
570 2837 683 2898 Sancti
706 2836 847 2898 Andreae
871 2837 1078 2914 perceperat,

285 2934 375 2996 nolle
408 2933 471 2994 sibi
508 2933 646 2996 reddere
672 2935 847 3006 rationem,
873 2933 1080 3010 Apostolicas

286 3030 415 3092 litteras
446 3031 647 3108 impetravit,
674 3031 747 3110 qui,
775 3031 936 3093 citatoriis
960 3031 1080 3092 litteris

285 3127 327 3190 ad
345 3129 519 3190 ecclesiam
535 3130 750 3190 memoratam
766 3129 982 3196 transmissis,
999 3143 1081 3204 prae·

284 3225 389 3287 iatum
401 3227 454 3299 ll,
467 3226 637 3286 absentem
659 3241 818 3288 excausa
833 3225 982 3302 praelata,
999 3242 1082 3287 con-

285 3325 450 3385 tumacem
462 3323 654 3400 reputantes
669 3339 729 3399 pro
748 3339 799 3390 eo,
821 3322 907 3400 quod
930 3338 965 3384 se
989 3324 1081 3400 ipso·

242 3465 248 3472 .
286 3435 360 3480 rom
384 3420 575 3496 conspectui
608 3421 746 3480 minime
782 3421 1013 3496 praesentavit,
1043 3419 1079 3480 ιιι

285 3517 449 3588 eumdem,
460 3517 539 3578 licet
553 3519 625 3593 ejus
638 3517 788 3578 absentia
804 3532 863 3593 per
880 3518 1078 3594 procurato-

283 3629 354 3675 rem
374 3615 479 3691 ipsius
502 3614 636 3690 prioris,
653 3629 750 3690 qnam
770 3613 958 3691 specialiter
978 3629 1079 3676 causa

284 3710 454 3788 tangebat,
467 3712 499 3774 et
511 3711 613 3772 alium
627 3710 824 3772 canonicum
840 3727 936 3772 sunm
947 3711 981 3772 in
992 3727 1080 3787 prae-
1141 3723 1145 3732 ·

899 347 1074 408 nononu
1098 347 1142 408 ιιι
1164 349 1311 410 canna.
1863 355 1911 413 504

1491 516 1583 604 XIX
1698 543 1702 548 ·

1172 650 1226 709 Ad
1242 651 1516 724 archiepiscopos
1535 649 1570 710 et
1594 652 1769 724 episcopos
1791 655 1881 726 replet

1431 749 1637 823 Hunnortoe.

1397 860 1428 917 ιι
1456 860 1571 933 augusti
1594 860 1672 918 iiio.

1263 963 1392 1029 [Tboinen
1404 965 1471 1014 ιιοιι.
1486 965 1657 1028 Hungariaed,
1669 963 1710 1026 it,
1722 980 1747 1014 n.
1758 965 1808 1030 bb]

1135 1061 1364 1135 Archiepiscopis
1392 1063 1585 1136 coepiscopis
1607 1063 1772 1136 Hungariae,
1797 1071 1826 1120 ut
1847 1067 1910 1138 regi·

1170 1165 1248 1220 nam,
1265 1151 1289 1208 si
1304 1153 1396 1208 virum
1411 1165 1495 1212 suurn
1510 1151 1583 1208 mori
1600 1151 1758 1224 contingat,
1780 1149 1913 1212 defendant
1970 1157 1971 1230 l

1170 1245 1199 1296 et
1208 1239 1337 1313 eiusdem
1351 1239 1559 1312 possessiones.
1970 1235 1971 1266 ι

1176 1347 1343 1408 Honorius
1373 1347 1558 1424 episcopus,
1585 1347 1660 1417 etc,
1686 1319 1971 1410 venerabilibus
1970 1397 1971 1422 ,

1136 1443 1294 1505 iratribus
1314 1444 1574 1522 archiepiscopis
1599 1447 1632 1508 et
1652 1444 1815 1522 episcopis
1833 1437 1971 1534 regni}

1136 1543 1327 1618 Hungariae,
1342 1541 1492 1613 salutem,
1510 1543 1572 1603 etc.
1970 1611 1971 1616 1

1176 1639 1282 1712 Quum
1319 1638 1527 1700 carissimam
1558 1639 1595 1700 in
1628 1637 1759 1702 Christo
1787 1637 1912 1700 ditem..

1136 1737 1367 1813 Hungarorum
1383 1735 1533 1812 reginam
1546 1735 1711 1796 illustrem
1726 1752 1801 1797 cum
1821 1737 1916 1798 omni·

1136 1831 1207 1904 bus,
1218 1849 1291 1910 quae
1301 1833 1335 1894 in
1347 1830 1915 1909 praesentiarnmrationabiliterpos·

1137 1928 1232 2000 sidet,
1257 1929 1315 1990 aut
1341 1928 1375 1989 in
1399 1927 1545 1990 futurum
1563 1927 1663 2005 justis
1683 1927 1804 2000 modis,
1828 1943 1916 2006 pras·

1135 2025 1226 2086 tante
1241 2026 1392 2098 Domino,
1409 2025 1530 2102 poterit
1549 2023 1700 2101 adipisci,
1717 2025 1779 2086 sub
1793 2027 1912 2102 protec-

1135 2122 1226 2183 tione
1249 2123 1439 2198 Apostolica
1466 2121 1710 2198 receperimus.
1738 2121 1913 2183 lratarnita-
1970 2105 1971 2188 ι

1135 2219 1201 2280 tem
1212 2220 1355 2281 vestram
1368 2217 1551 2294 rogandam
1567 2217 1722 2280 duximus
1742 2219 1775 2279 et
1792 2234 1916 2278 monen-

1135 2314 1210 2376 dam
1214 2315 1914 2393 ,perApostolicavobisscriptamandantes,

1136 2414 1297 2489 quatenus
1330 2412 1360 2474 si
1381 2412 1467 2473 rorte
1500 2413 1711 2474 carissimum
1737 2413 1773 2472 in
1801 2411 1916 2472 Christo

1136 2509 1400 2571 iiliumnostrum
1410 2511 1582 2586 A.,regem
1591 2508 1918 2584 Hungarorumillus·

1136 2606 1232 2679 trem
1248 2607 1357 2668 virum
1369 2606 1485 2683 ipsius,
1500 2607 1629 2668 naturae
1640 2604 1786 2667 debitum
1801 2605 1915 2666 solvere

1136 2703 1313 2778 contigerit
1327 2705 1404 2764 ante
1423 2703 1528 2774 illam,
1546 2703 1653 2779 ipsam
1675 2702 1913 2778 hahentespro·

1134 2800 1270 2879 pensius
1307 2801 1591 2862 commendatam:
1631 2815 1697 2861 non
1732 2798 1916 2876 permittatis

1135 2900 1284 2962 eamdem
1300 2913 1400 2974 super
1419 2897 1494 2959 dote
1514 2901 1549 2958 et
1569 2897 1646 2958 aliis
1661 2895 1912 2974 possessionibus

1135 2997 1168 3056 et
1181 2995 1363 3056 redditibus
1377 2995 1446 3058 suis
1457 3010 1477 3055 a
1489 3009 1654 3072 quoquam
1669 2997 1794 3055 temere
1804 2992 1914 3054 molos-

1135 3093 1211 3164 tari,
1236 3093 1492 3168 praesumptores
1516 3090 1716 3168 hujusmodi,
1744 3091 1913 3151 monitione

1137 3189 1319 3265 praemissa,
1357 3203 1416 3264 per
1450 3203 1625 3249 censuram
1653 3187 1911 3256 ecclesiasticam,

1135 3287 1358 3363 appellatione
1370 3284 1806 3362 postpositacompescendo.
1814 3287 1916 3345 Datum

1135 3383 1221 3460 apud
1249 3383 1367 3444 Urbem
1396 3383 1567 3454 Veterem,
1603 3384 1648 3443 lli
1679 3381 1756 3442 idus
1787 3380 1914 3457 augusti,

1134 3495 1222 3541 anno
1236 3480 1361 3557 quinto.

1499 3593 1569 3679 XX

1172 3729 1224 3786 Ad
1237 3727 1409 3788 Joonnenc
1425 3741 1543 3804 repam
1558 3717 1881 3801 Hierosolymorum.

244 3846 250 3867 .
282 3809 460 3870 missorum
484 3809 634 3886 judicum
661 3809 838 3886 praesentia
875 3807 1079 3870 sufficienter

282 3907 441 3969 excusata
456 3905 584 3978 inisset,
605 3905 645 3967 de
658 3906 745 3968 iacto
762 3905 1080 3968 excommunicatio-

1402 3830 1433 3886 ιι
1454 3830 1568 3902 augusti
1589 3830 1668 3888 iiio.

1178 3925 1330 3990 [lisynaldi
1351 3925 1443 3977 Annal.
1462 3926 1531 3984 ecci,
1544 3925 1577 3976 ad
1599 3940 1660 3976 ann.
1677 3925 1746 3986 laio,
1762 3925 1879 3990 355-th

283 4005 337 4066 1¹5³
360 4004 557 4066 Ssssstsssstiam
575 4003 842 4080 Pl'Offllllssffl'asst»
862 4003 1079 4064 sslhssfflssissllss
1134 4023 1227 4094 Quum
1244 4021 1371 4080 audisset
1390 4023 1531 4080 Honorius
1555 4037 1654 4095 regem
1682 4023 1866 4096 Hierosolym.
1888 4035 1917 4077 se

272 4103 318 4180 ,in
334 4103 538 4179 superiorem
553 4100 586 4162 ct
596 4099 778 4177 capitulum
794 4100 1080 4176 ecclesiaesupra-
1170 4127 1234 4168 cum
1258 4111 1317 4168 suis
1338 4111 1466 4168 [laniata
1492 4110 1527 4168 ad
1560 4111 1705 4168 civitatem
1732 4111 1913 4169 Acmnensem

283 4200 380 4274 diotae
395 4215 455 4276 pro
479 4214 530 4270 ee,
547 4198 632 4275 quod
655 4197 696 4258 ad
718 4197 939 4260 mandatum'
931 4214 1078 4274 ipsorum
1169 4198 1347 4268 subduxisse,
1372 4199 1529 4256 veritusne
1550 4196 1859 4272 hujusmodiproiectio
1875 4196 1913 4253 oli·

282 4313 371 4374 saepq
391 4297 512 4358 sactum
526 4295 723 4356 canonicum
743 4296 1077 4366 excommunicatum
1170 4285 1245 4360 quod
1258 4288 1413 4360 periculum
1430 4287 1598 4346 Christianae
1613 4289 1653 4344 rei
1668 4294 1787 4356 crearet,
1797 4286 1830 4343 ad
1844 4286 1909 4342 illum

282 4395 481 4457 sicuqeqlam
501 4409 563 4455 neo
587 4392 759 4463 debebant
784 4393 919 4454 minime
943 4393 1080 4454 nuntia.
1169 4376 1198 4432 in
1214 4374 1772 4448 officiocontinendumhaucepistolam
1788 4373 1887 4431 direxit
1970 4381 1971 4470 ι

281 4495 373 4565 runt,
398 4491 640 4570 suspensionis,
665 4489 877 4566 et1n1psam
901 4490 1078 4552 ecclesiam
1173 4491 1369 4552 Audivimus
1392 4493 1424 4554 te
1451 4492 1670 4554 secessissea
1697 4490 1842 4570 partibus
1857 4491 1913 4550 lla
1970 4501 1971 4572 ι

282 4591 451 4652 interdicti
466 4589 649 4652 sententias
659 4588 919 4664 promulgantes.
937 4587 1079 4665 Ideoque
1134 4589 1255 4661 mistae,
1281 4590 1315 4652 et
1337 4589 1378 4650 ad
1394 4589 1560 4651 civitatem
1575 4592 1685 4650 eccon
1700 4588 1843 4650 collectis
1853 4583 1907 4647 tms
1970 4573 1971 4626 l

283 4687 477 4749 discretioni
502 4689 622 4749 vestrae
649 4700 708 4762 par
732 4684 923 4762 Apostolica
955 4685 1079 4762 scripta
1134 4686 1274 4760 viribus,
1291 4687 1483 4760 accessisse,
1501 4687 1587 4764 quod
1603 4687 1631 4747 si
1646 4701 1686 4748 eo
1701 4679 1911 4763 propositori

282 4784 489 4855 mandamus,
513 4781 1080 4860 quatenus‚srest1tadictassen-
1134 4785 1401 4846 consideratione
1423 4783 1541 4856 fecisti,
1558 4785 1594 4846 ut
1617 4798 1820 4860 paganorum
1842 4793 1909 4858 par-

282 4881 403 4944 tentias
423 4881 534 4942 nullas
559 4894 633 4942 esse
648 4879 778 4957 penitus
794 4879 998 4951 nuntiantes,
1018 4895 1080 4940 au·
1134 4882 1183 4944 tes
1198 4881 1276 4946 illas
1288 4880 1515 4943 infestantium
1536 4880 1728 4941 incursibus
1746 4879 1861 4948 obvies,
1883 4873 1971 4935 et

282 4979 381 5041 diatis
401 4993 548 5046 causam,
560 4980 603 5047 et,
617 4975 841 5054 appellatione
858 4978 997 5048 remota,
1014 4977 1079 5039 fine
1134 4981 1273 5042 conatus
1287 4977 1403 5050 elidas,
1419 4980 1511 5040 tuam
1526 4975 1821 5038 commendamus'
1812 4991 1844 5036 ιιι
1857 4975 1910 5034 Do-
1970 4955 1971 5054 ι

281 5078 391 5139 debito
404 5075 601 5146 terminetis,
624 5073 795 5145 iacientes,
819 5073 905 5150 quod
921 5073 1081 5136 decrero·
1135 5091 1224 5140 m1no
1235 5076 1488 5154 providentiam
1505 5075 1650 5136 maxime
1664 5075 1692 5135 si
1712 5069 1907 5135 Christiania
1970 5057 1971 5110 l

280 5173 366 5245 ritis,
384 5187 444 5249 per
465 5185 640 5233 censuram
655 5169 917 5231 ecclesiasticam
940 5168 1080 5233 tirmiter
1135 5175 1229 5250 parte
1255 5172 1314 5234 illa
1344 5187 1450 5250 usque
1487 5171 1607 5234 adeo
1599 5187 1634 5232 ιιι
1636 5169 1809 5242 i,estantur
1837 5164 1906 5245 quod
1970 5167 1971 5216 l

282 5269 469 5332 observari·
461 5266 755 5345 ,alioquinpartes
771 5266 811 5327 ad
829 5267 984 5344 priorem,
1003 5269 1077 5342 etc,
1134 5267 1718 5344 tantovideanturauxilioindigere.
1727 5263 1907 5329 Porroalias

283 5367 515 5443 appellantem,
541 5365 604 5428 etc
626 5363 767 5436 Quodsi
794 5379 860 5425 non
887 5379 1001 5427 omnes
1025 5365 1079 5426 bis
1134 5367 1260 5443 regiam
1282 5365 1563 5443 magnificentiam
1585 5381 1652 5426 non
1685 5365 1814 5427 deceret
1847 5359 1907 5421 aliis
1970 5325 1971 5452 ι

281 5464 446 5526 interesse
461 5461 624 5540 poteritis,
641 5460 707 5520 duo
721 5460 774 5522 val
789 5476 925 5523 nnusea
941 5461 1081 5539 exsequi
1135 5479 1194 5541 pro
1208 5464 1272 5524 tide
1282 5463 1471 5525 Christiana
1494 5461 1729 5539 pugnantibus,
1753 5462 1785 5524 te
1805 5469 1908 5522 vacare
1970 5489 1971 5554 q

282 5562 385 5622 curet.
410 5561 526 5622 Datum
544 5558 631 5635 apud
648 5556 769 5619 Urbem
779 5559 947 5631 Veterem,
965 5559 1080 5635 quinto
1135 5561 1249 5639 quieti,
1281 5561 1334 5622 vel
1362 5560 1505 5636 negotiis
1529 5559 1729 5636 specialibus
1758 5553 1906 5632 occupari
1970 5557 1971 5622 l

283 5657 511 5732 idusaugusti,
521 5654 1076 5732 pontificatusnostriannoqninto.
1136 5659 1218 5720 lllud
1245 5657 1391 5735 proiecto
1415 5656 1551 5718 credere
1576 5672 1642 5718 non
1666 5657 1821 5727 valemus,
1836 5647 1906 5730 quod
1970 5645 1971 5734 ι
