4198 6322
117 396 179 454 tlt
743 397 971 458 ltl‘lS'l‘ulAE.
996 398 1073 458 nin.
1099 394 1153 458 ill.
1221 403 1225 414 ’
1718 401 1775 460 118

114 555 713 646 successoribus,etipsiusecclesiae
729 557 926 620 Interamnae
982 556 1059 618 item
1087 555 1284 633 quicumque
1316 557 1378 622 est.
1406 555 1459 618 vel
1486 558 1549 620 erit
1577 558 1779 636 coljolarius,

116 655 316 716 memoratae
342 655 377 714 in
399 657 593 734 perpetuum
620 655 655 716 in
678 655 784 716 dotem
813 653 926 717 omnia
982 653 1073 718 dabit
1087 654 1259 715 cunctatim
1275 655 1430 734 episcopo
1444 671 1545 716 unum
1559 671 1620 732 par
1638 656 1779 718 sutella·

116 768 226 828 supra
242 753 366 829 scripta
380 754 571 825 tenimenta,
582 757 615 815 et
626 753 852 829 possessiones
862 755 928 814 ter·
981 750 1068 810 rium
1083 740 1273 812 adsensum
1293 753 1452 830 episcopi.
1479 755 1561 814 Item
1582 753 1780 830 quicumque

116 865 251 916 rarum.
278 851 468 922 vinearum,
503 851 718 928 canapierum
743 852 777 913 et
799 850 925 926 jardini
982 848 1032 909 est
1045 848 1098 909 vel
1111 849 1175 910 erit
1185 849 1343 924 magister
1355 850 1513 926 lapidum,
1530 851 1582 912 vel
1601 851 1779 927 tignorum,

117 963 198 1008 rum
208 947 411 1020 introitibus,
419 948 576 1019 exitibus
585 949 618 1011 et
628 948 781 1010 omnibus
799 947 925 1018 usibus,
982 944 1074 1008 dabit
1088 946 1243 1024 episcopo
1259 948 1400 1023 singulis
1416 950 1513 1011 annis
1530 965 1631 1010 unam
1645 965 1780 1025 operam

116 1047 154 1106 et
170 1044 372 1108 utilitatibus
385 1046 466 1114 suis,
483 1047 516 1108 et
529 1061 602 1106 cum
613 1045 766 1106 omnibus
779 1045 867 1106 inira
878 1061 925 1116 se,
982 1043 1056 1104 sine
1070 1043 1186 1104 fraude
1201 1044 1242 1107 ad
1260 1045 1464 1110 voluntatem
1479 1047 1637 1123 episcopi,
1654 1047 1687 1109 et
1706 1063 1780 1108 cum

116 1143 175 1204 vel
192 1158 296 1220 super
309 1158 345 1203 se
355 1143 566 1216 habentibus,
578 1143 792 1214 ethabendis,
809 1143 849 1206 ad
866 1143 929 1204 ha·
982 1141 1139 1216 expensis
1166 1142 1333 1218 episcopi,
1368 1142 1524 1205 videlicet
1555 1143 1779 1206 comestionis

115 1239 280 1312 bendum,
296 1240 486 1312 tenendum,
504 1241 749 1319 possidendum,
775 1243 808 1304 et
831 1240 928 1318 quid·
983 1239 1062 1298 Item
1072 1237 1113 1300 de
1123 1237 1375 1316 quolibetbove,
1386 1239 1550 1302 retracta
1567 1241 1608 1302 ad
1620 1241 1781 1302 arandum

118 1337 201 1414 quid
212 1338 309 1398 vobis
320 1339 353 1399 et
365 1340 485 1400 vestris
509 1339 757 1406 successoribus
772 1339 927 1416 deinceps
983 1333 1105 1396 babeat
1119 1336 1305 1412 episcopm,
1319 1337 1354 1397 in
1371 1337 1486 1412 vigilia
1502 1339 1656 1398 Omnium
1670 1340 1780 1398 Sano-

116 1436 290 1512 placuerit
313 1435 513 1508 iaciendum,
536 1437 614 1498 item
637 1437 754 1498 damus
776 1437 929 1500 similiter
983 1433 1091 1494 torum
1107 1433 1280 1496 duodecim
1295 1436 1509 1498 Lucenses.»

118 1533 255 1604 domus,
272 1533 495 1606 concedimus,
513 1534 685 1608 tradimus,
703 1533 802 1612 atque
819 1535 928 1611 largi-
1023 1546 1041 1590 c
1058 1530 1139 1592 Item
1159 1531 1358 1614 quicumque
1371 1533 1435 1594 erit
1448 1533 1569 1604 textor,
1584 1532 1638 1594 vel
1658 1532 1783 1595 textrix

119 1630 927 1711 nruruobisD.Rayneri0episcopolnteramnae,
984 1628 1155 1704 canaparii
1187 1628 1224 1690 in
1256 1629 1401 1700 civitate,
1439 1630 1493 1692 rel
1528 1629 1642 1706 burgis
1675 1630 1783 1692 solvat

119 1731 156 1788 et
182 1729 307 1790 vestris
333 1729 581 1790 successoribus
606 1731 642 1792 in
672 1731 866 1807 perpetuum
894 1731 929 1792 in
984 1726 1156 1788 annilatim
1173 1726 1209 1786 in
1225 1726 1341 1802 vigilia
1360 1728 1514 1788 Omnium
1534 1727 1729 1790 Sanctorum
1743 1730 1780 1788 D.

120 1825 236 1886 dotem
260 1841 376 1888 omnes
399 1826 548 1888 redditus
572 1827 776 1900 subnotatos,
795 1829 829 1889 et
850 1830 929 1904 jura
986 1823 1151 1900 episcopo,
1170 1825 1224 1900 qui
1240 1839 1300 1900 pro
1315 1826 1462 1902 ternpore
1480 1825 1555 1896 erit,
1582 1825 1724 1886 mediam
1740 1825 1783 1884 li-

120 1939 184 1999 per
199 1923 388 2000 subscripta
402 1939 422 1984 a
438 1925 584 2000 capitulo
599 1925 928 1998 declarata,scillcet,
985 1919 1078 1980 bram
1105 1921 1241 1998 piperis,
1263 1920 1355 1984 salvo
1381 1923 1512 1999 quodsi
1536 1923 1649 2000 plures
1670 1923 1783 1984 essent

120 2021 164 2082 de
176 2021 328 2097 qualibet
341 2023 474 2082 sarcina
491 2022 657 2098 lignorum
667 2022 707 2084 ad
719 2024 842 2099 ignem,
854 2040 928 2101 quae
984 2018 1142 2090 textores,
1158 2018 1212 2080 vel
1226 2019 1385 2097 textr'qes
1403 2020 1529 2081 slmiles
1544 2021 1580 2081 in
1593 2036 1659 2081 una
1673 2019 1781 2092 domo,

119 2117 267 2179 intrabit
280 2119 315 2179 in
329 2119 464 2180 civitate
473 2121 670 2182 interamne
686 2121 827 2197 recipiat
840 2120 931 2198 epis·
985 2117 1018 2176 et
1046 2115 1081 2176 in
1109 2132 1175 2177 una
1208 2115 1573 2188 cantuariensum
1603 2117 1669 2178 nisi
1697 2133 1784 2176 unus

120 2231 228 2292 copus
236 2215 289 2276 vel
300 2219 372 2292 ejus
384 2217 526 2278 nuncius
534 2218 575 2278 ad
584 2217 787 2280 voluntatem
798 2233 931 2278 suam.»
985 2228 1110 2273 eorum.
1129 2213 1209 2276 Item
1226 2214 1424 2292 quicumque
1439 2217 1500 2287 est,
1520 2215 1573 2276 vel
1601 2215 1667 2276 erit
1686 2213 1784 2291 pelli·

163 2330 182 2372 «
205 2314 289 2375 Item
314 2315 512 2392 quicumque
535 2315 587 2376 est
609 2315 663 2376 vel
687 2315 752 2377 erit
779 2316 931 2377 venditor
985 2310 1111 2385 parius,
1127 2311 1192 2378 det,
1216 2312 1249 2374 et
1272 2312 1380 2374 solvat
1394 2313 1484 2374 omni
1503 2328 1591 2376 anno
1617 2313 1652 2374 in
1666 2311 1783 2388 vigilia

121 2411 271 2496 piscium
285 2411 454 2488 publicum
463 2413 499 2472 in
511 2413 645 2474 civitate
659 2413 929 2485 Interamnaevel
985 2407 1139 2468 Omnium
1166 2409 1363 2474 Sanctorum
1389 2411 1427 2474 D.
1455 2409 1559 2486 episc.
1577 2409 1719 2472 mediam
1741 2409 1785 2468 li·

121 2509 158 2568 in
174 2511 250 2585 ejus
264 2507 390 2584 burgis,
406 2509 441 2570 in
457 2509 605 2586 qualibet
619 2509 824 2572 bebdomada
840 2511 931 2572 dabit
985 2503 1082 2566 nram
1102 2521 1199 2566 cere.
1214 2507 1295 2568 item
1319 2507 1362 2568 de
1380 2507 1533 2570 omnibus
1555 2507 1698 2584 acceptis
1714 2505 1784 2567 sive

121 2622 230 2666 unum
255 2606 378 2682 piscem
393 2605 561 2684 episcopo,
583 2623 649 2668 non
671 2612 843 2684 majorem,
869 2624 931 2669 neo
985 2601 1140 2676 intratis,
1169 2619 1242 2690 quae
1269 2605 1490 2670 communitas
1525 2603 1785 2668 interamnensis

121 2704 302 2774 minorem,
318 2703 376 2764 sed
392 2703 603 2766 mediocrem.
623 2706 704 2766 Item
719 2705 759 2766 de
781 2704 931 2781 quolibet
985 2699 1128 2766 habebit,
1145 2702 1299 2763 teneatur
1313 2703 1534 2764 communitas
1549 2703 1629 2764 dare
1643 2705 1680 2764 D.
1695 2701 1785 2778 epis-

122 2799 262 2862 clibano
275 2800 432 2872 civitatis,
448 2799 501 2862 vel
516 2801 624 2877 burgi,
639 2801 694 2879 qui
710 2803 770 2869 est,
785 2801 837 2864 vel
853 2803 929 2874 erit,
985 2811 1067 2874 copo
1085 2797 1259 2868 decimam,
1275 2815 1374 2876 quam
1389 2800 1550 2862 decimam
1566 2799 1782 2872 camerarius,

122 2899 159 2960 et
173 2896 229 2957 bis
244 2897 300 2973 qui
313 2897 488 2961 suntinter
501 2900 716 2970 mormam,et
729 2899 853 2960 dumen
869 2899 932 2960 ba·
986 2895 1043 2971 qui
1072 2911 1131 2972 pro
1164 2898 1312 2973 tempore
1341 2897 1415 2969 erit,
1449 2898 1579 2959 solvere
1612 2896 1783 2968 teneatur,

120 2992 204 3056 beat
217 2995 392 3072 episcopus
406 2995 552 3072 quolibet
563 2995 678 3058 sabato
694 3012 796 3057 unum
812 3011 930 3074 panem
985 2993 1124 3068 excepto
1138 2994 1224 3069 quod
1237 2994 1278 3056 de
1292 2994 1534 3071 collectisque
1550 2993 1786 3056 uniuersaliter

121 3090 205 3152 boni
222 3093 379 3154 frumenti
396 3092 436 3154 de
453 3093 494 3154 iis
509 3109 590 3170 quos
610 3093 765 3156 habuerit
779 3093 931 3155 clibana·
986 3104 1046 3164 per
1071 3090 1239 3154 civilatem
1263 3091 1431 3168 colligent,
1444 3093 1477 3152 et
1490 3091 1531 3153 de
1544 3091 1782 3160 condemnatis,

122 3187 199 3248 rius
211 3204 272 3266 pro
287 3189 492 3252 forastico.»
877 3255 880 3260 ,
985 3187 1018 3248 et
1032 3185 1291 3252 condemnandis
1306 3189 1347 3250 ad
1358 3205 1488 3252 murum
1504 3189 1649 3252 civitatis
1657 3188 1785 3250 iacien-

167 3303 187 3344 c
200 3289 281 3347 Item
292 3288 490 3364 quicumque
501 3289 561 3359 est,
571 3288 623 3349 rel
633 3288 698 3351 erit
707 3288 930 3361 macellarius,
986 3283 1063 3352 dum
1077 3301 1143 3346 non
1157 3283 1221 3346 tuit
1235 3285 1396 3362 permissa
1411 3285 1538 3348 decima
1553 3309 1561 3360 3
1586 3287 1619 3348 et
1632 3286 1785 3363 quicum·

123 3383 162 3444 in
194 3383 311 3458 vigilia
340 3385 531 3447 Natiuitatis
558 3385 690 3448 Domini
715 3384 807 3447 dabit
830 3402 930 3447 unam
986 3382 1594 3459 quesuprascriptanonohservarerit,
1604 3383 1784 3461 requisitus

123 3481 270 3558 spallam
296 3483 484 3558 porcinam,
511 3483 544 3543 et
570 3483 733 3559 integram
757 3500 831 3545 cum
856 3483 930 3546 cute
985 3481 1140 3541 teneatur
1151 3481 1281 3542 solvere
1296 3496 1428 3558 poenam
1451 3482 1627 3558 duplicem,
1642 3485 1674 3544 et
1686 3497 1784 3558 poena

126 3579 286 3654 episcopo
317 3577 571 3639 interamnensi.
614 3579 695 3639 Item
731 3579 931 3657 quicumque
986 3577 1093 3638 soluta
1114 3577 1332 3638 nihilominus
1352 3579 1530 3654 persolvat.
1552 3579 1633 3640 Item
1654 3579 1783 3640 consti-

124 3677 181 3736 est
196 3675 249 3736 vel
264 3674 404 3751 erit,qui
418 3674 540 3736 habeat
551 3675 776 3746 molendinum
792 3676 832 3738 ad
849 3691 930 3753 par·
985 3674 1110 3734 tuimus
1136 3675 1169 3736 et
1188 3675 1392 3746 ordinamus,
1407 3676 1492 3752 quod
1522 3676 1697 3754 episcopus
1718 3691 1785 3738 non

124 3773 268 3842 temnet
286 3771 933 3848 coptumumdabnincastiniacensis·
987 3772 1235 3847 constringatur
1262 3772 1375 3849 aliquo
1402 3773 1512 3834 bando
1540 3772 1580 3836 de
1613 3772 1786 3836 vendendo

124 3869 189 3930 riae
203 3871 343 3946 Augusti
360 3885 461 3930 unum
486 3871 651 3932 raserium
670 3887 811 3934 annonae
835 3873 930 3949 epis·
987 3868 1039 3930 vel
1056 3869 1262 3930 extrahendo
1274 3868 1383 3941 blada,
1400 3869 1551 3942 velvina,
1565 3871 1616 3930 vel
1628 3869 1785 3948 quidquid

125 3982 211 4044 copo
228 3967 470 4028 interamnensi
489 3967 530 4028 ad
551 3969 716 4029 raserium
741 3970 930 4030 communi·
987 3964 1027 4026 de
1048 3965 1210 4028 fructibus
1225 3969 1323 4028 terrae
1335 3966 1480 4030 voluerit
1492 3968 1580 4030 intra
1593 3967 1785 4036 incivitate,

125 4062 207 4126 tatis
221 4065 355 4137 nostras,
376 4081 450 4126 cum
472 4080 536 4144 quo
552 4065 682 4143 publice
707 4066 873 4139 venditur,
899 4069 932 4130 et
986 4063 1038 4127 vel
1054 4064 1160 4135 extra,
1175 4063 1273 4140 prout
1285 4063 1348 4126 sibi
1373 4064 1546 4142 placuerit.
1567 4067 1646 4128 Item
1662 4066 1788 4130 consti-

126 4162 261 4224 emitur.
281 4163 359 4223 item
376 4163 404 4223 si
420 4163 545 4226 domini
558 4163 741 4225 molendini
755 4165 932 4226 retinuerit
986 4161 1123 4232 inimus,
1138 4164 1171 4223 et
1186 4161 1391 4234 ordinamus,
1405 4161 1492 4240 quod
1506 4163 1682 4240 episcopus
1695 4166 1728 4226 ei
1738 4179 1790 4225 ca·

127 4259 368 4330 molendinum,
386 4261 433 4324 ita
446 4261 531 4338 quod
547 4277 614 4324 non
630 4261 684 4324 det
699 4261 775 4324 aliis
793 4262 834 4325 ad
848 4278 931 4339 par·
985 4259 1098 4321 nonici
1126 4275 1192 4320 non
1224 4261 1400 4339 teneantur
1410 4261 1539 4322 solvere
1552 4261 1711 4322 salarium
1727 4277 1786 4339 pro

127 4359 208 4428 tem,
237 4357 290 4418 vel
307 4360 507 4436 coptumum,
525 4358 811 4433 similitersclvat,
830 4377 931 4421 unum
987 4357 1110 4428 causis,
1127 4373 1212 4433 quas
1238 4357 1416 4420 habuerint
1441 4359 1475 4418 in
1501 4358 1596 4420 curia
1625 4360 1788 4420 interam-

128 4453 295 4515 raserium
309 4457 616 4534 annonaeepiscopo
632 4457 829 4518 interamnae
845 4473 933 4534 pree-
988 4455 1085 4516 nensi
1107 4470 1219 4515 rerum
1247 4456 1473 4528 canonicatus,
1501 4457 1535 4516 et
1562 4456 1785 4532 episcopatus.

127 4554 219 4614 dicto
242 4554 401 4630 tempore,
416 4554 493 4615 item
510 4554 709 4630 quicumque
723 4557 785 4626 est,
800 4555 852 4615 vel
868 4556 932 4616 erit
988 4555 1069 4613 Item
1085 4551 1330 4624 constituimus,
1345 4553 1378 4614 et
1387 4552 1592 4625 ordinamus,
1601 4552 1688 4629 quod
1701 4553 1787 4614 nulli

127 4650 305 4722 serrarius,
332 4651 388 4726 qui
411 4649 531 4712 babeat
545 4651 701 4722 tucinam,
720 4651 811 4713 dabit
832 4667 931 4712 unum
987 4650 1274 4711 excommunicato
1288 4649 1330 4710 ab
1345 4649 1511 4727 episcopo,
1528 4650 1561 4712 et
1587 4650 1788 4714 denunciato

127 4764 193 4826 par
219 4748 260 4809 de
285 4747 396 4808 terriis
418 4765 492 4810 cum
513 4749 618 4810 clavis
644 4750 799 4826 episcopo
820 4753 931 4812 luter·
983 4748 1114 4825 justitia
1129 4747 1232 4808 tlatin
1255 4745 1348 4808 curia
1365 4749 1610 4811 communitatis
1626 4750 1789 4811 interam-

126 4863 238 4908 amnae
261 4845 303 4906 ad
332 4846 534 4908 voluntatem
555 4847 701 4924 episcopi
726 4848 815 4910 omni
829 4863 929 4920 anno,
989 4861 1051 4918 nae,
1068 4843 1133 4905 nisi
1149 4845 1240 4922 prius
1260 4845 1470 4919 satisfecerit,
1488 4847 1521 4908 et
1544 4847 1616 4908 baec
1640 4847 1787 4924 capitula

126 4945 280 5022 exceptis
306 4945 448 5020 quatuor
481 4945 522 5006 de
550 4945 700 5006 terrariis
721 4946 751 5006 si
776 4945 933 5007 maluerit
988 4942 1230 5014 constituimus
1247 4945 1281 5006 et
1300 4943 1453 5005 volumus
1469 4960 1528 5021 per
1543 4960 1616 5016 nos,
1633 4949 1786 5007 nostros·

127 5042 306 5119 episcopus
331 5041 387 5119 qui
416 5041 540 5104 dabunt
555 5043 586 5104 ei
601 5043 743 5120 quatuor
762 5043 929 5116 cultellos,
988 5055 1050 5117 que
1072 5055 1296 5114 successores,
1324 5043 1357 5103 et
1371 5057 1432 5118 per
1453 5042 1610 5120 populum
1626 5044 1790 5104 Interam·

127 5139 219 5200 inter
239 5155 353 5200 omnes
375 5141 528 5216 quatuor.
555 5141 636 5201 item
656 5140 856 5218 quicumque
869 5141 931 5214 est,
988 5153 1123 5199 nensem
1138 5135 1245 5211 tirma,
1259 5139 1291 5200 et
1304 5141 1374 5201 rata
1387 5141 1546 5218 perpetuo
1561 5140 1678 5202 teneri.
1706 5143 1788 5201 item

128 5237 184 5298 rel
206 5236 271 5299 erit
285 5237 574 5313 pandariuslanae,
591 5237 682 5299 dabit
700 5238 855 5316 episcopo
870 5255 934 5300 an·
987 5235 1230 5308 constituimus,
1245 5239 1279 5299 et
1297 5237 1501 5310 ordinamus,
1518 5238 1603 5313 quod
1620 5237 1661 5297 de
1679 5238 1789 5298 omni-

128 5333 259 5397 nuatim
275 5334 416 5396 mediam
432 5334 550 5396 libram
564 5336 696 5398 ceraein
707 5334 823 5412 vigilia
835 5337 934 5400 Nati·
986 5334 1047 5394 bus
1085 5334 1253 5411 expensis,
1284 5350 1367 5411 quas
1393 5333 1510 5396 iecerit
1542 5333 1716 5411 episcopus
1751 5335 1787 5396 in

129 5431 244 5494 nitatis
260 5433 401 5494 Domini.
419 5435 499 5495 ltem
510 5433 710 5510 quicumque
721 5435 782 5507 est,
798 5434 852 5498 vel
868 5435 932 5497 erit
987 5432 1098 5494 causis
1111 5435 1206 5494 extra
1219 5431 1386 5494 ciuitatem
1403 5447 1462 5508 pro
1475 5431 1662 5504 retinendo,
1678 5431 1712 5494 et
1730 5448 1789 5495 re-

128 5531 306 5602 mercator,
328 5531 385 5608 qui
413 5531 534 5592 vendat
555 5547 611 5592 res
635 5547 713 5592 suas
739 5532 780 5592 ad
804 5533 932 5609 pondus
989 5529 1178 5607 cuperando
1194 5530 1397 5606 episcopatu,
1422 5531 1455 5590 et
1477 5531 1553 5606 J'ura
1578 5529 1683 5606 ipsius
1699 5531 1789 5608 epis-

129 5629 238 5700 librae,
251 5627 342 5690 dabit
353 5630 526 5692 annuatim
537 5629 850 5706 episcopoquartam
860 5647 933 5707 par·
988 5629 1125 5704 capatus
1140 5643 1214 5688 cum
1230 5625 1419 5688 bominibus
1438 5625 1494 5703 qui
1516 5641 1581 5688 non
1598 5631 1676 5689 sunt
1698 5627 1788 5688 cives

130 5729 195 5787 lem
213 5726 337 5802 piperis
366 5726 398 5787 in
426 5727 541 5802 vigilia
561 5726 753 5790 Natiuitatis
775 5729 929 5789 Domini:
988 5729 1196 5796 interamnae,
1211 5723 1431 5816 communitas
1455 5723 1526 5800 ipsa
1556 5725 1709 5786 teneatur
1733 5725 1787 5785 sn·-
