3978 6292
70 355 122 414 an
204 436 207 449 Ι
669 351 898 416 nrisrona.
923 352 1000 412 nin.
1025 353 1079 412 iv.
1283 319 1286 332 '
1638 363 1699 425 eie

71 514 324 578 solemnitatibus
349 515 543 580 sanctornm
569 515 670 578 liceat
693 509 850 576 tratribus
903 513 1062 592 episcopi,
1088 529 1205 591 nempe
1219 515 1310 578 inter
1330 531 1401 588 vos,
1422 517 1454 580 et
1475 518 1699 584 venerabilem
1749 575 1752 580 .

69 611 241 690 praedicare
255 610 392 676 verbnm
407 613 466 676 Dei
480 613 632 676 fidelibus
649 609 851 676 aduenienti·
904 610 1039 676 tratrem
1054 613 1203 676 noemam
1220 614 1399 690 Ripensern
1424 615 1625 693 episcopum,
1641 635 1700 680 su·

8 737 10 752 ·
70 711 134 781 bns,
148 710 179 772 et
192 709 228 774 in
240 709 385 783 civitate,
396 711 450 772 vei
466 712 660 790 episcopatu
684 714 851 804 invitantia
873 737 874 748 ι
905 725 964 786 per
975 709 1231 774 alienationibus
1245 710 1418 784 faciendis,
1429 713 1480 776 nei
1494 729 1560 774 non
1572 713 1700 778 iacien-

71 808 206 886 praeiatis
237 808 280 868 ad
318 810 567 884 proponendum
601 811 738 872 verbum
778 813 848 885 Dei,
903 806 1040 868 dissipe
1055 809 1167 870 nosue
1182 823 1360 875 consensu,
1382 825 1494 872 coram
1515 811 1701 874 venerabili

70 907 182 972 vadant
209 906 357 968 honeste.
385 907 557 970 Prioribus
585 911 689 972 rastri
725 901 874 990 ordinis‡
904 903 1008 968 tratre
1023 908 1137 969 nostro
1155 906 1315 968 Mutinen.
1325 906 1492 984 episcopo,
1500 909 1701 984 apostoncae

71 1002 283 1066 bocatiacere
295 1003 436 1080 primam
452 1005 625 1067 tonsuram
646 1007 716 1067 suis
738 1005 853 1070 tratri-
873 999 874 1032 ³
903 1001 1001 1064 Sedis
1015 1001 1124 1077 legato
1143 1003 1281 1080 quaestio
1295 1004 1596 1077 temeratum-idem
1619 1021 1697 1068 sen-

70 1100 135 1163 bus.
152 1101 185 1162 Si
206 1101 417 1178 episcopatus
432 1101 640 1176 dioecesanus
664 1104 851 1166 ordinatio—
905 1099 1074 1162 tentiando
1088 1099 1246 1172 decrevit,
1262 1100 1430 1164 uterinos
1450 1102 1596 1179 episcopi
1611 1103 1701 1166 eiec-

72 1215 138 1260 nem
147 1197 338 1270 celebravit,
352 1198 472 1262 iratres
485 1201 649 1277 recipiant
659 1201 794 1264 ordines
809 1203 852 1265 ab
905 1196 953 1258 tio
968 1195 1071 1260 iibere
1087 1197 1277 1273 pertineret„
1294 1198 1326 1258 et
1339 1198 1376 1259 nt
1389 1198 1565 1274 epiecopus
1580 1201 1700 1275 taigen-

72 1312 124 1369 eo;
140 1296 167 1355 si
183 1295 294 1356 autern
317 1311 383 1358 non
412 1297 601 1371 celebravit,
618 1299 719 1362 liceat
741 1301 790 1361 cis
811 1301 851 1362 ad
903 1295 953 1356 sis
962 1295 1035 1357 sine
1047 1296 1161 1358 nostro
1171 1309 1236 1358 non
1245 1295 1513 1370 possetanenare
1525 1311 1699 1360 consensit.

72 1395 851 1474 quemcumqnevolnerintepiscopumaccedere,
906 1393 975 1454 Nos
992 1392 1097 1470 igitur
1119 1391 1225 1468 ipsius
1249 1391 1396 1469 episcopi
1421 1393 1620 1456 senientiam
1639 1410 1701 1470 ap·

71 1505 125 1566 pro
137 1489 306 1556 ordinibus
318 1492 529 1568 recipiendis.
542 1494 584 1556 Ui
596 1495 706 1556 antem
716 1511 767 1564 ea,
780 1511 852 1572 qaae
906 1487 1095 1565 probamus,
1110 1490 1143 1552 et
1155 1489 1354 1551 auctoritaie
1368 1489 1557 1566 Apostolica
1573 1489 1699 1552 condr-

73 1587 102 1646 in
116 1587 267 1662 praesenti
279 1589 395 1663 regule
409 1591 599 1668 conscripta
614 1593 701 1664 sunt,
718 1592 854 1654 interne-
907 1601 1046 1658 mamus,
1061 1587 1096 1648 ei
1107 1586 1282 1662 praesentis
1291 1586 1406 1663 scripti
1416 1586 1601 1662 patrocinio
1610 1603 1702 1648 com-

71 1685 147 1755 rata,
163 1686 195 1745 et
204 1684 395 1762 incorrupta
407 1687 600 1760 consistant,
613 1690 800 1763 statuimus,
819 1691 854 1752 ut
907 1683 1084 1746 munimus.
1124 1683 1217 1744 Nulli
1250 1698 1329 1759 ergo
1364 1683 1498 1746 omnino
1529 1684 1701 1746 bominum

71 1781 235 1858 praecepta,
244 1782 282 1846 'et
291 1783 524 1858 correctiones,
542 1801 615 1862 quae
631 1803 690 1863 per
704 1788 853 1850 visitato
907 1780 1006 1842 liceat
1020 1781 1107 1842 banc
1125 1781 1279 1857 paginam
1299 1780 1421 1842 nostrae
1436 1779 1701 1843 confirmationis

72 1893 119 1937 res
131 1878 254 1940 ordinis
274 1879 378 1940 rastri
397 1881 578 1943 secundum
601 1883 741 1945 sormam
765 1885 851 1946 visi.
906 1877 1100 1952 intringere,
1113 1877 1166 1940 vel
1180 1879 1212 1938 ei
1227 1881 1312 1940 ausu
1325 1877 1505 1940 temerario
1520 1877 1699 1939 contraire.

72 1975 198 2038 tationis
210 1974 297 2040 incia
312 1975 445 2048 inerint,
460 1981 528 2042 tam
542 1995 561 2041 a
575 1982 696 2058 priore,
713 1997 812 2058 quam
834 1999 853 2044 a
909 1975 944 2036 Si
971 1975 1045 2051 puis
1072 1975 1182 2038 autem
1209 1974 1271 2036 hoo
1294 1973 1459 2036 aberrare
1480 1989 1704 2050 praesumpse-
1739 2009 1744 2027 ι

72 2070 261 2134 tratribnset
273 2074 616 2138 sororibusuniversis
627 2081 701 2140 rata
712 2078 855 2144 babean-
908 2073 963 2144 rit,
977 2071 1241 2147 indignationem
1250 2071 1488 2147 omnipotentis
1503 2071 1573 2143 Dei,
1582 2072 1614 2133 et
1625 2070 1701 2132 bea-

72 2169 130 2241 tur,
141 2173 172 2231 et
186 2170 424 2233 inviolabiliter
438 2173 665 2236 observentur.
678 2177 762 2249 onia
775 2191 854 2238 vero
908 2171 1017 2230 torum
1040 2169 1133 2230 Petri
1147 2169 1181 2230 et
1199 2168 1296 2232 Pauli
1318 2167 1544 2246 ³p0810101'11m
1563 2170 1645 2243 ejus,
1664 2181 1701 2228 ⁸0

68 2267 477 2344 omniaquaenecessaria
491 2273 568 2334 suni
587 2289 653 2334 non
669 2277 808 2350 possunt
820 2275 854 2335 in
908 2265 1278 2328 novemtincnrsurnm.
1360 2336 1364 2347 Ι

73 2363 229 2442 descripta
255 2367 373 2443 regula
398 2370 641 2446 comprehendi,
667 2373 854 2444 statuimus,
949 2365 1067 2424 Datum
1096 2363 1251 2425 Laterani
1279 2364 1360 2433 viii,
1379 2361 1539 2424 kalendas
1563 2376 1703 2422 nonem·

74 2463 106 2520 ut
116 2477 154 2524 ea
166 2479 239 2539 qum
251 2481 311 2541 per
329 2466 484 2542 priorem,
500 2468 533 2530 et
551 2469 730 2545 capitutum
750 2470 855 2532 ratin-
909 2459 990 2532 bris,
1006 2459 1218 2537 pontificatus
1234 2458 1339 2520 nostri
1354 2473 1442 2522 anno
1454 2461 1583 2535 quarto.

71 2559 220 2624 nobilitor
242 2563 394 2625 ordinata
415 2564 549 2638 tuerint,
574 2583 595 2627 a
624 2566 792 2640 iratribus,
824 2570 855 2629 et

67 2657 234 2719 ‘sororibus
247 2659 475 2734 observentur,
493 2664 587 2726 salva
604 2665 699 2726 Sedis
713 2666 856 2742 nposto-
1246 2637 1372 2722 XXXI

74 2752 138 2816 ica
152 2757 368 2819 correctione.
388 2762 466 2820 Haec
485 2761 596 2822 auiam
615 2762 731 2838 regule
752 2763 854 2824 semei
963 2765 1015 2824 Act
1027 2762 1181 2824 abbatam
1196 2761 1229 2822 et
1241 2760 1651 2822 conventamoeruatnn.

71 2848 104 2908 in
116 2867 227 2914 mense
241 2869 353 2916 coram
371 2855 528 2918 iratribus
544 2859 745 2936 perlegatur,
760 2861 803 2933 et,
827 2862 856 2920 si
1192 2862 1327 2922 tbootob.
1343 2864 1421 2921 itte.
1607 2912 1615 2920 .

73 2950 260 3024 oportuerit,
280 2956 476 3030 exponatur.
493 2957 586 3018 Nulli
612 2973 691 3033 ergo
721 2959 855 3020 omnino
929 2961 1077 3024 [biittarelli
1094 2959 1341 3017 teodemundi,
1357 2957 1686 3022 appetentissimum

76 3043 236 3110 bominum
277 3049 377 3113 liceat
417 3053 504 3115 banc
539 3057 695 3132 paginam
733 3058 856 3119 nostroe
1112 3040 1225 3104 ’ΨΜ
1241 3038 1503 3102 nannetensem

71 3146 322 3220 constitutionis,
339 3151 371 3211 nt
384 3151 646 3214 confirmationis
661 3153 854 3230 infringere,
911 3132 1058 3192 Silentium
1078 3130 1232 3202 imponitur
1251 3127 1404 3186 conventui
1423 3129 1451 3186 S.
1466 3127 1553 3186 Firmi
1572 3126 1601 3184 in
1618 3139 1705 3184 causa

75 3241 121 3300 vel
145 3243 176 3304 ei
203 3259 289 3306 mu
316 3247 495 3310 temerario
524 3251 702 3312 contraire·
723 3252 759 3313 Si
783 3251 857 3328 quis
929 3218 1297 3294 quambabebatadversus
1308 3213 1686 3274 monasteriumdeFuilina.

75 3339 250 3403 butemboc
260 3345 423 3406 attentare
433 3349 694 3424 praesumpserit,
708 3348 859 3425 indigna.
952 3328 1118 3391 Honorius
1131 3327 1305 3403 episcopus
1323 3340 1438 3388 servus
1452 3339 1624 3385 servorum
1645 3322 1707 3384 Dei

75 3433 188 3500 donent
204 3441 441 3516 omnipotentis
453 3445 523 3516 Dei,
538 3444 752 3508 etheatofflm
768 3448 858 3510 popl-1
912 3425 1164 3490 dilectistiliis...
1174 3419 1706 3484 abbatietconventuimonasterii

73 3532 104 3592 et
114 3535 206 3596 Pauli
220 3539 446 3614 apostolorum
456 3543 540 3618 ojus,
549 3557 586 3604 se
601 3544 732 3606 noverit
746 3545 860 3606 incur.
915 3525 1044 3586 Sanctae
1058 3521 1174 3582 Mariae
1190 3519 1231 3579 de
1245 3519 1387 3590 Fullina,
1400 3517 1632 3580 oisteroiensis
1647 3533 1707 3580 or-

76 3641 191 3696 surnm.
912 3621 1012 3702 dinis,
1038 3619 1236 3682 salutemet
1260 3613 1475 3694 apostolicam
1502 3613 1709 3676 benedictio·

111 3730 224 3794 Datum
232 3732 386 3806 viterbii,
402 3737 477 3798 xlv
490 3737 651 3800 kalendas
673 3755 763 3813 nou,
776 3755 860 3816 pon-
914 3735 1000 3780 nem·

77 3823 211 3892 titinnius
225 3831 332 3892 nostri
345 3847 435 3897 anno
452 3836 583 3911 quarto,
953 3815 1090 3876 Petente
1105 3811 1269 3890 quondam
1284 3809 1499 3887 procuratore
1513 3805 1707 3869 monasterii

916 3912 1027 3974 Sancti
1053 3909 1156 3972 Firmi
1177 3911 1341 3970 veronen.
1362 3905 1599 3967 monasterium
1621 3919 1704 3964 ves-

412 4021 517 4108 XXX
915 4012 1013 4080 bum,
1038 4007 1124 4084 qnod
1150 4006 1192 4066 ad
1218 4003 1299 4066 iliud
1323 4003 1421 4081 pleno
1445 4005 1522 4080 jure
1537 4001 1703 4081 pertinere

96 4149 381 4224 aenaeum
395 4155 429 4215 e
442 4157 629 4229 vaenue
642 4159 839 4234 noerae·
916 4095 1708 4270 indecitata,aretiniiit

363 4273 399 4332 ²5
413 4281 468 4334 ⁰⁰¹·
487 4277 564 4334 ¹²¹9·
916 4300 1085 4362 memoriae
1100 4301 1137 4359 P.
1153 4296 1242 4358 tituli
1254 4295 1383 4368 Sanctae
1392 4293 1562 4353 Pudentiae
1574 4289 1708 4367 presby-

191 4386 299 4455 [nopai.
313 4387 374 4440 0οᾱ-
397 4389 502 4455 diplom.
518 4391 641 4454 rotome,
655 4395 685 4453 v,
702 4395 738 4460 b]
917 4397 987 4456 tero
1000 4391 1200 4456 cardinalia
1222 4389 1329 4450 felicis
1351 4385 1591 4463 recordationis
1606 4386 1708 4445 inno-

78 4489 214 4553 Sententia
226 4495 367 4568 ejusdem,
380 4497 455 4570 quod
465 4498 566 4560 eiectio
575 4501 703 4573 episcopi
715 4502 860 4575 Ripensis,
917 4492 1025 4554 centio
1036 4505 1120 4568 papa
1131 4488 1375 4566 predecessore
1383 4485 1497 4546 nosmo
1509 4482 1545 4543 in
1558 4481 1708 4559 partibus

108 4583 245 4650 pertineat
259 4582 295 4641 ed
309 4585 458 4646 Summum
469 4587 646 4657 Pontificem,
656 4596 738 4662 prout
749 4597 777 4650 ei
790 4592 861 4648 otie-
917 4590 1068 4652 ariditore
1085 4600 1242 4648 concesso
1267 4583 1309 4644 lie
1335 4580 1444 4644 extitit
1458 4579 1653 4652 contestata,
1678 4578 1712 4639 ei

109 4671 300 4730 notiorerum.
918 4703 992 4752 cum
1018 4685 1125 4747 dictus
1155 4679 1351 4758 procurator
1385 4678 1425 4742 de
1449 4693 1511 4740 suo
1538 4679 1617 4740 tunc
1642 4689 1710 4738 non

113 4780 276 4840 Honorius
291 4781 475 4862 episcopus,
493 4800 791 4850 servasservorurn
803 4788 862 4850 Dei
918 4783 1029 4862 posset
1052 4785 1129 4859 jnre
1155 4779 1285 4851 docere,
1311 4777 1350 4838 de
1377 4776 1447 4848 tuo,
1477 4775 1525 4836 iili
1549 4773 1662 4846 abbas,
1679 4773 1713 4836 et

80 4872 200 4941 dilectis
210 4877 298 4951 tiliis,
311 4881 499 4956 praeposito,
512 4883 546 4944 et
554 4882 699 4960 capitulo
713 4884 862 4960 Rigensi,
918 4880 1056 4942 alterius
1073 4875 1177 4956 partis
1200 4873 1426 4954 procuratoris
1450 4887 1589 4936 assensu
1610 4885 1711 4934 causa

81 4973 212 5036 salutern
232 4979 264 5040 ct
278 4976 494 5053 apostolicam
509 4977 783 5044 benedictionem.
918 4977 980 5041 suit
1006 4973 1191 5038 venerabili
1228 4972 1324 5035 fratri
1363 4972 1515 5033 nostro...
1557 4969 1712 5046 episcopo

114 5072 214 5135 iustis
244 5074 426 5154 petentium
451 5075 626 5139 desideriis
648 5077 785 5154 dignum
814 5079 865 5140 est
918 5074 1089 5145 paduano,
1117 5073 1151 5135 et
1178 5071 1249 5134 suis
1277 5067 1505 5147 conjudicibus
1528 5065 1570 5126 ab
1597 5064 1713 5128 eodem

81 5181 135 5228 nos
156 5169 286 5234 facilem
308 5171 461 5250 praebere
480 5189 691 5248 consensum,
720 5176 754 5238 et
774 5177 861 5248 vote,
919 5171 1163 5250 predecessore
1178 5167 1292 5230 nostro
1307 5165 1482 5228 commissa
1496 5163 1553 5240 qui
1564 5160 1646 5224 visis
1656 5175 1715 5220 ra-

82 5279 148 5339 quae
175 5284 194 5329 a
220 5269 361 5334 rationis
384 5270 518 5332 tramite
551 5287 617 5334 non
652 5272 861 5345 discordant,
921 5268 1077 5340 tionibus,
1092 5267 1237 5345 partium
1251 5261 1490 5325 monasterium
1512 5255 1713 5318 vestrumab

82 5360 193 5424 effectu
207 5367 425 5442 prosequente
441 5367 617 5442 complere.
641 5369 728 5434 Sane
749 5369 865 5446 petitio
919 5366 1126 5443 impetitione
1141 5363 1244 5440 partis
1266 5360 1405 5422 alterius
1420 5371 1490 5450 ‚per
1504 5353 1714 5416 diffinitivam

81 5463 184 5522 vestra
195 5462 290 5525 nobis
302 5464 451 5526 exhibita
466 5465 666 5538 continebat,
684 5465 864 5543 quodcum
920 5463 1116 5526 sententiam
1125 5457 1348 5529 absolverunt,
1361 5454 1468 5516 eidem
1481 5452 1567 5530 parii
1578 5466 1713 5513 censum

84 5554 163 5620 inter
187 5578 245 5624 ros
266 5578 309 5624 ex
333 5565 427 5640 parte
440 5579 515 5636 una
540 5549 574 5624 ei
594 5562 719 5624 clerum
735 5563 864 5638 Rigen-
921 5563 1039 5637 viginti
1053 5560 1236 5622 solidorum
1247 5552 1488 5617 veronensium
1504 5551 1539 5610 in
1555 5549 1627 5626 ipso
1642 5563 1715 5610 rno-

84 5670 145 5720 sem
172 5677 213 5725 ex
245 5662 368 5736 altera,
398 5677 498 5739 snper
524 5661 684 5722 electione
711 5660 864 5736 Ripensis
922 5658 1080 5728 nestorio,
1095 5653 1315 5723 reservantes,
1329 5653 1423 5726 cujus
1437 5646 1624 5723 cognitione
1638 5661 1716 5706 ⁵⁰¹¹·
