4066 6290
103 284 167 343 817
733 279 964 354 EPISTOLAE.
987 280 1066 341 LIB.
1089 280 1129 342 V.
1694 281 1755 346 818

104 441 249 502 fratrum
264 439 297 502 et
313 438 413 502 etiam
428 439 590 502 laicorum
606 439 831 502 coemeterium
850 441 906 502 tu·
959 441 1078 503 Datum
1094 439 1261 518 Laterani,
1280 444 1359 506 XIII
1373 441 1535 508 kalendas
1551 441 1652 520 junii,
1673 457 1757 522 pon,-

104 538 255 600 muletur
278 537 348 615 qui,
372 538 519 616 tempore
543 539 671 608 mortis,
687 538 723 598 in
745 553 784 600 eo
806 537 906 600 fuerit
941 529 1103 601 ‘tificatus
1119 541 1225 602 nostri
1240 556 1327 603 anno
1343 542 1469 620 quinto.

105 635 349 712 deprehensus.

146 733 308 794 Octavum
318 734 363 805 ut,
372 733 468 810 juxta
483 749 608 795 morem
621 733 902 806 cisterciensium,
999 781 1000 786 1
1252 757 1467 844 CCGXGIV

13 857 16 868 ·
103 831 158 892 ter
181 829 219 892 in
242 847 331 892 anno
354 831 396 892 ad
422 827 543 904 minus,
569 832 717 892 candelis
741 831 902 902 accensis,

103 927 264 990 monachi
280 927 380 1001 fures,
399 928 599 990 incendiarii
619 929 651 990 et
670 907 907 1006 proprietatem
959 909 1011 968 Ad
1031 908 1207 970 Arearum
1234 913 1528 985 archiepiscopum
1548 913 1758 986 Maddt'buf·

103 1024 280 1098 hahentes,
320 1027 652 1088 excommunicantur
683 1025 719 1088 in
751 1025 904 1088 omnihus
997 1017 1138 1080 peresam
1152 1004 1186 1066 et
1201 1008 1757 1068 Frtdertcumifotberstadcnsem

102 1121 321 1184 monasteriis
337 1122 370 1185 eq
384 1124 419 1184 qn
434 1123 578 1200 capitulo
593 1122 754 1200 generali,
999 1098 1031 1160 et
1054 1101 1297 1162 Eltbebarduot
1314 1103 1637 1178 Marseburpertsem
1658 1103 1714 1178 apt
1734 1131 1754 1145 -

145 1221 177 1280 N
180 1225 282 1282 onum
296 1220 334 1282 ut
347 1220 431 1281 nulli
446 1221 609 1282 monacho
620 1210 726 1283 liceat
738 1220 812 1298 post
829 1219 903 1282 fac·
998 1210 1109 1270 capos.

102 1319 174 1379 tam
200 1317 439 1394 professionem
462 1319 510 1381 uti
526 1317 681 1380 camiseis
704 1319 761 1380 aut
782 1317 905 1380 lintea-

102 1413 253 1474 minibus
280 1414 390 1486 lineis,
418 1415 476 1475 sed
500 1415 580 1476 solis
602 1415 708 1476 laneis
733 1415 799 1476 sint
823 1429 905 1475 con-

102 1511 202 1583 tenti,
233 1512 382 1588 exceptis
405 1512 620 1574 femoralibus
653 1513 710 1574 aut
740 1512 904 1589 mappulis
958 1495 1007 1552 Eis
1028 1493 1146 1553 mandat
1163 1503 1194 1553 ut
1214 1497 1347 1565 lleorico,
1367 1498 1465 1555 comiti
1483 1498 1618 1568 Ascariae,
1637 1513 1753 1555 excom·

102 1609 145 1670 ad
164 1609 373 1672 auricularia
388 1609 599 1683 involvenda,
622 1610 689 1671 nisi
708 1609 748 1671 de
771 1609 905 1671 miseri,
994 1585 1139 1642 muuicato
1151 1584 1188 1642 ob
1203 1586 1410 1644 mutilationem
1424 1587 1540 1646 Geruoti
1555 1587 1675 1658 abbatis,
1688 1603 1752 1660 per·

102 1708 224 1768 cordia
239 1707 374 1768 senibus
387 1707 560 1781 scabiosis,
576 1708 631 1770 Vel
644 1708 827 1786 juvenibus
848 1707 904 1768 in·
993 1673 1123 1731 canalem
1133 1672 1358 1734 satisfactionem
1368 1681 1579 1748 competentem
1591 1676 1753 1749 injungant.

100 1804 213 1865 firmis
230 1805 302 1866 baec
313 1805 530 1881 indulgentur
542 1805 583 1866 ad
596 1808 737 1883 tempus.
861 1819 862 1824 ¹
997 1799 1165 1861 Honorius
1189 1801 1375 1878 episcopus,
1405 1801 1480 1874 etc,
1505 1801 1754 1864 venerabilibus

142 1903 316 1964 Decimum
338 1905 374 1964 ut
399 1919 459 1964 sex
485 1903 622 1966 abbates
644 1919 705 1982 per
729 1902 903 1965 duodecim
958 1895 1116 1959 fratribus
1132 1898 1267 1960 alberto
1287 1899 1538 1976 archiepiscopo
1553 1900 1754 1976 Magdebur-

102 1999 262 2061 diaecesis
276 2003 412 2062 Reman.
432 2002 625 2080 provinciae,
640 2001 786 2079 quolibet
800 2015 901 2073 anno,
957 1995 1063 2070 gensi,
1077 1997 1111 2057 et
1125 1995 1294 2058 Friderico
1309 1996 1582 2059 Halberstadensi
1596 1997 1630 2058 et
1641 1997 1754 2059 Ekke-

101 2097 289 2158 secundum
304 2098 378 2160 loca
388 2098 451 2159 sibi
463 2099 596 2176 proprie
609 2099 822 2175 assignanda,
833 2098 903 2160 bini
958 2093 1063 2154 harda
1078 2093 1345 2171 Merseburgensi
1360 2095 1536 2172 episcopis,
1552 2095 1705 2156 salutem.

101 2195 134 2256 et
151 2194 237 2267 bini,
251 2196 702 2258 monasteriamonacborum
722 2197 755 2258 et
769 2196 902 2257 monia·
999 2194 1104 2264 Quum
1126 2191 1248 2253 nobilis
1274 2194 1327 2252 vir
1350 2193 1525 2265 Henricus
1552 2208 1662 2255 comes
1685 2195 1752 2254 As-

100 2292 187 2352 lium
208 2293 354 2366 visitent,
375 2293 582 2370 inquirentes
607 2294 648 2355 de
676 2295 765 2356 statu
789 2308 903 2355 aarum
958 2289 1069 2362 cariae,
1095 2289 1384 2352 Halberstadensis
1413 2290 1579 2364 dioecesis,
1605 2291 1647 2352 ad
1670 2305 1753 2352 nos-

100 2391 174 2452 tam
188 2390 279 2452 circa
292 2391 480 2468 spiritualia
494 2407 592 2468 quam
605 2392 695 2452 circa
707 2390 903 2468 temporalia
958 2387 1043 2448 tram
1059 2387 1219 2448 accedens
1236 2389 1461 2465 praesentiam,
1482 2387 1666 2466 postularet
1684 2389 1757 2450 ins-

100 2484 296 2560 diligenter,
331 2487 364 2547 et
393 2485 549 2563 quicquid
579 2485 770 2548 invenirent
797 2475 925 2547 corri-'
957 2484 1077 2557 tanter,
1092 2487 1128 2546 ut
1143 2484 1185 2546 ab
1204 2485 1560 2548 excommunicationis
1575 2485 1753 2559 sententia,

99 2582 252 2658 gendum
278 2583 407 2644 tamin
433 2583 542 2659 capite
568 2583 724 2660 quamin
747 2573 904 2646 membris
959 2581 1013 2644 cui
1039 2581 1080 2644 ob
1107 2583 1349 2645 mutilationem
1382 2583 1494 2646 dilecti
1516 2584 1579 2644 tilii
1606 2584 1753 2658 Gernoti,

100 2681 267 2756 scripturn
282 2680 428 2742 referant
440 2681 481 2742 ad
499 2680 680 2757 capitulum
693 2681 860 2756 generale.
958 2679 1088 2741 abbatis
1112 2682 1306 2742 monasterii
1332 2680 1597 2756 Nieuburgensis
1626 2681 1757 2742 denun-

142 2777 366 2839 Undecimum
377 2777 452 2840 utsi
464 2777 646 2840 monachus
658 2777 710 2840 vel
721 2793 904 2840 conversus
958 2776 1061 2838 tiatus
1076 2776 1186 2838 fuerat
1205 2777 1390 2853 subjacere,
1406 2777 1449 2840 ad
1464 2777 1629 2839 cautelam
1644 2777 1757 2840 absol-

101 2878 143 2938 de
163 2875 411 2937 incontinentia
436 2875 490 2938 vel
522 2875 563 2936 de
587 2875 826 2951 dilapidatione
847 2875 906 2936 aut
958 2889 1112 2935 varamus
1138 2874 1304 2950 eumdem3
1333 2890 1405 2946 noa,
1439 2875 1517 2952 quia
1546 2874 1753 2964 denuntiatio

101 2975 143 3036 da
169 2973 339 3036 discordia
361 2972 449 3036 inter
472 2972 593 3035 fratres
614 2972 821 3043 seminanda,
845 2987 905 3049 per
960 2971 1032 3048 ipsa
1045 2971 1221 3034 ridebatur
1235 2971 1400 3034 ritefacta
1413 2971 1527 3045 fuisse,
1544 2972 1758 3034 sicutarcbi-

1250 1275 1283 1333 Ἡ
1299 1271 1367 1332 mcii
1383 1276 1462 1334 1221.

1014 1411 1018 1422 ·
1036 1387 1213 1454 [lleinemanm
1226 1389 1310 1440 Codex
1320 1389 1483 1450 dnhaltinus,
1496 1405 1523 1456 p.
1536 1389 1575 1450 ta,
1585 1406 1611 1442 n.
1624 1389 1677 1456 tn]

101 3072 230 3134 fratres
254 3085 366 3132 coram
398 3070 628 3132 visitatoribus
658 3071 741 3131 citra
765 3069 904 3130 formam
960 3068 1201 3146 episcoporum,
1217 3070 1754 3148 episcoporumetaliorumquam
1852 3142 1865 3167 x

97 3169 226 3246 jndicii
255 3167 484 3240 convincatur,
510 3169 608 3245 juxta
633 3167 849 3244 quantitatem
873 3167 905 3228 et
960 3167 1105 3244 plurium
1116 3167 1236 3228 litterae
1249 3167 1345 3228 nobis
1359 3168 1493 3230 directae
1508 3168 1639 3245 plenius
1655 3167 1759 3230 conti·

101 3267 300 3345 qualitatem
310 3281 479 3338 excessus,
491 3265 672 3328 secundum
686 3249 835 3341 regulam
847 3279 905 3341 per
960 3265 1093 3337 nebant,
1104 3267 1132 3342 ej
1138 3281 1177 3326 us
1185 3265 1352 3328 instantiae
1363 3281 1431 3327 non
1441 3266 1597 3328 duximus
1605 3281 1756 3354 annuen-

101 3381 161 3426 eas
179 3379 327 3439 congrue
342 3364 534 3439 castigetur.
960 3364 1053 3438 dum;
1066 3363 1221 3424 sedidem
1233 3363 1580 3426 comesdesuasalute
1592 3364 1756 3426 sollicitus

143 3462 398 3534 Duodecimum,
413 3463 449 3523 ut
464 3477 525 3522 nec
535 3460 638 3522 abbas
649 3475 711 3524 nec
721 3460 905 3524 monachus
961 3462 1091 3523 demum
1106 3461 1201 3524 nobis
1219 3461 1253 3524 et
1271 3461 1430 3524 fratribus
1445 3463 1568 3524 nostris
1583 3463 1756 3524 humiliter
1776 3517 1780 3524 .

98 3562 138 3622 iu
159 3559 239 3620 urbi
259 3559 311 3620 rel
333 3559 442 3621 castro
467 3558 523 3620 ubi
543 3559 781 3622 monasterium
804 3559 904 3620 situm
960 3559 1169 3638 supplicavit,
1182 3560 1218 3621 ut
1228 3560 1270 3620 ad
1279 3561 1541 3638 componendum
1549 3561 1638 3621 inter
1647 3561 1756 3638 ipsum

101 3659 166 3730 est,
184 3657 263 3718 alibi
280 3672 379 3734 quarn
393 3657 429 3718 in
441 3657 645 3718 monasterio
659 3656 782 3718 audeat
796 3656 906 3732 bospi·
960 3659 993 3718 et
1013 3657 1251 3720 monasterium
1271 3658 1489 3719 memoratum
1510 3657 1683 3720 intendere
1700 3657 1755 3718 di-

100 3757 186 3827 tari,
210 3754 275 3814 nisi
294 3753 373 3816 talis
396 3755 497 3815 fuerit
518 3753 603 3815 forte
624 3755 734 3815 viator
751 3754 808 3830 qui
830 3768 904 3814 cum
960 3769 1150 3830 gnaremur.
1166 3754 1260 3818 Unde
1281 3754 1520 3830 compositione
1539 3755 1627 3817 inter
1648 3753 1756 3830 ipsum

99 3852 301 3915 festinantia
320 3854 457 3914 Romam
476 3851 577 3928 petat,
599 3850 653 3913 vel
675 3850 812 3912 alterius
827 3866 906 3928 pro·
960 3852 992 3912 et
1003 3850 1159 3913 dilectum
1170 3850 1275 3910 tilium
1289 3850 1497 3926 Rodegerum
1511 3850 1709 3912 monachum
1722 3850 1756 3912 et

102 3950 241 4020 vinciae,
258 3952 450 4026 utpersona
465 3964 538 4026 quae
554 3949 754 4025 cumaliquo
771 3949 904 4025 patente
960 3948 1209 4026 procuratorem
1240 3947 1434 4022 monasterii
1466 3949 1542 4010 ante
1576 3948 1666 4018 dicti,
1699 3946 1756 4026 qui

101 4048 247 4109 honeste
262 4049 420 4119 moretur,
441 4047 481 4108 ut
499 4047 528 4106 si
550 4045 634 4108 forte
654 4045 825 4107 humiliter
846 4061 906 4122 pe·
960 4045 1150 4112 mandatum
1165 4045 1232 4106 tam
1254 4046 1297 4107 ad
1317 4046 1579 4123 componendum
1594 4062 1693 4123 quarn
1713 4043 1758 4108 ad,

100 4147 189 4208 tenti
214 4145 394 4221 hospitium
419 4144 520 4210 fuerit
548 4143 757 4220 denegatum,
781 4159 905 4222 ponan·
960 4143 1124 4220 agendum
1139 4143 1291 4216 babebat,
1316 4143 1482 4206 mediante
1504 4144 1616 4206 nostro
1632 4145 1666 4205 et
1686 4143 1757 4206 fra-

101 4246 159 4305 tur
176 4241 298 4304 exinde
320 4241 503 4319 culpabiles
511 4242 609 4320 juxta
625 4241 904 4305 existimationem
959 4243 1047 4304 trum
1073 4243 1262 4303 nostrorum
1287 4231 1407 4315 studia,
1429 4241 1608 4311 celebrata,
1623 4257 1696 4318 quaa
1719 4241 1757 4302 in

102 4339 246 4418 capituli
261 4340 439 4416 generalis.
821 4373 823 4375 -
960 4340 1036 4402 aliis
1074 4339 1195 4401 litteris
1229 4339 1351 4401 nostris
1384 4339 1516 4416 plenius
1555 4340 1755 4412 continetur,

144 4440 218 4500 Nos
233 4439 336 4514 igitur
349 4437 473 4500 restris
488 4438 787 4516 supplicationibus
801 4438 903 4500 incli-
959 4439 1069 4516 ipsum
1094 4437 1247 4499 comitem
1266 4438 1401 4514 recepto
1422 4437 1463 4498 ab
1483 4452 1522 4498 eo
1539 4437 1758 4513 corporaliter

101 4538 190 4612 nati,
201 4551 303 4612 supra
319 4536 406 4598 dicta
426 4536 571 4613 capitula
584 4537 671 4598 siout
686 4537 823 4614 provide
836 4539 905 4600 sta-
956 4537 1158 4614 jnramento,
1175 4536 1208 4597 et
1220 4534 1437 4596 nibilominus
1453 4534 1662 4611 fideiussoria
1675 4551 1757 4596 cau-

99 4636 178 4700 tuta
213 4635 299 4706 sunt,
331 4633 527 4697 auctoritate
555 4634 745 4710 apostolica
780 4635 905 4697 coufir-
961 4635 1050 4695 tione
1060 4634 1317 4710 quingentarum
1329 4633 1552 4706 marcharum,
1564 4632 1694 4695 absolvi
1707 4632 1758 4696 fe-

100 4747 236 4792 mamus
252 4730 471 4807 etpraesentis
486 4730 604 4806 scripti
618 4731 905 4806 patrociniocom·
960 4731 1065 4792 cimus
1089 4731 1187 4808 juxta
1211 4731 1352 4792 formam
1380 4730 1537 4792 Ecclesiae
1564 4731 1756 4794 consuetam

101 4828 285 4912 munimus,
327 4828 374 4890 ita
407 4829 518 4892 tamen
554 4828 641 4914 quod
676 4829 798 4890 exindo
842 4844 905 4890 nec
959 4829 1171 4906 injungentes
1196 4828 1302 4890 eidem
1325 4844 1399 4905 quae
1425 4829 1467 4890 ad
1491 4845 1639 4906 praesens
1657 4832 1756 4906 J'uxta

101 4925 273 4995 ecclesiis,
299 4941 360 4986 nec
384 4924 551 5002 aliquibus
576 4925 793 4987 ecclesiarum
818 4943 906 5003 prae-
960 4927 1117 4988 Ecclesiae
1139 4927 1595 5000 Romanaeconsuetudinem,
1609 4927 1754 4988 vidimus

101 5025 185 5086 latis
221 5023 451 5100 praeiudicium
486 5025 674 5099 generetur.
706 5024 799 5084 Nulli
825 5039 903 5100 ergo
959 5023 1176 5103 injungenda,
1190 5023 1293 5084 saluis
1309 5024 1474 5086 mandatis
1489 5024 1565 5084 aliis
1578 5039 1677 5101 super
1691 5024 1756 5086 boc

102 5120 244 5184 omnino
258 5119 428 5182 hominum
444 5119 543 5182 liceat
557 5120 644 5181 banc
656 5120 812 5197 paginam
825 5137 906 5204 nos-
959 5137 1019 5199 per
1040 5138 1100 5183 nos
1120 5121 1281 5182 faciendis
1301 5123 1418 5184 eidem.
1444 5121 1527 5194 Quia
1550 5136 1630 5183 vero
1655 5137 1756 5198 super

101 5221 167 5282 trae
197 5217 458 5279 confirmationis
478 5217 673 5294 infringere,
696 5218 749 5280 rel
769 5219 800 5280 ei
820 5235 904 5281 ausu
959 5219 1168 5282 mutilatione
1196 5219 1346 5296 praedicti
1373 5219 1503 5280 abbatis
1529 5219 1612 5281 adeo
1635 5219 1756 5283 validae

101 5315 287 5378 temerario
303 5314 481 5376 contraire.
503 5316 538 5376 Si
554 5315 628 5394 quis
643 5317 753 5379 autem
768 5317 832 5379 hoc
849 5319 904 5378 at·
959 5317 1237 5397 praesumptiones
1262 5320 1340 5378 sunt
1363 5319 1479 5379 contra
1503 5318 1657 5378 comitem
1681 5333 1755 5380 me-

102 5415 238 5477 tentare
253 5411 512 5490 praesumpserit,
520 5413 784 5491 indignationem
797 5415 905 5476 omni·
959 5416 1134 5486 moratum,
1148 5417 1184 5476 ut
1194 5413 1420 5491 proscandalo
1430 5414 1575 5475 tollendo
1587 5415 1754 5490 cogendus

103 5510 252 5590 potentis
281 5511 341 5571 bei
371 5512 405 5570 et
435 5509 607 5572 beatorum
632 5511 721 5573 Petri
751 5513 784 5573 et
808 5513 903 5573 Pauli
958 5513 1000 5574 ad
1029 5513 1291 5574 satisfactionem
1321 5527 1502 5588 congruam
1531 5511 1754 5574 exhibendam

105 5607 334 5687 apostolorum
361 5609 433 5686 eJ'us
458 5623 494 5670 sa
519 5609 650 5672 noverit
677 5609 900 5673 incursurum.
958 5610 1076 5673 merita
1113 5609 1277 5682 videatur,
1314 5607 1517 5672 fraternitati
1543 5611 1664 5672 restrae
1695 5625 1755 5688 per
