4088 6306
708 346 935 410 EPISTOLAE.
961 348 1038 408 LIB.
1063 348 1117 407 111.

408 517 575 606 CLXXX

90 644 142 703 Ad
165 643 290 718 stepen.
311 643 344 703 et
365 643 636 717 Arattpotttaaum
657 645 830 717 episcopos
853 655 872 702 e

291 740 504 802 adabbatcm
512 742 686 814 Horaque.

386 853 403 910 2
418 852 498 925 april.
512 851 590 910 tria.

123 959 244 1022 [Regest.,
252 957 296 1008 lib.
307 958 353 1019 ΙΙΙ,
361 957 436 1022 epist.
454 958 509 1008 att.
520 959 577 1007 blss.
588 957 625 1008 La
634 957 710 1008 Porta
717 955 751 1008 du
761 957 855 1023 risit]

90 1057 207 1116 lfandat
226 1065 258 1115 ut
274 1059 484 1130 quamprimum
511 1055 604 1114 debita
626 1055 798 1113 indemnitas
813 1057 884 1113 assi·

123 1153 231 1218 gnatur
245 1145 419 1203 monasterio
434 1145 528 1202 Sancti
539 1144 661 1204 Victoria
673 1144 828 1202 Massiliae.

129 1253 311 1325 Honorius,
342 1253 416 1326 etc,
454 1255 577 1328 Regen.
602 1253 636 1313 et
661 1251 887 1328 Antipolitano

90 1345 257 1427 episcopis
279 1351 313 1412 et
344 1348 463 1411 dilecto
493 1348 561 1410 filio
588 1347 700 1411 abbati
735 1347 887 1424 lloregiae

92 1448 297 1523 PoroJulien.
311 1447 474 1508 dioecesis.

129 1542 252 1606 Dilecti
269 1543 367 1605 filii...
385 1543 487 1606 abbas
503 1545 536 1606 et
550 1545 731 1607 conventus
750 1557 887 1604 monas·

91 1641 166 1702 terii
189 1645 223 1702 S.
245 1643 392 1704 Victoris
413 1642 596 1703 Massilien.
622 1641 770 1704 exhibita
794 1639 888 1702 nobis

91 1739 252 1815 petitione
265 1740 502 1811 monstrarunt,
513 1739 598 1817 quod
610 1755 684 1800 cum
697 1737 804 1799 felicis
819 1752 890 1796 me-

91 1837 209 1896 moriae
224 1837 435 1898 Innocentius
450 1851 546 1915 papa,
562 1836 788 1914 praedecessor
805 1849 888 1895 nos-

90 1938 150 2004 ter,
167 1931 265 1994 bonae
288 1933 455 1996 memorias
471 1934 627 1995 Recolino
642 1931 790 2010 eJusdcm
814 1946 888 1991 mo·

92 2030 233 2091 naslerii
257 2028 421 2092 monacho
443 2030 587 2092 dedisset
617 2031 687 2090 suis
710 2029 829 2090 litteris
852 2028 888 2088 in

93 2127 273 2200 mandatis,
286 2127 711 2207 utjuxtaconsiliumbonae
721 2125 889 2186 memoriae

92 2227 375 2303 praedeeessorum
390 2226 630 2288 venerabilium
655 2225 793 2286 fratrum
812 2238 891 2284 nos-

91 2329 221 2385 trorum
226 2368 286 2385 .....
308 2323 516 2385 Ebredunen.
533 2322 776 2399 archiepiscopi
793 2323 826 2383 et
827 2364 887 2381 .....

95 2421 226 2482 Uticen.
251 2421 409 2498 episcopi,
432 2423 465 2482 et
489 2423 609 2493 tecum,
635 2420 739 2481 frater
764 2421 887 2494 Regen.

93 2519 260 2595 episcope,
277 2534 351 2579 cum
375 2516 603 2579 cohaeredibus
617 2517 686 2578 suis
700 2516 823 2578 terram
839 2514 891 2575 di-

94 2615 236 2688 videret,
268 2618 301 2677 et
328 2615 368 2677 da
394 2616 544 2692 portione
573 2631 647 2692 quaa
673 2613 781 2691 ipsum
805 2629 889 2675 con-

94 2713 244 2789 tingeret
268 2712 424 2790 praedicto
450 2713 652 2774 monasterio
673 2712 800 2788 partem
826 2711 890 2772 ali-

94 2827 194 2886 quam
234 2826 414 2886 congruam
453 2809 649 2886 assignaret,
681 2808 722 2868 de
757 2807 890 2868 residuo

94 2909 196 2968 terrae
221 2906 452 2970 satisfacturus
473 2922 531 2984 pro
551 2905 776 2967 satisfactione
798 2903 891 2964 debi-

96 3006 204 3066 torum
227 3021 373 3076 suorum,
398 3021 470 3066 cum
491 3007 545 3066 tua
569 3003 671 3065 frater
693 3005 815 3078 Regen.
833 3017 891 3063 eo-

95 3103 248 3163 rumdem
281 3101 521 3179 archiepiscopi
545 3102 578 3162 et
602 3100 749 3178 episcopi
773 3115 812 3161 ac
815 3143 889 3159 ......

96 3199 228 3260 abbatis
254 3197 305 3259 sui
332 3199 543 3261 conniventia
567 3201 600 3260 ct
627 3214 778 3269 assensu,
795 3198 892 3274 prout

94 3296 267 3357 rideretur
280 3296 398 3356 melius
410 3296 579 3372 expedire.
601 3297 670 3356 Nos
691 3294 785 3356 vobis
800 3295 893 3371 post-

95 3395 229 3454 modum
243 3393 365 3456 nostris
376 3392 525 3454 dedimus
540 3393 658 3454 litteris
668 3393 704 3452 in
714 3389 889 3462 mandatis,

96 3491 169 3550 atsi
183 3506 259 3568 quae
275 3489 314 3551 de
327 3489 509 3566 praemissis
524 3505 591 3551 non
611 3487 752 3549 fuissent
766 3503 892 3548 execu-

96 3587 178 3647 tioni
200 3586 368 3658 mandata,
384 3602 443 3647 vos
462 3602 502 3648 ea
515 3585 644 3646 sublato
660 3583 892 3662 appellationis

96 3683 279 3752 obstaculo,
294 3684 432 3761 exsequi
444 3682 618 3754 curaretis,
632 3681 892 3743 contradictores

97 3797 154 3856 per
183 3797 360 3842 censuram
385 3780 646 3843 ecclesiasticam
670 3778 892 3856 appellatione

97 3878 279 3955 postposita
292 3878 540 3955 compescendo.
559 3878 622 3939 Sed
638 3877 715 3939 licet
733 3892 792 3938 vos
802 3892 893 3954 prae·

96 3975 220 4037 dictum
236 3974 431 4037 abbatamin
447 3975 690 4052 possessionem
705 3989 817 4036 rerum
832 3989 891 4034 as·

98 4073 305 4147 signatarum
326 4073 527 4135 monasterio
550 4071 749 4134 induxeritis
774 4086 894 4148 corpo-

97 4169 215 4240 ralem,
245 4185 346 4247 super
370 4169 522 4246 portione
556 4170 667 4232 tamen
692 4185 751 4247 pro
773 4168 892 4231 debitis

98 4267 279 4342 assignata,
305 4267 494 4329 mandatum
509 4267 658 4329 nostrum
673 4267 810 4344 exsequi
827 4282 892 4328 non

98 4363 252 4434 curastis,
278 4365 518 4442 propterquod
544 4364 738 4441 praedictum
759 4379 894 4426 monas-

98 4460 219 4521 terium
249 4461 447 4523 creditorum
476 4461 635 4523 instantia
665 4461 894 4538 multipliciter

100 4556 297 4619 insectatur.
337 4559 494 4620 Veientes
541 4558 643 4634 igitur
683 4557 893 4621 indemnitati

100 4655 248 4729 ejusdem
283 4655 476 4716 monasterii
504 4658 642 4732 paterna
669 4656 893 4718 sollicitudine

101 4751 292 4826 providere,
320 4751 513 4814 discretioni
541 4755 660 4816 vestrae
685 4768 744 4830 per
775 4752 893 4814 iterata

102 4849 225 4925 scripta
261 4849 400 4911 firmiter
435 4849 655 4926 praecipiendo
686 4849 892 4921 mandamus,

1676 347 1735 408 190

943 507 982 569 de
1008 505 1231 570 inobedientia
1252 505 1462 584 reprehendi,
1486 505 1542 569 sad
1558 508 1668 584 potius
1691 509 1732 570 de

874 641 888 700 t
942 605 1128 666 obedientia
1150 603 1343 666 mereamini
1363 605 1597 667 commendari.
1614 607 1731 668 Datum

942 701 1097 766 Laterani
1112 699 1229 778 quarto
1240 703 1336 763 nonis
1351 699 1467 778 aprilis
1479 717 1568 762 anno
1582 703 1691 776 tertio.

1243 860 1430 948 CLXXXI

941 999 994 1059 Ad
1015 995 1204 1066 cantorem,
1226 995 1413 1070 maptstros
1431 999 1546 1058 Zuetto
1569 998 1602 1060 et
1620 1001 1736 1061 mater

1100 1095 1281 1154 cartoutcoa
1291 1095 1574 1154 cenomanenses.

1229 1206 1246 1263 Ι
1261 1205 1357 1278 aprilis
1368 1205 1447 1264 itia.

997 1295 1132 1376 meumst,
1143 1311 1202 1364 aaa.
1213 1311 1258 1362 aas
1269 1311 1344 1369 nist,
1360 1313 1686 1378 crisparatque,

1223 1390 1453 1456 mmmm]

943 1481 1068 1552 Petrum,
1084 1479 1236 1538 Britannia
1250 1479 1395 1550 comitem,
1417 1480 1483 1536 olim
1504 1483 1736 1540 excommunica·

978 1574 1084 1638 catum,
1096 1566 1147 1624 sed
1159 1582 1235 1625 nunc
1245 1582 1309 1624 cum
1321 1569 1498 1626 Nannetenai
1506 1570 1627 1627 ecclesia
1639 1584 1738 1628 recon-

978 1656 1114 1724 ciliatum,
1130 1655 1273 1728 significat
1297 1657 1438 1714 lionorius
1455 1657 1650 1716 communioni
1665 1658 1735 1716 fide·

978 1742 1735 1819 tiumrestituendumetadversusaibigensesprofec-

978 1839 1082 1889 torum.

983 1936 1654 2014 Honoriusepiscopus,servusservorum
1665 1940 1737 2008 Dei,

944 2033 1072 2095 dilectis
1105 2033 1183 2094 filiis
1212 2035 1351 2106 cantori,
1374 2036 1542 2111 magistris
1568 2036 1679 2098 Zuello
1706 2039 1739 2098 et

945 2130 1057 2192 Rebar
1070 2131 1240 2192 canonicis
1255 2131 1569 2206 cenomanensibus,
1585 2133 1736 2194 salutem.

984 2228 1119 2290 Patentc
1134 2227 1316 2290 venerabili
1332 2228 1434 2290 fratre
1454 2230 1567 2291 nostro
1583 2229 1737 2306 episcopo

944 2325 1737 2394 Nannetensi,excommunicationisetinterdicti

945 2422 1136 2494 sententias,
1154 2439 1236 2500 quas
1255 2423 1290 2482 in
1303 2422 1448 2484 nobilem
1461 2424 1568 2484 virum
1582 2423 1737 2485 comitem

945 2519 1124 2582 Britanniae
1144 2535 1183 2581 ac
1205 2524 1328 2582 terram
1353 2536 1457 2592 suam,
1475 2536 1535 2596 pro
1557 2520 1737 2582 violatione

944 2616 1133 2678 libertatum
1160 2633 1200 2678 ac
1223 2617 1336 2679 multis
1366 2619 1399 2679 et
1423 2617 1581 2693 gravibus
1610 2617 1739 2678 damnis

945 2714 1043 2790 atque
1058 2713 1192 2788 injnriis
1204 2713 1246 2774 ab
1261 2714 1334 2790 ipso
1348 2715 1468 2775 comite
1478 2716 1576 2789 atque
1592 2715 1662 2774 suis
1675 2713 1738 2774 sibi

945 2811 978 2872 et
991 2810 1140 2871 eeclesiae
1156 2826 1224 2871 suae
1240 2825 1280 2870 ac
1301 2813 1373 2888 ejus
1388 2810 1539 2879 subditis,
1556 2811 1592 2871 ut
1606 2811 1738 2882 asserit,

945 2907 1112 2984 irrogatis,
1125 2905 1239 2968 fractis
1252 2906 1352 2968 etiam
1363 2907 1559 2984 quibusdam
1574 2907 1741 2984 composi-

947 3003 1092 3064 tionibus
1108 3003 1202 3065 inter¹
1216 3017 1272 3063 eos
1293 3001 1396 3075 initis,
1418 3003 1550 3076 tulerat,
1567 3003 1601 3063 et
1622 3005 1741 3064 metro·

946 3101 1112 3179 politanus
1144 3100 1350 3177 postmodum
1384 3099 1649 3172 confirmaverat,
1679 3116 1740 3161 nec

946 3213 1012 3258 non
1027 3197 1104 3258 illas
1119 3213 1201 3274 quas
1217 3197 1303 3259 idern
1316 3197 1591 3274 metropolitanus
1603 3197 1638 3258 in
1648 3213 1741 3258 com·

947 3293 1144 3372 provinciali
1168 3293 1320 3364 concilio,
1341 3293 1565 3356 assidentibus
1589 3292 1653 3355 sibi
1676 3293 1741 3354 suf·

947 3391 1114 3469 fraganeis
1131 3393 1211 3464 suis,
1227 3393 1497 3470 promulgaverat
1519 3392 1554 3454 in
1574 3391 1738 3460 eumdem,

947 3491 1128 3568 apostolico
1143 3490 1326 3551 munimine
1340 3489 1491 3551 roborari
1507 3488 1567 3568 (l).
1583 3492 1633 3551 Ex
1647 3489 1741 3566 parte

947 3588 1053 3664 ipsius
1068 3587 1199 3648 comitis
1214 3585 1275 3648 fuit
1299 3586 1394 3648 nobis
1418 3587 1591 3648 humiliter
1610 3585 1741 3663 suppli·

947 3686 1068 3755 catum,
1086 3684 1170 3745 utin
1188 3682 1370 3745 continenti
1383 3683 1524 3760 quadam
1541 3699 1668 3744 summa
1684 3698 1745 3760 pe-

948 3782 1066 3852 cuniae,
1092 3780 1132 3840 de
1154 3780 1248 3857 cujus
1270 3779 1433 3842 solutione
1452 3778 1539 3841 idem
1557 3796 1631 3841 cunr
1653 3779 1744 3856 epis·

948 3895 1029 3956 copo
1051 3878 1233 3938 memorato
1249 3878 1461 3948 tractaverat,
1483 3893 1523 3937 ac
1547 3891 1646 3952 super
1665 3891 1741 3938 ma·
1804 3923 1806 3926 a

948 3975 1077 4036 nifestis
1098 3973 1320 4050 pignoratitia,
1338 3974 1371 4034 et
1392 3989 1492 4049 super
1515 3972 1625 4034 dubiis
1645 3974 1743 4049 Jura-

947 4073 1034 4135 toria
1056 4071 1210 4132 cautione
1229 4069 1383 4148 receptis,
1402 4071 1587 4132 faceremus
1609 4068 1742 4132 easdem

948 4167 1130 4232 sententias
1144 4168 1304 4240 relaxari,
1320 4184 1386 4229 non
1401 4167 1607 4256 obstantibus
1621 4166 1744 4244 aliqui-

948 4267 1009 4328 bus
1024 4266 1145 4329 litteris
1164 4265 1439 4338 confirmationis
1460 4265 1512 4328 vel
1536 4263 1612 4325 aliis
1628 4264 1743 4325 contra

947 4365 1057 4442 ipsum
1072 4380 1172 4441 super
1185 4363 1248 4424 boc
1262 4363 1425 4424 hactenus
1441 4361 1636 4440 impetratis

988 4464 1069 4523 Cum
1091 4461 1193 4538 igitur
1216 4459 1257 4520 ad
1281 4459 1344 4520 boc
1372 4459 1568 4536 delinquens
1590 4455 1743 4519 tradatur

950 4559 1082 4620 Satanae
1096 4560 1132 4619 in
1144 4559 1314 4620 interitum
1330 4557 1452 4628 carnia,
1470 4559 1506 4618 ut
1520 4554 1647 4616 salubri
1662 4569 1745 4616 oon-

950 4649 1080 4717 fusione
1095 4654 1251 4717 confusus
1267 4652 1307 4715 ad
1321 4669 1377 4714 cor
1390 4653 1514 4726 redeat,
1528 4654 1561 4714 et
1575 4668 1610 4714 se
1626 4651 1745 4713 offerat

949 4753 1113 4814 mandatis
1128 4751 1278 4813 ecclesiae
1293 4749 1590 4828 pariturum,etsio
1605 4749 1743 4826 spiritus

949 4853 1021 4928 ejus
1034 4850 1068 4909 in
1084 4849 1136 4910 die
1147 4848 1277 4909 Domini
1293 4849 1405 4910 salvus
1422 4848 1489 4919 fiat,
1507 4864 1546 4909 ac
1558 4847 1671 4909 taliter
1685 4861 1746 4907 re-

102 4947 264 5021 quatenus
278 4947 313 5007 in
333 4948 465 5022 negotio
489 4947 559 5024 ipso
575 4950 672 5025 juxta
686 4947 784 5024 primi
799 4963 895 5008 man·
950 4945 1126 5007 deuntibus
1152 4961 1218 5007 non
1253 4947 1296 5007 sit
1325 4945 1475 5006 ecclesiae
1500 4945 1610 5005 aditus
1634 4944 1746 5004 reclu-

102 5041 167 5104 dati
182 5043 286 5105 nostri
300 5043 600 5114 tenorem,ratione
612 5045 738 5120 praevia
750 5043 896 5106 finaliter
950 5043 1086 5114 dendus,
1117 5041 1309 5104 discretioni
1333 5044 1453 5104 vestrae
1475 5058 1534 5118 per
1554 5039 1749 5126 Apostolica

103 5139 328 5214 procedentes,
345 5141 468 5202 terram
482 5157 540 5217 pro
555 5139 675 5202 debitis
691 5141 896 5217 assignatam
950 5140 1073 5217 scripta
1090 5138 1295 5210 mandamus,
1313 5143 1486 5216 quatenus,
1504 5138 1532 5199 si
1543 5153 1653 5198 comes
1664 5151 1747 5213 prae·

104 5235 141 5296 de
158 5236 311 5298 manibus
336 5236 596 5298 Massiliensium
614 5239 670 5316 qui
688 5253 761 5299 eam
781 5239 895 5299 contra
951 5237 1058 5298 dictus
1073 5237 1239 5315 praestarit
1260 5237 1300 5297 de
1322 5236 1450 5297 damnis
1471 5237 1503 5296 et
1528 5233 1659 5309 injuriis
1676 5234 1744 5292 tarn

100 5333 418 5408 justitiamdetinare
427 5334 593 5407 dicuntur,
605 5335 646 5396 ad
655 5350 737 5411 opus
746 5333 896 5412 praedicti
951 5334 1040 5396 circa
1059 5334 1227 5397 libertates
1240 5349 1338 5410 quam
1354 5333 1420 5394 alia
1436 5328 1621 5392 manifestis
1631 5345 1746 5390 emen-

105 5431 297 5492 monasterii
329 5432 475 5507 legitime
499 5433 674 5503 revocetis,
706 5431 896 5492 mandatum
951 5431 1038 5502 dam,
1062 5447 1101 5492 ac
1129 5430 1248 5492 deinde
1277 5429 1506 5500 sufficientem,
1533 5428 1618 5504 quod
1645 5426 1746 5488 stabit

106 5529 253 5590 nostrum
269 5528 381 5591 taliter
392 5530 561 5607 impleturi
577 5529 663 5606 quod
679 5545 745 5589 non
761 5527 896 5606 possitis
947 5529 1017 5606 jnri
1032 5543 1132 5605 super
1144 5526 1264 5599 dubiis,
1278 5527 1475 5598 cautionem,
1490 5524 1650 5587 relaxetis
1664 5541 1746 5584 sen-

141 5667 181 5740 (l)
197 5665 334 5726 videnda
349 5667 378 5724 in
393 5668 446 5726 boc
460 5667 533 5725 libro
548 5669 665 5727 Honorii
680 5668 779 5726 litterae
792 5667 828 5726 ad
841 5671 955 5726 Petrum
971 5669 1123 5728 Britanniae
1135 5649 1284 5739 comitem3
1300 5667 1382 5739 epist.
1400 5668 1450 5733 ill,
1466 5665 1520 5722 col.
1537 5665 1563 5722 3.
