3952 6350
50 277 104 335 725

50 433 194 494 ferenda.
213 434 358 510 Ideoque
371 434 612 498 fraternitatem
623 437 714 498 tuam
726 451 845 500 mene·

52 546 118 592 mus
129 531 261 593 attente
273 547 332 608 per
347 533 535 608 Apostolica
549 535 673 610 scripta
684 535 847 596 mandan-

51 633 106 697 tes,
123 629 294 704 quatenus
309 629 372 690 hoc
388 645 446 706 per
459 632 562 691 totam
575 631 728 707 angliam
742 633 846 694 facias

53 724 225 802 publicari.
258 728 375 787 Datum
406 728 580 800 Laterani,
612 729 657 792 IV
685 729 845 792 kalendas

53 823 168 894 martii,
186 823 404 899 pontificatus
419 826 526 886 nestri
541 841 628 887 1111
644 827 770 903 quinte.

341 1053 561 1141 cccxxiv

74 1199 120 1256 Aa
134 1198 434 1270 ercltteptscepum
449 1200 681 1260 coloniensem
697 1199 730 1259 et
745 1201 819 1270 1111

320 1294 572 1370 suffraganeos.

343 1425 357 1478 l
373 1431 455 1480 mart.
474 1425 553 1482 latr.

82 1537 535 1600 [1111Ιί11,1111116111111111111
548 1539 696 1604 syntagma,
708 1555 733 1604 p.
746 1539 814 1604 tta]

56 1652 170 1720 llandat,
183 1659 215 1709 ut
226 1661 366 1710 moneant
376 1653 561 1711 ecclesiarum
574 1655 727 1713 advocates
739 1663 770 1712 ut
782 1671 847 1713 een·

88 1742 154 1798 tenti
172 1741 262 1814 justis
283 1749 311 1798 et
332 1741 368 1797 ab
384 1743 500 1814 antiquo
514 1745 627 1801 statutis
645 1742 794 1817 stipendiis
812 1742 846 1801 ab

85 1831 274 1887 ecclesiarum
289 1831 428 1888 molestiis
442 1831 656 1904 conquiescant.

91 1956 259 2016 Honorius
270 1957 583 2032 episcopusservus
595 1958 845 2030 serverumDei,

57 2052 299 2113 venerabilibus
316 2053 473 2115 fratribus
489 2055 740 2131 archiepiscopo
756 2055 849 2115 Cole-

59 2150 156 2210 niensi
169 2153 204 2210 et
217 2153 293 2226 ejus
309 2149 542 2226 suffraganeis,
558 2153 697 2212 salutern
710 2153 742 2214 et
755 2168 848 2228 apes-

60 2245 182 2307 telicam
197 2247 477 2309 benedictionem.
644 2320 654 2339 ,

95 2342 127 2401 Si
149 2344 371 2405 ecelesiarum
386 2345 538 2406 advocati
554 2345 775 2420 significatum
796 2346 848 2406 sui

63 2440 195 2500 nominis
209 2441 431 2510 attenderent,
448 2443 483 2502 ut
495 2441 663 2513 deberent,
678 2441 847 2504 studerent

62 2551 120 2607 eae,
136 2536 176 2598 eb
190 2538 417 2599 reverentiam
436 2538 596 2600 Advocati
621 2539 775 2615 ccelesiis,
793 2541 846 2601 cui

63 2634 187 2707 speciali
197 2635 299 2696 titulo
320 2637 397 2696 sunt
412 2636 598 2713 adscriptae,
616 2635 727 2698 fovere
742 2637 846 2698 bene-

63 2729 136 2790 ficiis
146 2731 325 2794 et'viribus
341 2732 514 2794 defensare
528 2756 536 2808 ;
554 2733 610 2793 sed
626 2734 711 2810 qued
725 2733 845 2795 delen-

63 2827 104 2886 tes
117 2829 294 2890 referimus
317 2829 467 2890 nonnulli
482 2846 598 2891 eorum
617 2831 776 2892 habentes
788 2849 847 2893 ve·

63 2921 160 2986 lamen
185 2927 324 2988 malitiae
347 2928 544 3000 libertatem,
560 2930 595 2989 in
618 2927 715 2989 benis
736 2929 846 2990 eccle-

65 3021 206 3096 siasticis
230 3025 267 3085 in
294 3024 412 3100 quibus
432 3025 657 3086 advocationis
678 3029 732 3102 jus
762 3026 848 3088 obti-

65 3122 143 3191 nent,
154 3137 220 3182 111
234 3122 343 3183 solum
359 3121 576 3200 prodigaliter
589 3121 845 3196 debacchantur,

65 3229 166 3278 verum
196 3219 299 3279 etiem
333 3235 372 3280 ea
409 3219 569 3296 diripiunt
597 3220 633 3280 11
660 3220 845 3297 praedones.

67 3313 144 3380 ered
154 3316 307 3378 ecclesiae
316 3317 523 3378 coloniensis
535 3317 714 3394 provinciae
723 3317 848 3394 jugiter

66 3409 197 3481 experiri
215 3411 391 3486 coguntur,
407 3411 492 3472 sicut
504 3426 619 3471 earum
636 3411 730 3473 nobis
743 3414 849 3472 trans-

68 3502 155 3564 missa
168 3507 363 3584 conquestio
376 3507 540 3583 patefacit.
551 3509 633 3578 Quia
645 3509 747 3584 igitur
757 3509 848 3570 zelus

67 3613 118 3659 nes
132 3605 273 3665 comedit
296 3605 410 3664 demus
430 3606 500 3676 Dei,
515 3605 714 3667 fraternitati
730 3608 848 3667 vestrae

67 3711 118 3768 per
129 3701 318 3776 apostolica
332 3703 454 3778 scripta
466 3702 671 3774 mandamus
687 3705 848 3779 quatenus

69 3792 179 3868 singuli
208 3802 449 3876 prosequentes
477 3801 647 3875 preprium
673 3801 846 3872 interesse,

69 3890 95 3948 et
113 3895 202 3967 quasi
218 3897 305 3956 colle
321 3912 386 3956 une
402 3899 433 3957 et
449 3896 586 3956 humere
608 3913 673 3957 une
688 3897 861 3958 ecclesia-

68 3999 129 4046 rum
149 4005 250 4053 onera
278 3993 533 4069 comportantes,
557 3993 735 4054 advocatos
759 3993 848 4070 ipses

69 4085 98 4141 ut
110 4089 249 4150 contenti
260 4089 361 4167 justis
376 4093 409 4150 et
428 4088 468 4150 ab
491 4091 627 4166 antique
644 4091 775 4151 statutis
789 4091 850 4152 sti-

70 4181 194 4256 penulis,
206 4186 248 4247 ab
260 4187 477 4248 ecclesiarum
495 4188 655 4248 molestiis
671 4189 850 4264 conquies-

69 4281 143 4350 cant,
168 4285 331 4345 moneatis
350 4285 540 4360 prudenter,
558 4287 590 4346 et
605 4284 784 4346 efficaciter
796 4286 851 4345 in-

70 4371 194 4438 ducatis.
212 4381 303 4452 Quod
320 4382 348 4441 si
368 4379 479 4442 forsan
495 4383 616 4442 vestris
633 4383 767 4443 monitis
784 4399 849 4443 nen

71 4474 295 4546 acquieverint,
314 4494 356 4538 ne
374 4479 582 4539 medicinalis
603 4480 694 4540 Petri
719 4480 849 4556 gladius

73 4563 99 4624 iu
119 4585 212 4633 11111
231 4577 343 4638 vestra
362 4578 494 4652 torpere
514 4576 666 4652 rubigine
686 4578 846 4648 videatur,

71 4659 171 4739 ineos,
182 4672 278 4746 juxta
292 4673 509 4748 quantitatem
525 4673 557 4734 et
572 4673 764 4748 qualitatem
779 4675 850 4733 cul-

73 4773 184 4836 larum,
213 4769 393 4832 intendatis
422 4771 454 4830 et
481 4770 669 4842 remittatis,
700 4772 850 4848 appella-

72 4852 150 4918 tione
163 4866 353 4942 postpesita,
368 4867 513 4942 rigorem
534 4867 771 4928 ecclesiasticae
787 4868 851 4926 dis-

75 4949 191 5026 cillinae
208 4979 215 5016 τ
231 4963 279 5025 111
301 4963 387 5039 qued
410 4963 561 5024 ecclesiae
590 4962 631 5024 ab
658 4963 849 5040 hujusmodi

75 5057 270 5124 oppressione
284 5061 460 5136 respirent,
474 5062 506 5122 et
516 5077 574 5121 ves
590 5061 711 5121 exinde
726 5076 850 5122 merea-

75 5145 143 5206 mini
157 5154 240 5229 apud
262 5159 363 5218 Deum
385 5159 418 5220 et
438 5159 590 5218 homines
611 5157 847 5218 commendari.

76 5237 178 5306 Datum
200 5251 365 5326 Laterani,
389 5253 550 5315 kalendas
572 5255 694 5326 martii,
716 5255 849 5330 pontili-

77 5339 155 5400 catus
168 5351 268 5410 nestri
282 5366 368 5412 anne
385 5350 509 5428 quinte.

678 281 906 340 EPlS'POLAE.
930 283 1007 342 LIB.
1031 285 1069 342 V.

1045 556 1097 652 Ad
1110 595 1324 668 [1111111111
1339 596 1379 654 dc
1393 595 1551 654 Peracta.

1170 787 1172 793 Ι
1190 715 1206 772 2
1225 723 1308 772 marl.
1326 716 1405 772 trit.

995 828 1177 890 [Wurdtweim
1191 829 1261 880 Neve
1275 829 1396 886 subsidia,
1409 835 1428 878 t.
1442 829 1485 887 lll,
1496 843 1521 894 p.
1534 829 1600 892 ll7.]

951 934 1195 1006 Dispensatorium
1210 937 1240 991 in
1255 935 1415 1008 pluralitate
1430 933 1644 992 beneficiorum.

941 1052 1107 1111 Honorius
1119 1053 1304 1130 episcopus,
1316 1053 1692 1124 servusservorumllei,

901 1146 1020 1208 dilecto
1041 1149 1110 1209 filio
1133 1149 1305 1225 Raynalde
1326 1150 1366 1210 de
1386 1149 1532 1220 Puzalia,
1560 1149 1695 1210 subdia-

901 1260 983 1304 cone
1013 1249 1142 1318 nostre,
1166 1248 1344 1323 praeposito
1375 1247 1486 1331 Sancti
1516 1247 1630 1307 Severi
1656 1247 1691 1305 in

900 1339 1106 1414 Hcreferdia,
1130 1343 1277 1418 Magunt
1305 1343 1468 1415 dioecesis,
1492 1342 1633 1404 salutem
1661 1345 1694 1403 et

900 1439 1116 1514 apostolicam
1129 1439 1407 1501 benedictionem.

941 1536 1002 1605 Qui
1022 1551 1065 1596 ex
1084 1535 1237 1597 beneficii
1252 1537 1315 1596 sihi
1336 1537 1465 1598 cellatis
1481 1535 1576 1614 quasi
1590 1535 1693 1597 bene-

902 1631 1043 1692 faciendi
1068 1633 1228 1694 habentes
1251 1633 1424 1694 materiam
1444 1648 1484 1694 ea
1508 1633 1643 1710 provide
1660 1633 1692 1692 iu

902 1745 981 1790 usus
998 1729 1155 1791 honestes
1175 1731 1376 1808 expendunt,
1393 1735 1520 1808 majora
1547 1729 1611 1791 sibi
1635 1745 1694 1790 cu-

902 1827 1029 1886 mulare
1052 1829 1220 1888 merentur
1243 1829 1280 1888 ut
1302 1829 1399 1888 aucta
1425 1843 1526 1888 causa
1554 1826 1691 1888 effectus
1748 1885 1750 1892 ,

902 1922 1115 1985 laudabiliter
1139 1927 1312 2000 augeatur.
1336 1928 1422 1986 Sane
1453 1941 1527 1986 cum
1555 1924 1633 1984 olim
1659 1924 1694 1982 11

903 2021 1118 2082 Lateranensi
1133 2022 1280 2083 Concilio
1300 2021 1436 2099 provida
1452 2021 1552 2082 fuerit
1570 2019 1696 2081 delibe-

903 2117 1031 2178 ratione
1056 2119 1223 2191 statutum,
1244 2121 1328 2197 quod
1351 2123 1384 2181 et
1409 2134 1515 2195 nuper
1533 2118 1568 2178 in
1590 2131 1694 2192 gene-

902 2215 967 2275 rali
990 2217 1100 2308 extitit
1122 2217 1326 2289 innovatum,
1353 2219 1389 2279 ut
1411 2217 1522 2277 nullus
1546 2215 1695 2277 diversas

903 2313 1080 2386 dignitates
1106 2315 1349 2376 ecclesiasticas
1373 2315 1424 2376 vel
1451 2315 1562 2392 plures
1591 2326 1693 2388 pare-

903 2411 1029 2472 clriales
1060 2413 1218 2474 ecclesias
1249 2413 1399 2489 recipere
1427 2409 1548 2472 audeat
1579 2409 1694 2471 centra

903 2524 1072 2569 sacrorum
1109 2526 1272 2571 canonum
1305 2510 1470 2581 instituta,
1501 2509 1548 2569 ita
1583 2510 1694 2569 tamen

903 2607 987 2682 quod
1008 2607 1097 2668 circa
1119 2607 1276 2668 sublimes
1298 2608 1330 2668 et
1351 2605 1514 2668 litteratas
1534 2618 1695 2682 personas

903 2719 962 2778 per
981 2705 1098 2764 Sedern
1120 2705 1342 2780 apostolicam
1365 2705 1476 2764 valeat
1495 2700 1693 2778 dispensari,

902 2794 963 2861 nes
988 2802 1044 2877 qui
1067 2801 1162 2862 bonis
1186 2801 1382 2862 benefacere
1406 2801 1568 2876 cupimus,
1590 2799 1622 2858 te
1646 2813 1697 2858 re·

903 2900 1054 2974 putantes
1074 2898 1320 2976 dispensatione
1343 2897 1533 2973 hujusmodi
1553 2911 1619 2956 nen
1640 2895 1694 2956 iu-

903 2997 1048 3070 dignum,
1065 2997 1102 3058 ut
1119 2999 1242 3072 praeter
1265 3011 1303 3057 ea
1319 2994 1491 3066 beneficia,
1514 3009 1586 3069 quae
1607 3007 1696 3052 nune

903 3093 1042 3166 11111111,
1065 3095 1129 3156 duo
1152 3093 1377 3156 ecclesiastica
1401 3091 1574 3159 beneficia,
1596 3091 1696 3152 etiam

903 3191 931 3249 si
967 3207 1079 3252 curam
1116 3191 1259 3252 babeant
1288 3191 1475 3251 animarum
1513 3202 1694 3257 annexam,

903 3287 1077 3349 dummodo
1096 3289 1155 3349 tibi
1172 3289 1330 3349 canonice
1349 3287 1574 3358 conferantur,
1591 3284 1696 3346 libere

904 3387 1010 3462 possis
1026 3387 1184 3464 recipere,
1199 3388 1319 3457 tecum,
1336 3385 1532 3447 anctoritate
1547 3383 1694 3460 Aposto-

903 3484 967 3545 lica
983 3485 1223 3561 dispensamus.
1240 3483 1331 3545 Nulli
1347 3499 1427 3559 erge
1442 3483 1577 3544 omnino
1593 3479 1697 3540 homi·

904 3599 981 3641 num
997 3582 1096 3642 liceat
1110 3582 1197 3642 11111
1216 3582 1371 3657 paginam
1387 3581 1508 3641 nestrae
1524 3578 1699 3655 dispensa·
1777 3582 1783 3594 '

904 3678 1003 3740 tionis
1036 3678 1240 3753 infringere,
1270 3679 1322 3739 vel
1347 3678 1378 3738 ei
1407 3690 1492 3737 ausu
1519 3673 1697 3736 temerario

904 3775 1081 3835 111111111.
1097 3775 1132 3836 Si
1145 3774 1219 3852 quis
1234 3776 1344 3835 autem
1360 3774 1423 3834 hoe
1439 3771 1602 3833 attentare
1617 3785 1699 3846 prae-

904 3872 1092 3948 sumpserit,
1113 3872 1375 3947 indignationem
1389 3868 1624 3944 emnipetentis
1638 3866 1696 3927 Dei

904 3984 943 4028 ac
964 3969 1136 4030 beaterum
1166 3969 1256 4030 Petri
1283 3969 1315 4030 et
1344 3967 1441 4028 Pauli
1472 3965 1697 4042 apestolorum

905 4068 977 4142 ejus
995 4082 1031 4126 se
1053 4067 1182 4128 neverit
1207 4066 1431 4126 incursurum.
1457 4064 1576 4125 Datum
1598 4061 1698 4122 Late-
1728 4108 1735 4120 ,

905 4163 989 4232 rani,
1018 4165 1062 4223 vl
1087 4179 1192 4224 nonas
1216 4157 1726 4239 1111111111111111111111111.

905 4275 992 4320 anne
1008 4260 1134 4336 quinto.

1191 4419 1409 4508 GCLXXVI

905 4565 956 4622 ald
974 4563 1183 4637 magistrum
1214 4565 1409 4624 0111111111
1430 4567 1641 4635 capellanum
1666 4559 1699 4622 et

963 4659 1407 4720 ι111111111111111111111111
1424 4659 1634 4738 Xonciopcn.

1194 4781 1405 4838 1111111111.
1507 4855 1510 4862 Ι

926 4897 1046 4960 [liegest.,
1060 4895 1105 4945 lib.
1118 4897 1148 4954 V,
1163 4895 1236 4959 epist.
1248 4895 1303 4944 118.
1318 4897 1374 4946 llas.
1390 4897 1426 4946 La
1438 4896 1512 4946 Porta
1525 4896 1559 4946 du
1573 4896 1667 4957 111111]

905 5002 1020 5062 Mandat
1040 5005 1084 5059 eis
1102 5009 1133 5059 ut
1156 5002 1317 5074 pecuniam,
1329 5001 1365 5059 de
1384 5001 1580 5074 redemptione
1599 5016 1698 5060 cruce·

939 5091 1117 5163 signatorum
1138 5089 1167 5145 in
1189 5090 1334 5148 Gelonion.
1353 5096 1382 5146 et
1397 5079 1528 5146 bremen.
1546 5090 1700 5161 provinciis

941 5177 1067 5234 nendum
1086 5177 1244 5243 collectam,
1259 5179 1394 5249 colligent
1413 5184 1442 5234 et
1461 5178 1490 5233 11
1505 5176 1699 5249 preparandis

940 5266 977 5322 ed
991 5265 1127 5322 1111111111
1142 5267 1235 5321 ferrae
1252 5266 1362 5321 Sanctae
1378 5263 1499 5320 navibus
1519 5264 1695 5338 impendant.

944 5391 1129 5462 Honorius,
1158 5393 1233 5461 etc,
1264 5389 1393 5450 dilectis
1430 5389 1508 5450 liliis
1540 5391 1699 5466 magistre

905 5487 1054 5548 Conrado
1076 5487 1249 5565 capellano
1267 5489 1299 5547 et
1316 5487 1486 5563 primario,
1504 5488 1537 5550 et
1550 5488 1697 5548 lobanni
1755 5529 1757 5532 -

905 5584 1103 5647 scholastice
1119 5586 1325 5648 xanctonen.
