4198 6322
157 321 197 382 17
777 319 1005 382 EPISTOLAE.
1029 321 1106 382 LIB.
1132 323 1187 383 ΙΙΙ.
1764 323 1803 395 18

198 479 421 542 Prudentibus
443 480 630 558 virginibus
650 495 724 557 quae
752 478 814 540 sub
839 478 955 546 babitu
1009 495 1088 542 vero
1114 480 1146 543 te
1171 497 1260 546 nunc
1284 481 1434 564 ejusdem
1461 484 1527 548 loci
1548 481 1731 560 abbatissa,
1747 489 1801 550 vel
1833 537 1843 552 ,

153 575 332 654 religionis
356 578 507 639 accensis
536 577 742 654 lampadibus
772 591 832 654 per
854 591 955 654 opera
1009 576 1187 640 decedente
1223 593 1338 642 earum
1376 581 1489 658 aliqua
1518 599 1592 660 quse
1619 584 1681 646 tibi
1714 601 1802 646 suc·

154 672 344 735 sanctitatis
362 674 489 750 jugiter
503 689 539 734 se
554 672 743 750 praeparant
760 671 811 734 ire
825 671 955 733 obviam
1009 675 1160 746 cesserit,
1191 675 1282 737 nulla
1319 676 1366 737 ibi
1394 679 1541 754 qualibet
1578 680 1802 758 subreptionis

155 783 282 846 sponso
306 770 400 832 Sedis
424 771 623 848 Apostolioae
650 769 745 833 debet
763 768 954 846 praesidium
1010 770 1130 832 astutia
1144 770 1197 832 vel
1225 772 1383 835 violentia
1398 777 1612 852 praeponatur
1623 777 1689 838 nisi
1701 793 1799 855 quam

153 866 333 944 impertiri,
353 883 396 929 ne
411 868 495 932 sorte
510 867 687 946 cujuslibet
703 867 895 930 temeritatis
908 867 955 928 iu·
1009 882 1140 930 sorores
1155 870 1321 930 communi
1344 887 1507 934 consensu
1521 872 1574 935 vel
1595 889 1709 934 earum
1722 890 1801 951 pars

154 980 287 1038 cursus,
305 967 363 1026 aut
375 980 431 1026 eas
447 982 467 1027 a
481 965 650 1044 proposito
665 965 807 1038 revocet,
825 965 883 1026 aut
896 981 955 1027 ro·
1009 964 1140 1026 consilii
1156 965 1311 1038 sanioris,
1334 967 1514 1030 secundum
1532 971 1592 1031 Dei
1603 971 1755 1033 timorem
1768 971 1803 1033 et

153 1059 231 1135 bur,
248 1061 334 1140 quod
346 1060 444 1136 absit,
466 1079 571 1125 sacrae
585 1062 757 1138 religionis
781 1061 952 1138 infringat.
1008 1060 1096 1122 beati
1110 1062 1281 1124 Benedicti
1295 1063 1445 1139 regulam
1459 1065 1664 1143 providerint
1677 1068 1800 1143 eligen-

154 1160 203 1220 Ea
218 1161 364 1236 propter,
381 1159 511 1223 dilectae
522 1160 558 1220 in
571 1160 711 1222 Domino
730 1159 818 1232 liliae,
834 1159 954 1222 vestris
1008 1154 1096 1217 dam.
1106 1155 1155 1217 Ad
1170 1156 1242 1217 haec
1251 1155 1372 1217 liberas
1387 1159 1420 1220 et
1432 1157 1599 1220 absolutas
1609 1175 1799 1237 personasa

149 1256 255 1332 justis
297 1257 576 1334 postulationibus
617 1257 796 1320 clementer
829 1257 953 1318 annui-
1009 1252 1130 1314 saeculo
1145 1253 1308 1330 fugientes
1333 1254 1433 1316 liceat
1444 1255 1538 1316 vobis
1548 1257 1585 1317 in
1598 1258 1800 1318 monasterio

152 1369 229 1413 mus
245 1354 278 1414 et
289 1353 462 1431 praelatum
482 1347 718 1416 monasterium
735 1356 865 1416 Sanctae
882 1355 955 1415 Ma·
1008 1352 1117 1411 vestro
1139 1350 1180 1412 ad
1209 1349 1458 1413 conversionem
1492 1353 1651 1429 recipere,
1687 1355 1720 1415 et
1742 1369 1800 1414 eas

153 1451 215 1511 riae
228 1451 269 1511 de
282 1451 491 1524 Garamauia,
503 1451 540 1512 in
552 1467 616 1528 quo
631 1451 743 1514 divino
758 1451 953 1528 mancipatae
1008 1447 1132 1526 absque
1146 1447 1406 1510 contradictione
1430 1449 1541 1526 aliqua
1556 1451 1711 1512 retinere.
1733 1453 1800 1512 De-

153 1547 236 1608 estis
251 1547 420 1624 obsequio,
433 1549 474 1610 ad
488 1549 660 1626 exemplar
671 1548 954 1612 ielicismemoriae
1008 1545 1174 1606 cernimus
1202 1560 1281 1621 ergo
1303 1547 1339 1606 ut
1362 1544 1447 1606 nulli
1472 1546 1606 1610 omnino
1627 1546 1807 1608 hominum·

152 1645 337 1706 Alexandri
362 1662 456 1723 papae
482 1646 737 1724 praedecessoris
765 1646 870 1708 nostri
892 1647 953 1708 sub
1008 1641 1107 1704 liceat
1120 1641 1294 1719 praeratum
1320 1642 1557 1703 monasterium
1575 1643 1699 1704 temere
1718 1658 1799 1720 per-

151 1740 243 1804 beati
255 1742 346 1804 Petri
359 1745 392 1806 et
407 1744 520 1805 nostra
529 1743 734 1821 protectione
742 1743 951 1821 suscipimus,
1007 1736 1152 1813 turbare,
1175 1738 1234 1800 aut
1258 1740 1331 1815 eJus
1359 1737 1586 1813 possessiones
1600 1735 1731 1801 auterre
1745 1737 1799 1798 vel

149 1839 185 1900 et
198 1839 373 1916 praesentis
385 1839 500 1918 scripti
515 1841 689 1918 privilegio
700 1841 951 1912 communimus,
1008 1834 1135 1896 ablatas
1158 1835 1315 1908 retinere,
1340 1834 1490 1897 minuere
1516 1850 1575 1896 seu
1601 1833 1804 1912 quibuslibet

149 1937 349 2010 statuentes,
376 1940 414 2000 ut
445 1954 669 2015 quascumque
705 1937 951 2016 possessiones,
1007 1930 1239 1993 vexationibus
1263 1929 1414 2006 fatigare,
1444 1946 1503 2007 pro
1521 1946 1661 2008 quorum
1679 1930 1802 2007 guber-

150 2033 463 2110 qnaecumquebona
475 2035 563 2097 idem
572 2035 808 2097 monasterium
821 2035 856 2094 in
866 2051 955 2111 prae-
1008 2028 1143 2089 natione
1163 2031 1196 2089 et
1213 2027 1452 2090 sustentatione
1465 2043 1623 2089 concessa
1636 2029 1714 2089 sunt
1725 2027 1800 2088 usi-

150 2131 337 2192 sentiarum
349 2133 438 2209 juste
454 2135 487 2192 et
501 2132 660 2195 canonice
673 2131 829 2209 possidet,
846 2133 955 2193 autin
1007 2124 1068 2184 bus
1079 2124 1231 2186 omnibus
1251 2124 1433 2200 protutura,
1449 2125 1544 2185 salva
1571 2124 1665 2185 Sedis
1688 2126 1799 2200 epos-

152 2228 302 2289 iuturum
317 2229 533 2290 concessione
554 2229 757 2306 pontificum,
776 2229 953 2305 largitione
1007 2222 1116 2283 tolicae
1149 2221 1346 2284 auctoritate
1381 2222 1415 2282 et
1439 2221 1619 2284 dioecesani
1650 2219 1798 2299 episcopi

152 2337 272 2401 regum
290 2325 342 2387 vel
369 2325 568 2403 principum,
596 2325 764 2388 oblatione
792 2324 951 2398 fidelium,
1008 2319 1319 2396 canonicaJ'ustitia.
1333 2319 1382 2380 Ad
1400 2317 1562 2395 Judicium
1575 2317 1796 2394 autembujus

151 2437 214 2484 seu
229 2423 306 2484 aliis
315 2423 415 2499 justis
429 2423 545 2495 modis,
557 2423 954 2500 praestanteDomincpo·
1007 2431 1027 2476 a
1056 2415 1140 2476 Sede
1164 2415 1353 2492 Apostolica
1388 2415 1551 2493 perceptae
1582 2413 1796 2493 protectionis

152 2519 263 2582 teritis
289 2520 430 2596 adipisci
444 2520 539 2581 firma
553 2520 649 2581 vobis
667 2521 701 2582 et
714 2519 767 2580 his
790 2536 864 2597 quae
881 2523 954 2596 post
1008 2512 1249 2575 marabotinum
1268 2529 1372 2574 unum
1391 2511 1488 2573 nobis
1509 2511 1697 2588 nostrisque
1722 2520 1801 2572 suo·

156 2633 218 2678 vos
251 2619 473 2679 successerint
504 2619 537 2680 et
562 2617 690 2680 illibata
725 2620 950 2694 permaneant.
1007 2608 1194 2671 cessoribus
1208 2609 1305 2670 annis
1318 2609 1458 2686 singulis
1469 2607 1677 2685 persolvetis.
1688 2607 1723 2668 Si
1736 2621 1800 2683 qua

157 2717 282 2786 Lucum
310 2715 430 2792 ipsum,
451 2715 486 2776 in
506 2732 571 2792 quo
588 2715 762 2793 praelatum
786 2716 954 2776 monaste-
1007 2707 1109 2782 igitur
1123 2705 1159 2766 in
1174 2706 1321 2768 futurum
1344 2705 1572 2770 ecclesiastica
1588 2703 1801 2766 saecularisve

156 2813 245 2873 rium
260 2811 422 2875 situmest
445 2828 519 2874 cum
534 2811 615 2874 villa
635 2811 834 2874 etomnibus
849 2813 955 2890 perti-
1007 2819 1149 2880 uersutis
1183 2803 1270 2864 huuc
1303 2804 1426 2866 nostres
1455 2800 1701 2864 constitutionis
1736 2815 1800 2876 ps·

156 2910 291 2982 nentiis,
312 2910 490 2974 ecclesiam
512 2910 624 2972 Sancti
645 2909 766 2971 Hilarii
787 2909 886 2970 sitam
917 2909 953 2970 in
1007 2901 1119 2976 gissam
1147 2900 1257 2962 sciens
1290 2901 1405 2960 contra
1438 2914 1512 2960 eam
1532 2899 1657 2959 tommo
1684 2896 1799 2958 venire

153 3008 336 3070 tenimento
359 3007 497 3077 Revelli,
514 3023 588 3069 cum
609 3007 760 3068 omnibus
782 3007 953 3082 pertinen·
1006 2996 1193 3066 tentaverit,
1205 2995 1350 3057 secundo
1362 2995 1502 3056 tertiove
1512 2993 1724 3062 commonita,
1734 2993 1801 3054 nisi

151 3105 209 3166 uis
224 3105 306 3177 suis,
325 3105 501 3166 ecclesiam
519 3104 632 3166 sancti
652 3103 786 3179 ceorgn
805 3104 903 3164 snam
918 3103 953 3164 in
1008 3092 1298 3170 praesumptionem
1327 3107 1421 3153 suam
1447 3091 1547 3166 diana
1573 3088 1803 3152 satisfactione

151 3202 336 3264 tenimento
371 3202 590 3264 carmanoliae
625 3217 701 3262 cum
743 3201 953 3278 pertinentiis
1007 3189 1201 3261 correxerit,
1217 3188 1388 3266 potestatis
1405 3187 1607 3264 honorisque
1622 3186 1675 3248 sui
1689 3187 1802 3248 careat

154 3299 234 3372 suis,
264 3299 439 3362 ecclesiam
465 3299 578 3362 Sancti
605 3299 674 3361 Viti
693 3298 791 3360 sitam
809 3298 845 3359 in
865 3299 954 3360 teni·
1007 3288 1179 3364 dignitate,
1188 3283 1802 3363 reamquesedivincjudicioexistere

153 3397 263 3458 mento
284 3395 450 3458 cavalarii
476 3395 614 3472 majoris
642 3409 716 3456 cum
743 3389 953 3472 pertinentiis
1008 3386 1048 3448 de
1062 3383 1221 3462 perpetua
1231 3383 1406 3460 iniquitate
1421 3381 1803 3458 cognoscatetasacra-

153 3493 240 3565 suis,
270 3492 445 3554 ecclesiam
473 3493 603 3554 Sanctae
635 3492 752 3554 Mariae
784 3493 888 3554 Nova
913 3491 953 3551 de
1006 3483 1134 3545 tissime
1150 3496 1288 3558 corpore
1302 3481 1336 3544 et
1350 3480 1512 3555 sauguine
1532 3477 1591 3540 Dei
1613 3479 1646 3541 st
1669 3477 1801 3539 Domini

153 3590 320 3660 Pulentia,
345 3605 420 3650 cum
449 3589 659 3666 pertinentiis
684 3589 765 3662 suis,
792 3587 953 3665 capellam
1008 3578 1236 3666 Redemptoris
1250 3581 1332 3640 Jesu
1355 3577 1477 3638 Christi
1492 3575 1602 3638 aliena
1617 3574 1686 3648 nat,
1702 3576 1804 3651 atque

153 3687 286 3746 Sanctae
297 3685 412 3746 Mariae
428 3685 610 3746 Cavalleris
626 3685 765 3746 minoris
785 3700 859 3745 cum
877 3699 955 3760 per-
1007 3677 1043 3740 in
1057 3678 1205 3739 extremo
1215 3675 1370 3737 examine
1385 3672 1545 3736 districtae
1558 3671 1676 3734 ultioni
1688 3671 1803 3748 subja-

151 3783 408 3854 tinentiissuis,
442 3785 592 3859 quartam
621 3785 748 3858 partem
768 3780 858 3844 villae
880 3797 953 3858 quae
1008 3775 1090 3836 usui·
1122 3773 1254 3834 Cunctis
1276 3774 1387 3834 sutum
1411 3771 1518 3832 sidem
1546 3768 1701 3831 lutosus
1724 3771 1804 3846 jura

152 3878 459 3941 dicituri'aelicium
481 3880 514 3942 et
536 3895 574 3941 ea
597 3895 670 3956 quae
692 3879 733 3940 ad
758 3878 953 3940 Domanium
1008 3869 1230 3940 servantibus,
1254 3869 1298 3931 sit
1333 3883 1401 3945 12³¹
1429 3866 1560 3928 D⁰ffliui
1594 3865 1804 3927 ¹1⁰⁸il1508u

152 3976 296 4048 habetis,
310 3974 432 4038 ibidem
444 3976 618 4038 ecclesiam
637 3976 766 4038 sanetae
784 3975 900 4036 Mariae
913 3975 954 4036 de
1008 3967 1130 4028 Christi
1146 3965 1309 4043 quatenus
1324 3966 1357 4026 et
1371 3963 1407 4024 hi
1421 3963 1565 4024 fructum
1587 3960 1682 4022 bonae
1697 3961 1805 4023 actio·

153 4077 256 4137 Porta
268 4075 417 4136 Mauritii
434 4091 509 4136 curn
524 4073 677 4136 omnibus
688 4089 761 4150 quae
773 4071 903 4136 habetis
917 4071 953 4133 in
1008 4065 1060 4126 nis
1084 4062 1271 4141 percipiant
1293 4061 1326 4124 et
1344 4059 1432 4139 apud
1447 4059 1633 4122 districtum
1657 4058 1804 4135 judicem

154 4172 236 4232 villa
251 4171 435 4234 etcastello
449 4171 566 4248 ipsius,
579 4170 830 4248 procurationes
844 4169 953 4232 etalia
1008 4161 1144 4240 praemia
1181 4162 1315 4224 aeternae
1354 4158 1445 4236 pacis
1468 4156 1652 4220 inveniant.
1685 4159 1802 4218 Amen.

151 4272 229 4347 jura
253 4286 327 4346 quae
346 4269 476 4332 habetis
498 4269 533 4330 in
553 4268 689 4332 castello
711 4267 904 4341 zuccarelli,
922 4275 955 4330 et
1007 4263 1122 4322 Amen.
1147 4262 1263 4320 Amen.

156 4367 294 4430 castello
315 4367 431 4438 crude,
460 4366 709 4444 procurationes
734 4367 766 4428 et
785 4365 852 4427 alia
875 4366 953 4441 jura
1048 4359 1116 4433 ligo
1131 4354 1298 4417 Honorius
1317 4351 1495 4414 catholica
1509 4349 1666 4412 Ecclesia
1680 4349 1805 4426 episco-

156 4483 229 4544 quae
250 4464 379 4529 habetis
396 4464 433 4525 in
446 4464 584 4526 castello
599 4464 745 4526 Garessii
770 4464 803 4525 et
823 4463 954 4526 invilla
1008 4471 1081 4531 pus·

157 4563 306 4641 ejusdem
331 4561 408 4634 ioci,
425 4565 504 4638 jura
526 4578 599 4640 quae
620 4544 807 4622 nahetis'in
822 4560 902 4622 villa
920 4564 955 4621 et
1048 4553 1116 4628 ligo
1132 4547 1291 4611 Nicolsus
1305 4545 1512 4606 'tusculanus
1526 4543 1713 4620 spiscopus·

156 4659 296 4722 castello
322 4658 364 4723 de
385 4662 546 4731 Banasoo,
569 4658 683 4719 villam
698 4657 738 4720 de
762 4657 863 4718 Dulce
878 4674 953 4720 cum
1047 4651 1115 4724 Ego
1131 4646 1237 4708 Guido
1250 4643 1476 4706 Praenestinus
1491 4641 1677 4719 episcopus.
1761 4704 1770 4721 ,

156 4757 310 4821 omnibus
329 4756 540 4835 pertiuentiis
556 4755 637 4826 suis,
654 4754 905 4832 procurationes
922 4756 955 4816 et
1048 4748 1115 4821 ligo
1145 4745 1262 4806 Petrus
1290 4739 1414 4802 Suuutae
1447 4738 1682 4802 Prudsuiiuuae
1716 4735 1805 4798 tituli

153 4860 231 4932 jura
245 4853 458 4932 quaebabetis
480 4853 515 4914 in
529 4852 668 4914 castello
680 4853 713 4914 et
733 4851 813 4914 villa
836 4850 876 4914 de
895 4851 956 4914 Ri·
1009 4841 1157 4905 Pastoris
1168 4839 1341 4918 presbyter
1351 4837 1541 4898 cardinalis.

157 4953 243 5024 vola,
258 4952 293 5013 et
310 4951 345 5012 in
361 4949 440 5012 villa
456 4965 530 5027 quae
544 4949 666 5012 dicitur
678 4949 865 5020 Bricaraso,
882 4963 956 5025 pro·
1048 4943 1116 5016 ugo
1140 4937 1320 5014 Gregorius
1343 4934 1431 4997 tituli
1464 4935 1588 4996 sanctae
1615 4930 1803 4994 Anastasius

157 5051 348 5112 curationes
363 5049 397 5109 et
410 5050 488 5124 jura
509 5062 582 5124 quae
603 5046 733 5108 babetis
756 5045 792 5106 in
813 5045 954 5106 ecclesia
1008 5037 1180 5116 presbyter
1191 5033 1383 5097 cardinalis.

159 5147 271 5210 Sancti
286 5145 418 5207 Nicolai
434 5144 475 5205 de
491 5143 629 5215 Salutis,
639 5147 672 5204 et
685 5157 725 5204 ea
740 5157 813 5219 quae
826 5141 954 5204 habetis
1047 5137 1115 5212 Ego
1130 5132 1330 5196 Octavianus
1340 5131 1531 5194 sanctorum
1544 5127 1651 5204 Sergii
1664 5127 1697 5188 et
1715 5129 1803 5188 Bac-

158 5247 192 5307 in
204 5243 411 5319 summaripa
422 5241 463 5302 de
477 5243 595 5306 Bosco.
611 5239 864 5318 Benedictiones
874 5254 954 5301 vero
1008 5231 1062 5294 obi
1077 5231 1236 5292 diaconus
1250 5226 1443 5290 cardinalis.

157 5340 364 5412 monialium,
374 5338 601 5401 ordinationes
615 5336 864 5414 capellanorum
878 5351 954 5398 ves-
1047 5331 1115 5405 Ego
1131 5326 1310 5404 Gregorius
1335 5324 1441 5386 sancti
1464 5322 1629 5385 Theodori
1643 5320 1804 5382 diaconus

156 5441 285 5501 trorum
307 5437 362 5513 qui
380 5435 423 5497 ad
447 5451 560 5496 sacros
575 5432 710 5496 ordines
724 5432 849 5494 luerint
871 5447 953 5509 pro·
1008 5423 1200 5487 cardinalis.

158 5534 314 5597 movendi
339 5549 360 5596 a
383 5534 574 5600 dioecesano
599 5531 754 5610 episcopo
776 5529 849 5592 sine
871 5545 952 5607 pra·
1047 5523 1163 5586 Datum
1188 5519 1359 5589 Laterani,
1381 5532 1441 5594 per
1467 5529 1601 5576 manum
1629 5513 1803 5589 Raynerii,

158 5633 262 5696 vitate
293 5631 388 5694 vobis
421 5631 576 5692 volumus
611 5628 774 5692 exbiberi.
804 5626 953 5690 obeunte
1007 5621 1131 5685 sanctae
1158 5621 1315 5681 Romana
1335 5613 1492 5680 Ecclesia
1522 5608 1803 5680 vicecancellarii,
