3978 6292
232 273 292 331 313
852 277 1028 338 1111101111
1051 279 1096 340 ill
1118 281 1265 342 OPERA.
1822 287 1887 346 3111

232 429 683 507 diligentersatisiacerenon
698 435 838 506 curarit,
853 437 1027 514 episcopus
1082 439 1162 499 tinae
1177 439 1340 511 diocesis,
1358 439 1498 502 salutem
1511 442 1892 521 etapostolioambene-

232 528 441 605 supradictus
470 531 605 603 terram,
633 547 731 608 quam
751 533 944 610 praescripta
960 533 1026 594 du·
1082 535 1270 604 dictionem.

232 626 320 690 cissa
333 627 367 687 in
381 642 441 688 sua
458 629 492 688 et
510 627 634 688 Eduen.
651 628 788 688 dioecesi
803 633 898 707 cujus
913 645 1026 691 curam
1123 635 1341 696 sacrosancta
1376 637 1525 697 Romana
1559 638 1705 699 Ecclesia
1741 637 1891 700 devotos

230 724 1024 806 venerabilislraternoster...liduen.episcopus,
1081 731 1114 791 et
1125 729 1266 792 humiles
1280 731 1365 792 11133
1386 748 1427 794 ox
1453 736 1596 795 assuetae
1619 735 1752 810 pietatis
1768 735 1890 796 cilicio

232 827 408 900 antequam
422 823 487 885 iter
501 823 664 899 arriperet
679 824 779 884 eundi
796 825 830 884 in
842 824 1026 915 subsidium
1082 827 1278 904 propensius
1288 828 1429 905 diligere
1442 831 1624 904 consuevit,
1643 833 1677 902 31
1699 846 1743 893 33
1757 848 1896 909 pravo-

231 922 343 984 Terrae
372 921 513 992 Sanctae,
544 921 709 982 commisit
736 921 856 994 eidem,
878 921 1027 985 obtinere
1081 940 1153 984 rum
1167 924 1336 986 hominum
1350 927 1510 990 molestiis
1527 929 1704 1005 agitentur,
1719 933 1891 1008 tanquam

231 1016 449 1092 dignoscitur,
465 1019 638 1079 sententiae
655 1020 830 1096 supposuit
841 1019 1023 1097 interdicti3
1080 1022 1135 1097 pia
1151 1024 1258 1084 mater
1270 1037 1339 1084 3333
1362 1025 1576 1102 protectionis
1593 1027 1777 1088 munimine
1800 1043 1896 1088 con-

231 1129 328 1191 quam
363 1115 561 1177 sententiam
602 1115 733 1193 petebat
778 1116 865 1177 1133
905 1133 1026 1194 procu·
1080 1118 1203 1180 133333.
1220 1121 1308 1182 Sane
1329 1137 1403 1182 cum
1427 1122 1629 1183 venerabilis
1647 1123 1750 1185 133133
1764 1125 1890 1186 noster

230 1213 522 1290 ratorApostolico
534 1213 717 1274 munimine
729 1212 1027 1276 roborariProcu-
1045 1293 1047 1298 Ι
1081 1217 1120 1275 Η.
1137 1217 1300 1280 Ostiensis
1313 1219 1499 1296 episcopus,
1511 1219 1632 1281 13313
1645 1220 1888 1297 partibusves-

229 1313 322 1370 rator
345 1311 456 1372 autem
483 1310 624 1373 ducissae
639 1311 810 1389 proposuit
824 1327 866 1373 ex
885 1312 1025 1374 adverso
1079 1312 1141 1374 tris
1156 1311 1332 1386 legationis
1347 1314 1457 1376 311313
1473 1315 1677 1392 iungeretur,
1708 1317 1749 1378 ab
1767 1318 1889 1378 Adve-

229 1407 426 1469 sententiam
443 1408 549 1484 ipsam
576 1407 679 1469 inisse
703 1425 722 1470 a
747 1409 906 1485 praedicto
931 1411 1024 1488 epis·
1079 1411 1554 1485 gnentemonialimonasterii
1570 1414 1683 1485 333131,
1700 1417 1891 1492 antequam

228 1521 322 1581 copo,
349 1505 424 1582 post
442 1505 697 1582 appellationem
722 1505 763 1566 ad
790 1522 850 1568 nos
879 1507 1025 1584 legitime
1080 1521 1116 1566 33
1131 1506 1172 1568 ad
1183 1507 1378 1582 religionem
1392 1511 1598 1583 transferret,
1615 1509 1752 1572 1333133
1769 1528 1890 1589 quem·

228 1603 470 1678 interpositam,
496 1603 737 1680 promulgatam
771 1605 804 1666 31
836 1603 902 1666 3113
929 1605 1024 1682 plura
1080 1602 1167 1674 dam,
1189 1620 1286 1681 quem
1310 1601 1520 1668 1131313113
1542 1608 1700 1686 1333331
1726 1613 1887 1670 sanctum

90 1747 98 1759 .
227 1699 347 1761 13333
368 1703 400 1762 31
428 1697 710 1777 gravamina‘sihi
732 1700 773 1762 ab
795 1701 910 1763 codem
936 1704 1026 1780 epis·
1079 1701 1267 1777 sepulcrum
1281 1701 1322 1763 de
1348 1703 1538 1765 Μ331133113
1554 1704 1693 1779 dicitur,
1709 1723 1884 1770 cum-orn-

227 1798 474 1875 copoirrogata,
487 1797 1027 1876 quampetobateamdemnullam
1079 1797 1178 1862 nibus
1187 1800 1408 1874 pertinentiis,
1425 1804 1459 1863 31
1472 1801 1644 1864 beneflciis
1665 1805 1746 1875 suis,
1769 1805 1807 1864 in
1820 1807 1885 1880 jus

227 1911 301 1957 3333
322 1897 455 1972 3331133
484 1895 644 1967 33311331,
663 1896 715 1956 331
738 1897 853 1958 331133
877 1897 1024 1960 relaxari

226 1991 1026 2072 33333333331333133133113333113333333-

226 2092 321 2152 33133
333 2091 374 2152 ab
389 2091 460 2168 ipsa
478 2091 518 2152 de
540 2091 657 2152 stando
675 2092 744 2169 juri
767 2093 915 2168 praestita
939 2109 1023 2154 cau-

225 2189 426 2251 tioneLicet
441 2191 551 2250 autem
567 2189 729 2266 superbis
745 2204 857 2251 coram
873 2189 1025 2254 auditore

226 2287 363 2364 33331313
383 2286 501 2348 1313331
521 2301 540 2346 3
562 2285 731 2362 jamdictis
753 2287 1023 2363 procuratoribus

226 2383 422 2462 aliquandiu
438 2382 667 2458 disceptatum,
678 2385 755 2460 quia
771 2385 881 2445 tamen
896 2399 1020 2461 33333,

226 2480 408 2559 33313333
431 2481 599 2558 proposita
624 2495 735 2542 coram
766 2482 848 2559 ipso,
869 2483 1021 2544 constare

226 2579 322 2640 nobis
352 2565 626 2656 33333131113
662 2579 856 2656 praemissis,
888 2596 1022 2642 causam

225 2679 334 2754 ipsam
355 2677 404 2738 do.
425 2677 598 2754 utriusque
630 2677 856 2754 procuratoris
885 2693 1023 2740 assensu

226 2774 322 2836 33113
337 2773 493 2835 duximus
517 2772 1023 2852 333311133133,333133313-

226 2874 292 2935 lica
307 2872 430 2950 scripta
450 2870 655 2945 mandantes,
681 2872 843 2949 quatenus
870 2889 890 2935 3
916 2887 1024 2952 33333-

226 2969 294 3030 1313
322 2967 454 3030 ducissa
472 2967 512 3028 de
531 2967 648 3029 stando
659 2968 730 3046 juri
746 2967 926 3029 3311313311
942 2983 1023 3030 333-

226 3067 317 3128 tione
344 3067 488 3143 recepta,
526 3066 729 3128 nominatam
763 3065 960 3128 sententiam
987 3067 1021 3127 in

225 3165 316 3235 terra
325 3162 433 3238 133133
449 3162 483 3221 13
495 3163 641 3238 praelatis
654 3163 836 3240 Lingonen.
850 3165 882 3225 31
895 3163 1023 3240 Lugdu·

227 3259 418 3321 33311333.
438 3259 615 3321 3333111313
636 3247 816 3322 occasione
833 3261 1022 3340 hujusmodi

225 3357 480 3436 promulgatam,
493 3359 570 3419 ante
584 3357 654 3419 11113
671 3359 857 3434 ingressum
869 3359 1022 3420 relaxare

197 3483 201 3498 ·
226 3455 349 3524 curetis
373 3455 408 3516 in
430 3471 531 3516 33333
551 3457 622 3532 ipsa
645 3457 774 3519 ratione
798 3458 934 3535 praevia,
960 3473 1021 3517 su-

226 3552 322 3616 blato
349 3553 581 3630 appellationis
605 3553 793 3627 obstaculo,
822 3555 1020 3632 processuri,

227 3651 901 3728 1333133133,3331133333331113,313...,113
911 3654 1021 3715 tamen

226 3749 311 3827 quod
328 3749 356 3810 31
365 3748 476 3826 aliqua
489 3748 616 3812 3113333
630 3751 822 3826 3333333311
833 3751 1020 3823 333113313,

225 3847 457 3923 prescriptam
467 3846 635 3908 ducissam
646 3848 778 3909 3113133
791 3864 939 3922 333333
949 3850 1023 3926 3331

225 3945 845 4007 331333113333333133113333333313
856 3945 1021 4023 333331113

226 4042 410 4103 satisfaciat
435 4042 590 4118 episcopo
610 4041 810 4118 supradicto,
828 4059 888 4119 per
902 4057 1022 4104 censu-

224 4140 469 4210 3333333133.
486 4139 710 4215 appellatione
723 4141 861 4212 remota,
881 4141 1018 4216 cogatis.

224 4238 337 4298 ’1133133
350 4235 471 4306 33133,
488 4237 550 4296 313.
567 4235 703 4306 Quodsi
726 4251 793 4298 uon
810 4252 936 4308 omnes,
954 4238 1016 4298 etc.

224 4335 296 4394 Dat.
313 4333 464 4405 viterbii,
480 4332 866 4406 tertioidusdecembris,
884 4333 1020 4412 3331111-

225 4433 318 4493 catus
328 4431 536 4493 3331313333
551 4431 680 4509 quarto.

263 4711 318 4772 Ad
329 4712 494 4773 3331113133
508 4709 762 4771 3131131333
775 4711 981 4772 3333313311

315 4807 451 4870 Sanctae
462 4809 589 4867 1133133
603 4807 753 4868 1133331.
770 4809 918 4868 diaecesi.

490 4911 508 4968 9
521 4909 650 4968 decemb.
667 4910 746 4968 1119.

256 5009 458 5075 [1331833313
471 5007 588 5058 melasio
602 5006 766 5066 1133331133,
777 5012 798 5056 t.
811 5007 855 5067 ill,
865 5021 891 5073 p.
906 5007 988 5069 lato]

227 5110 345 5176 statuta,
358 5107 474 5180 333313
490 5104 1019 5178 11333031333133313333331313331,

331 5193 782 5265 333113313331333333133
797 5194 912 5252 inserto.

266 5303 433 5365 Honorius
468 5301 668 5378 episcopus,
699 5315 815 5360 servus
848 5315 1020 5361 servorum

227 5401 298 5472 Dei,
315 5399 444 5460 dilectis
467 5399 501 5461 in
524 5398 653 5460 Christo
674 5396 815 5468 filiabus,
844 5396 1020 5460 abbatissae

1079 1897 1113 1956 et
1140 1896 1377 1973 proprietatem
1402 1899 1559 1960 1133133133
1585 1902 1755 1973 Romanae,
1778 1905 1886 1978 prout

1079 1992 1425 2066 mandaverateidem,
1441 1997 1553 2059 333133
1577 1996 1884 2075 3331333333313-

1079 2091 1138 2163 331;
1156 2090 1237 2151 3113
1260 2094 1463 2153 3333313313
1479 2095 1590 2156 333133
1613 2093 1660 2155 ibi
1683 2097 1886 2157 constructo

1079 2186 1240 2261 quaedam,
1253 2187 1289 2248 in
1303 2191 1422 2250 333133
1448 2189 1620 2266 religionis
1638 2193 1883 2266 augumentum

1079 2284 1112 2344 31
1126 2282 1383 2347 1333333333131
1392 2286 1531 2359 ordinis,
1541 2287 1880 2364 duxeritstutuenda3

1078 2394 1139 2441 nos
1152 2381 1272 2442 vestris
1279 2381 1379 2458 justis
1387 2383 1664 2458 postulationibus
1675 2389 1882 2453 annuentes,

1078 2477 1163 2552 quod
1177 2475 1217 2538 ab
1232 2478 1347 2540 eodem
1370 2481 1524 2558 episcopo
1539 2481 1736 2554 factumest,
1764 2485 1882 2544 33133

1079 2572 1249 2648 habentes,
1264 2577 1297 2637 et
1315 2579 1457 2653 gratum,
1474 2577 1561 2640 iacta
1577 2577 1712 2641 obtentu
1725 2581 1882 2656 religio-

1078 2671 1130 2730 nis
1142 2672 1312 2734 acstraeab
1324 2675 1480 2752 episcopo
1490 2676 1628 2753 33331313
1641 2677 1776 2748 3131313,
1789 2681 1884 2740 31331

1077 2767 1228 2844 13133133
1241 2769 1416 2846 privilegio
1445 2773 1644 2847 continetur,
1673 2775 1892 2837 auctoritate

1076 2865 1266 2942 apostolica
1275 2868 1519 2942 confirmamus,
1529 2873 1563 2933 et
1572 2872 1745 2948 praesentis
1755 2873 1882 2950 scripti

1078 2963 1262 3038 patrocinio
1290 2967 1542 3028 communimus.
1571 2971 1732 3030 Tonorem
1760 2977 1889 3040 autem,

1077 3059 1223 3136 ejusdem
1246 3061 1413 3140 privilegii
1428 3063 1469 3124 31
1490 3067 1650 3142 mm'orem
1675 3068 1829 3128 rostram
1849 3071 1891 3128 31

1077 3159 1270 3219 3333313311
1299 3161 1472 3222 memorati
1496 3163 1881 3240 3331313333333311-

1075 3253 1429 3318 buslitterisdeverbo
1442 3259 1483 3318 ad
1501 3257 1637 3324 verbum
1647 3260 1807 3322 duximus
1825 3261 1883 3322 in·

1077 3353 1263 3415 serendum.
1279 3357 1340 3427 Qui
1359 3357 1440 3418 13113
1450 3357 1502 3419 331
1517 3377 1525 3418 :

1118 3467 1136 3510 3
1159 3453 1254 3528 Hugo
1276 3453 1390 3514 divina
1409 3455 1623 3517 miseratione
1641 3456 1820 3528 Ostiensis,
1847 3459 1882 3519 31

1076 3547 1292 3610 velletrensis
1306 3549 1491 3627 episcopus,
1504 3553 1703 3629 apostolicas
1718 3553 1820 3615 Sedis
1830 3555 1882 3616 le-

1076 3647 1183 3722 gatus,
1200 3647 1676 3721 111331131301313131113133,
1692 3649 1884 3713 abbatissae

1076 3744 1270 3806 monasterii
1297 3747 1427 3807 Sanctae
1453 3747 1569 3807 Mariae
1595 3747 1635 3807 ad
1652 3751 1806 3809 sanctum
1825 3765 1881 3811 se-

1076 3842 1228 3916 pulcrum
1243 3841 1283 3904 do
1304 3843 1506 3915 Monticello,
1532 3843 1732 3906 Florentinae
1746 3845 1881 3908 dioece-

1076 3939 1133 4010 sis,
1161 3939 1378 4015 Advegnenti,
1409 3943 1547 4018 ejusque
1582 3941 1765 4013 sororibus,
1806 3945 1879 4005 133

1076 4037 1305 4112 praesentibus,
1316 4050 1414 4113 quam
1423 4037 1554 4110 1313313,
1567 4039 1758 4115 religiosam
1770 4039 1879 4102 31133

1075 4133 1235 4210 333133313
1250 4135 1285 4194 13
1302 4137 1507 4211 perpetuum.
1523 4136 1746 4198 Prudentibus
1763 4138 1879 4214 virgi-

1075 4231 1185 4303 nibus,
1201 4247 1273 4308 quae
1293 4231 1354 4292 sub
1378 4232 1493 4294 babitu
1511 4233 1697 4308 religionis,
1718 4236 1878 4297 accensis

1076 4327 1295 4404 lampadibus,
1310 4343 1369 4406 333
1383 4341 1484 4406 33333
1500 4331 1685 4393 sanctitatis
1694 4347 1730 4393 se
1745 4347 1877 4410 praepa-

1075 4427 1152 4487 rant
1166 4424 1297 4487 obviam
1307 4427 1355 4488 ire
1365 4441 1499 4503 sponso,
1518 4427 1607 4490 3131
1624 4430 1698 4505 ejus
1718 4429 1877 4493 coelestes

1075 4521 1207 4599 nuptias
1228 4523 1379 4595 introire,
1411 4525 1561 4585 nostrum
1588 4524 1744 4586 debemus
1778 4541 1876 4604 3333-

1075 4620 1195 4681 311133
1210 4621 1384 4698 importiri,
1399 4635 1441 4684 ne
1455 4621 1540 4684 forte
1563 4622 1741 4701 cujuslibet
1761 4625 1876 4686 teme-

1074 4717 1183 4780 ritatis
1211 4717 1376 4788 incursus,
1415 4718 1473 4780 aut
1491 4733 1549 4780 eas
1574 4735 1594 4780 a
1619 4720 1674 4796 pio
1703 4723 1877 4798 proposito

1074 4817 1218 4887 revocet,
1253 4815 1334 4886 aut,
1369 4815 1454 4891 qnod
1481 4813 1591 4888 absit,
1626 4815 1729 4878 robur
1766 4833 1877 4880 33333

1074 4911 1248 4989 religionis
1275 4911 1445 4988 infringat.
1467 4915 1661 4991 1133333133,
1684 4913 1809 4977 dilecta
1839 4917 1898 4992 in,

1075 5010 1214 5072 Domino
1227 5009 1296 5071 illia
1307 5009 1515 5086 Advegnens,
1528 5011 1595 5072 tuis
1608 5011 1708 5088 justis
1728 5014 1881 5088 postula·¹

1075 5107 1222 5170 tionibus
1236 5109 1331 5183 grato
1345 5099 1594 5170 'concurrentes
1620 5123 1772 5180 assensu,
1787 5109 1872 5172 iun·

1075 5205 1163 5275 dum,
1195 5219 1292 5282 quem
1319 5201 1465 5266 habebas
1493 5205 1534 5266 ad
1565 5207 1597 5267 S.
1624 5205 1818 5283 sepulcrum
1840 5209 1874 5268 iu

1075 5301 1265 5364 Μ331133113
1284 5301 1320 5362 13
1338 5301 1474 5363 dioecesi
1489 5303 1684 5364 Florentino
1706 5320 1781 5364 cum
1801 5319 1877 5366 om-

1075 5399 1172 5460 nibus
1202 5399 1353 5460 aedidciis
1379 5401 1412 5460 ot
1437 5399 1658 5475 pertinentiis,
1676 5401 1758 5471 suis,
1777 5401 1874 5464 nobis

228 5514 267 5559 ac
280 5495 480 5559 monialibus
500 5495 693 5556 monasterii
707 5495 835 5556 sancte
850 5494 966 5556 Mariae
978 5493 1018 5556 ad
1076 5495 1210 5558 nomine
1232 5494 1388 5556 Ecclesia
1413 5494 1582 5568 Romanae,
1599 5499 1664 5559 313
1679 5497 1733 5572 313
1749 5497 1876 5566 libera-

226 5596 375 5668 sanctum
391 5594 579 5670 sepulcrum
604 5594 649 5654 13
659 5591 858 5665 Monticello,
879 5593 1020 5657 1113333-
1075 5593 1168 5656 litate
1181 5592 1350 5666 collatum,
1365 5594 1400 5654 in
1417 5607 1482 5674 quo
1498 5594 1700 5656 monasterio
1715 5594 1757 5666 ad
1773 5595 1874 5672 liono-
