4088 6306
1698 377 1756 434 138

104 384 163 444 137
729 381 958 444 EPISTOLAE.
983 379 1059 442 LIB.
1086 383 1140 442 111.

103 541 677 604 auctoresabadministrationeseu
690 539 906 619 dispositione
1001 543 1044 600 In
1058 542 1216 600 corrodent
1235 542 1373 600 laromam
1392 539 1549 614 scriptum
1570 539 1620 598 est
1639 535 1754 596 archi-

102 627 337 716 temporalium
361 654 473 701 rerum
495 641 563 702 toto
580 641 659 702 vitas
674 656 744 702 suae
758 641 906 716 tempore
962 637 1125 714 episcopis
1149 641 1182 697 et
1203 635 1377 713 episcopis,
1403 637 1438 695 in
1465 651 1603 714 quorum
1633 634 1757 696 dioece—

102 736 906 814 arceantur,nisipriorinspectautilitatedomus
962 735 1055 796 sibus
1084 734 1199 795 domus
1228 733 1543 796 Grandimontenses
1572 733 1758 793 consistunt

103 835 204 896 aliter
222 849 379 911 processu
397 835 557 910 temporis
580 835 713 895 duxerit
727 835 907 912 providen·
962 847 1068 906 usque
1095 835 1358 908 compescentes;
1389 832 1517 892 a'uxilio
1548 832 1703 892 comitum
1726 832 1758 890 et

104 931 193 992 dum.
205 931 388 993 Praedictus
398 947 529 1009 quoque
541 932 802 1009 Stephanus,qui
812 932 907 1008 quasi
961 930 1122 1005 baronum
1138 946 1177 990 ac
1193 930 1352 990 nobilium
1365 931 1549 991 vestrarum
1566 930 1755 998 dioecesum,

103 1027 190 1090 alter
203 1029 315 1090 abner
329 1028 438 1089 cubile
453 1027 556 1105 patris
574 1028 754 1090 ascendere
768 1044 909 1090 1101011-
962 1027 1081 1104 quibus
1101 1043 1202 1103 super
1216 1027 1279 1087 hoc
1297 1027 1420 1102 scripio
1442 1030 1554 1088 nostra
1570 1027 1755 1101 dirigimus,

102 1126 215 1203 pavit,
239 1129 272 1188 et
291 1126 405 1188 clerici
426 1127 484 1202 qui
506 1127 719 1188 adhaeserunt
733 1126 852 1194 eidem,
868 1142 908 1188 ac
963 1125 992 1184 si
1003 1140 1057 1185 res
1073 1126 1185 1186 forsan
1199 1123 1359 1198 exegerit,
1372 1124 1536 1184 invocato.
1551 1126 1678 1193 Datum,
1694 1125 1756 1183 etc.

102 1224 383 1287 excommunicati
416 1223 451 1284 in
482 1224 556 1285 loco
589 1224 764 1286 interdicto
795 1225 907 1286 divina
1004 1225 1040 1283 ln
1062 1222 1213 1282 eumdem
1229 1221 1361 1281 modum
1384 1221 1542 1296 scriptum
1558 1223 1608 1282 est
1622 1220 1758 1282 vicariis

102 1321 390 1398 praesumpserunt
401 1320 511 1382 officia
520 1321 701 1392 celebrare,
712 1322 798 1384 dicta
811 1337 907 1398 poena
963 1319 1108 1402 episcopi
1121 1320 1330 1382 lemovicen.

102 1419 302 1495 plectantur,
320 1434 382 1480 nec
396 1419 437 1479 de
456 1420 578 1480 caetero
593 1418 762 1482 celebrent
776 1419 907 1480 101111-
1004 1417 1169 1492 Scriptum
1198 1419 1248 1478 est
1275 1417 1311 1477 in
1341 1417 1491 1478 eumdem
1520 1415 1652 1477 modum
1687 1415 1759 1490 regi

102 1515 257 1584 nistrent,
273 1516 339 1576 nisi
355 1515 468 1578 forsan
484 1531 641 1593 processu
656 1517 814 1593 temporis
829 1533 910 1592 gra·
963 1515 1114 1576 Franciae
1130 1516 1163 1576 et
1178 1515 1364 1586 comitibus
1382 1514 1563 1575 baronibus
1578 1516 1612 1575 et
1635 1513 1758 1574 nobili-

100 1613 183 1674 tiam
210 1615 366 1689 poterunt
388 1613 549 1675 obtinere.
572 1615 606 1675 Si
631 1629 695 1690 qua
718 1628 797 1675 vero
821 1613 908 1676 facta
963 1611 1024 1674 bus
1037 1612 1118 1673 viris
1132 1629 1341 1690 perregnum
1357 1612 1507 1673 Franciae
1525 1615 1558 1672 et
1579 1612 1758 1672 Bituricen.

102 1711 180 1772 sunt
200 1725 261 1786 per
286 1711 436 1772 eumdem
460 1711 665 1787 Stephanum
693 1711 769 1772 dum
791 1727 829 1772 se
849 1726 908 1788 pro
963 1710 1152 1770 Narbonen.
1166 1710 1399 1786 Burdegallen.
1415 1710 1610 1771 ethuxitan.
1624 1708 1761 1784 provin-

101 1808 214 1884 priore
229 1807 375 1882 gerebat,
395 1824 436 1870 ea
455 1809 662 1870 decernimus
680 1808 832 1871 habenda
847 1825 908 1886 pe·
963 1807 1044 1868 cias.
1060 1809 1226 1868 amalrico
1235 1808 1347 1870 comiti
1362 1807 1529 1878 Tolosani,
1548 1807 1759 1868 Lemovicen.

102 1906 192 1966 nitus
209 1923 269 1983 pro
284 1906 427 1969 infectis.
450 1906 559 1968 Priori
581 1907 691 1969 autem
707 1923 822 1968 omnes
841 1908 908 1969 tam
964 1907 996 1966 et
1007 1909 1172 1967 Turonen.
1183 1905 1368 1967 comitibus.
1382 1906 1513 1980 Hugoni
1524 1904 1758 1974 deLeziniaoO,

102 2003 231 2076 clerici,
246 2019 345 2081 quam
365 2003 516 2065 conversi
532 2003 618 2065 sicut
634 2005 719 2080 patri
739 2005 772 2066 et
783 2003 909 2080 pastori
963 2003 1059 2064 Nelie
1075 2003 1114 2064 de
1131 2004 1279 2064 Resonet
1293 2003 1370 2062 aliis
1384 2002 1550 2062 nobilibus
1565 2003 1759 2078 porLemo-

102 2115 162 2162 suo
185 2101 357 2164 humiliter
371 2100 528 2162 obedient
548 2102 581 2162 et
602 2101 792 2174 intendant;
816 2101 910 2164 ideo·
963 2101 1072 2162 vicen.
1085 2101 1297 2162 etPictaven.
1311 2099 1470 2160 dioeceses
1488 2099 1760 2168 0010111011,οε-

103 2213 166 2273 que
178 2197 373 2260 discretioni
383 2199 502 2260 restrae
514 2213 574 2274 per
583 2199 773 2274 apostolica
785 2200 908 2275 scripta
963 2213 1028 2272 que
1054 2197 1237 2260 intendant.
1260 2198 1352 2258 Unde
1376 2197 1622 2258 venerabilibus
1645 2195 1761 2256 fratri-

102 2293 254 2356 districte
270 2294 490 2371 praecipiendo
513 2294 720 2367 mandamus,
744 2299 908 2372 quatenus
964 2295 1024 2357 bus
1049 2296 1171 2357 nostris
1190 2295 1450 2372 archiepiscopis
1466 2297 1498 2356 et
1519 2293 1684 2371 episcopis
1699 2307 1761 2370 per

103 2391 229 2452 dictum
243 2392 386 2467 priorem
400 2407 474 2452 cum
496 2391 628 2452 clericis
640 2393 676 2454 in
688 2393 911 2455 Grandimon·
964 2409 1104 2470 regnum
1117 2395 1268 2455 Franciae
1284 2393 1471 2455 constitutis
1483 2392 1632 2454 districte
1643 2391 1763 2470 praeci-

103 2491 168 2550 ten.
191 2489 413 2566 personaliter
435 2489 643 2562 reducentes
666 2491 734 2552 tam
756 2506 807 2562 ea,
836 2507 908 2569 quae
963 2491 1085 2568 piendo
1100 2492 1295 2552 mandamus
1308 2493 1342 2552 ut
1355 2495 1423 2556 tam
1439 2507 1490 2562 ea,
1501 2507 1573 2569 quae
1589 2489 1761 2568 praemissa

103 2586 279 2662 praemissa
291 2587 378 2657 sunt,
392 2603 489 2665 quam
506 2588 623 2664 quaein
638 2588 751 2650 nostro
768 2589 908 2664 privile·
965 2595 1042 2650 sunt
1061 2605 1158 2666 quam
1180 2605 1252 2666 quae
1276 2589 1308 2648 in
1330 2591 1442 2672 nostro
1463 2589 1638 2664 privilegio
1654 2588 1763 2649 conti-

103 2685 156 2758 gio
186 2684 412 2756 continentur,
432 2683 563 2747 faciatis
588 2684 827 2747 inviolabiliter
845 2685 908 2748 ob·
964 2689 1096 2758 nentur,
1112 2685 1763 2748 faciantinviolabiliterobservari.tlon·

104 2783 244 2842 servari.
275 2781 541 2843 contradictores
566 2782 595 2842 si
622 2783 677 2859 qui
704 2782 830 2844 fuerint
856 2784 909 2845 vel

103 2878 259 2951 rebelles
275 2893 521 2954 percensuram
534 2879 808 2952 ecclesiasticam,
825 2881 907 2942 sub-

104 2975 169 3038 lato
182 2976 419 3052 appellationis
432 2975 615 3048 obstaculo,
633 2978 786 3054 quotiens
801 2979 910 3056 requi·

104 3073 157 3134 siti
184 3073 328 3144 fueritis,
353 3074 611 3150 compescentes,
629 3075 782 3136 invocato
806 3075 910 3136 nihil-

104 3171 236 3230 ominus
247 3170 275 3230 si
289 3185 343 3231 res
354 3171 466 3232 forsan
477 3173 627 3246 exegerit
641 3173 908 3236 auxiliobrachii

105 3269 288 3330 saecularis.
315 3270 383 3329 Nos
409 3269 497 3330 enim
524 3271 697 3334 carissimo
720 3270 754 3330 in
777 3271 909 3332 Christo

105 3366 172 3426 illio
186 3367 301 3430 nostro
311 3367 465 3443 Philippo
477 3368 547 3442 regi
559 3370 763 3430 Francorum
772 3369 907 3441 illustri,

105 3479 142 3524 ac
163 3464 259 3540 regni
285 3467 358 3540 ejus
376 3465 582 3540 principibus
595 3465 770 3541 dirigimus
786 3468 908 3544 scripta

104 3562 229 3634 nostra,
248 3563 285 3622 ut
300 3561 340 3623 ad
362 3562 606 3639 reprimendam
625 3561 798 3625 rebellium
817 3565 911 3626 inso-

105 3657 241 3720 lentiam
256 3659 350 3720 vobis
367 3661 525 3736 praestent
539 3659 714 3732 auxilium,
730 3662 908 3722 consilium

106 3756 138 3817 et
161 3755 322 3828 favorem,
340 3773 414 3818 cum
436 3773 457 3818 a
481 3756 575 3820 vobis
599 3757 722 3820 fuerint
741 3759 906 3837 requisiti.

106 3854 197 3924 Quod
213 3855 244 3914 si
257 3869 324 3915 non
334 3870 449 3932 omnes
461 3854 525 3916 duo
539 3857 697 3926 vestrum,
714 3857 776 3916 etc.
790 3858 907 3919 Datum

106 3952 262 4012 Laterani
278 3952 419 4028 septimo
435 3952 595 4014 kalendas
610 3952 720 4014 martii
735 3955 910 4029 pontifica-

106 4047 157 4110 tus
170 4049 278 4110 nostri
291 4064 379 4110 anno
394 4051 503 4112 tertio.

144 4150 374 4208 lweumdem
404 4151 544 4210 1110011111
567 4149 725 4225 scriptum
754 4149 804 4210 est
832 4151 910 4210 uni·

106 4245 211 4306 versis
238 4244 498 4320 archiepiscopis
520 4249 554 4307 et
570 4245 735 4322 episcopis
752 4262 812 4323 per
831 4262 910 4322 reg-

106 4355 182 4403 num
205 4342 358 4403 Franciae
380 4343 570 4405 constitutis
591 4359 699 4417 usque
722 4345 905 4406 intendant.

107 4439 248 4516 ideoque
269 4437 483 4502 universitati
501 4442 621 4501 vestras
644 4455 704 4517 per
717 4441 906 4518 apostolica

107 4537 230 4613 scripta
253 4536 449 4597 mandamus
464 4539 501 4610 ¹et
523 4537 672 4599 districte
696 4538 907 4614 praecipimus

107 4635 268 4709 quatenus
282 4635 349 4696 tam
369 4649 408 4696 ea
425 4649 498 4710 qnae
514 4635 685 4711 praemissa
702 4636 791 4708 sunt,
808 4651 905 4714 quam

108 4732 228 4807 quaein
247 4735 360 4794 nostro
374 4732 550 4809 privilegio
563 4733 786 4805 continentur,
797 4733 905 4796 facia-

108 4829 148 4890 tis
175 4830 211 4890 in
236 4829 389 4890 domibus
409 4829 514 4907 ipsius
532 4829 665 4890 Ordinis
694 4847 754 4908 per
777 4832 906 4892 vestras

108 4927 266 4988 dioeceses
275 4927 461 4989 constitutis
474 4926 602 4988 illibata
614 4928 743 4990 servari
752 4930 905 5006 quotiens

108 5023 237 5086 fueritis
276 5024 440 5102 requisiti.
480 5025 746 5088 contradictores
785 5027 814 5088 si
849 5027 904 5105 qui

108 5118 229 5182 fuerint
238 5119 290 5181 vel
304 5119 456 5188 rebelles,
469 5135 528 5196 per
539 5136 712 5182 censuram
728 5122 907 5184 ecclesias·

109 5217 205 5281 ticam
226 5217 355 5280 sublato
369 5218 604 5294 appellationis
619 5219 789 5280 obstaculo
809 5235 903 5281 corn·

110 5315 289 5390 pescentes,
305 5315 433 5377 auxilio
449 5315 628 5386 clarissimi
645 5317 679 5377 in
699 5317 830 5378 Christo
844 5317 904 5378 tilii

109 5413 211 5474 nostri
227 5411 372 5490 Philippi
392 5412 481 5488 regis
499 5415 702 5476 Francorum
717 5414 859 5476 illustris
874 5416 907 5475 et

109 5510 294 5600 principum
332 5511 427 5585 regni
453 5513 537 5586 ejus,
566 5512 685 5589 quibus
716 5528 815 5589 super
843 5512 906 5574 hoc

110 5608 228 5683 scripta
250 5608 362 5668 nostra
387 5607 562 5682 dirigimus
583 5609 612 5668 si
628 5624 682 5670 res
697 5609 809 5672 forsan
820 5624 904 5672 exe-

111 5705 204 5776 gerit,
218 5705 383 5770 invocato.
399 5705 528 5774 hatum,
548 5706 611 5766 etc.

963 2784 1160 2846 tradictores
1180 2785 1208 2844 si
1231 2786 1285 2862 qui
1306 2785 1439 2854 fuerint,
1463 2784 1515 2844 vel
1535 2783 1676 2844 rebelles
1703 2799 1763 2859 per

965 2898 1139 2943 censuram
1160 2882 1421 2943 ecclesiasticam
1450 2880 1581 2952 sublato
1611 2881 1763 2957 appella-

963 2981 1064 3042 tionis
1088 2980 1269 3046 obstaculo,
1284 2980 1436 3056 quotiens
1451 2979 1604 3056 requisiti
1626 2978 1760 3050 inerint,

965 3079 1220 3154 compescentes
1239 3077 1366 3138 auxilio
1381 3077 1571 3138 charissimi
1583 3076 1617 3137 in
1632 3076 1762 3138 Christo

964 3175 1759 3253 tiliinostriPhilippiregisFrancorumillustris,

964 3273 1018 3334 cui
1030 3289 1130 3351 super
1141 3273 1204 3334 boc
1214 3274 1338 3349 scripta
1351 3279 1463 3334 nostra
1473 3273 1646 3348 dirigimus
1663 3274 1762 3348 atque

964 3357 1087 3444 vestro,
1117 3371 1145 3432 si
1174 3387 1228 3432 res
1254 3371 1367 3432 forsan
1404 3371 1565 3446 exegerit,
1593 3371 1759 3431 invocato.

965 3470 1107 3546 Ideoque
1140 3469 1346 3530 nobilitatem
1372 3470 1518 3530 vestram
1543 3485 1699 3543 rogamus
1729 3470 1763 3530 et

964 3559 1137 3628 monemus
1172 3566 1297 3628 attente
1344 3581 1403 3643 per
1436 3565 1626 3643 apostolica
1665 3565 1760 3626 vobis

964 3665 1088 3741 scripta
1129 3664 1336 3735 mandantes,
1375 3667 1539 3740 quatenus
1573 3681 1647 3724 curn
1681 3663 1760 3724 dicti

964 3763 1094 3840 praelati
1115 3778 1217 3838 super
1235 3762 1298 3824 hoc
1313 3761 1476 3822 auxilium
1493 3762 1638 3823 vestrum
1659 3761 1760 3821 dune·

964 3861 1032 3922 rint
1052 3859 1298 3936 requirendum,
1322 3875 1381 3920 vos
1403 3858 1484 3919 illud
1507 3859 1554 3920 ita
1580 3858 1761 3919 efficaciter

964 3954 1162 4033 impendatis
1192 3955 1328 4027 eisdem,
1352 3955 1437 4031 quod
1468 3957 1537 4015 Deo
1561 3955 1702 4015 valeatis
1727 3954 1761 4015 et

963 4053 1153 4114 hominibus
1173 4053 1391 4129 complacere,
1408 4068 1535 4130 nosque
1550 4051 1759 4116 devotionem

963 4153 1107 4212 vestram
1143 4151 1374 4212 commendare
1411 4151 1529 4213 merito
1568 4149 1757 4212 debeamus.

963 4250 1093 4314 Datum,
1110 4249 1171 4310 etc.

1284 4345 1439 4460 011111

1088 4509 1140 4567 Ad
1154 4509 1363 4568 Ludovloam
1376 4509 1629 4568 subdiaconum.

1262 4619 1297 4676 26
1308 4615 1363 4675 fet).
1375 4619 1453 4676 tals.

994 4727 1102 4789 [Regest.
1115 4723 1160 4774 lib.
1173 4725 1215 4782 tlt,
1229 4723 1304 4790 epist.
1316 4723 1372 4774 3011.
1384 4725 1439 4775 1111.
1453 4727 1489 4777 Le
1501 4727 1576 4776 Porta
1586 4726 1620 4776 du
1631 4727 1726 4792 Theti]

961 4825 1004 4884 Ne
1025 4825 1089 4896 quis
1112 4824 1189 4880 illum
1205 4823 1359 4896 compellat
1373 4825 1409 4882 ad
1428 4823 1543 4882 ordines
1562 4826 1759 4898 suscipiendos

996 4915 1042 4970 vel
1058 4912 1093 4969 ad
1106 4911 1291 4970 residentiam
1307 4913 1336 4969 in
1351 4915 1459 4986 capella
1476 4915 1506 4971 S.
1520 4916 1601 4973 Boni.

1001 5023 1179 5094 Honorius,
1194 5024 1270 5094 eto,
1288 5021 1410 5085 dilecto
1427 5022 1495 5083 illio
1517 5024 1597 5084 Lod.
1616 5024 1759 5085 Subdia-

961 5135 1056 5181 cono.

1001 5217 1160 5278 Precibus
1175 5217 1287 5280 dilecti
1303 5217 1364 5278 tilii
1382 5217 1504 5280 nobilis
1520 5219 1583 5280 viri
1598 5219 1756 5282 Ludovici

961 5317 1032 5376 nati
1053 5316 1220 5377 carissimi
1245 5315 1279 5376 in
1306 5317 1437 5378 Christo
1462 5316 1522 5378 tilii
1549 5317 1653 5378 nostri
1683 5317 1759 5378 Phi·

962 5413 1042 5490 lippi
1072 5414 1161 5490 regis
1187 5417 1394 5475 Francorum
1420 5413 1573 5486 illustris,
1598 5417 1692 5491 cujus
1722 5433 1758 5476 es

961 5511 1136 5588 deputatus
1161 5512 1347 5590 obsequiis,
1369 5511 1532 5584 inclinati,
1557 5516 1757 5576 auctoritate

961 5611 1174 5686 praesantium
1199 5612 1400 5682 inhibemus
1432 5627 1473 5670 ne
1503 5613 1577 5689 quis
1599 5613 1757 5690 quamdiu

961 5707 1056 5768 nobis
1083 5708 1266 5784 placuerit,
1290 5709 1329 5768 ad
1358 5709 1586 5784 suscipiendos
1623 5711 1757 5780 ordines
