4090 6316
115 345 148 402 al
345 420 351 430 Ι
724 351 953 416 aristeum.
976 357 1054 420 LIB.
1078 361 1133 422 111.
1708 377 1749 438 22

153 503 265 564 Datum
279 503 438 566 Laterani
452 505 496 566 vl
511 504 578 568 kal.
590 507 787 584 septembris
793 512 905 587 ponti-

118 597 228 660 deatus
238 600 342 662 nostri
357 616 447 662 anuo
461 603 571 664 tertie.

460 761 553 850 XIV

150 895 202 952 Ad
215 892 369 954 amntem
387 895 421 958 ct
438 897 643 958 concentum
656 900 861 962 Cmoencece.

371 1007 408 1064 Ἀ
428 1009 542 1082 augusti
558 1009 637 1068 lala.

231 1110 458 1177 [Hannonem.
470 1114 664 1179 (listerc.,t.1V.
675 1116 775 1183 pita]

116 1207 159 1264 llis
180 1207 296 1268 mmdat
322 1216 354 1267 ut
381 1217 438 1268 tant
463 1211 492 1268 in
511 1211 684 1271 instituendo
705 1213 807 1272 abbate
816 1229 902 1304 quarn

282 1297 376 1357 medis
388 1299 454 1358 aliis
471 1300 545 1359 bene
566 1302 724 1361 intendant.

149 1407 313 1467 Honorius
325 1407 511 1486 episcopus,
521 1426 637 1472 servus
648 1421 818 1474 servorum
830 1414 899 1487 Dei,

113 1501 226 1564 dilecte
245 1503 315 1566 illio
331 1503 442 1566 abbati
461 1507 495 1568 et
508 1509 685 1570 conventui
701 1511 900 1584 casaenovae,

113 1599 339 1662 Cistemienois
367 1603 504 1676 ordinis,
521 1605 661 1667 salutem
685 1608 717 1668 et
738 1597 901 1685 apostoli-

112 1711 179 1756 cam
192 1697 468 1761 benedictionem.

148 1796 224 1854 Cum
237 1797 474 1859 monasterium
491 1799 602 1861 Sancti
617 1801 850 1864 Bartholomaei
862 1801 901 1864 de

112 1892 271 1963 sectione,
299 1894 385 1970 quod
417 1895 607 1959 immediate
642 1898 683 1960 ad
719 1901 901 1962 Romanam

110 1988 287 2049 Ecclesiam
327 1991 494 2067 pertinet,
539 1993 625 2055 sicut
652 1993 773 2057 litterae
794 1995 901 2057 felicis

109 2085 273 2146 memoriae
301 2088 485 2150 innocentii
516 2092 613 2167 Papae
647 2091 900 2168 praedecessoris

109 2182 208 2242 nostri
228 2182 325 2243 nobis
349 2184 506 2247 exhibitae
525 2186 650 2264 liquide
673 2189 898 2261 manifestant,

107 2277 901 2358 vobisreiormandamcommiserimusetsecun-

12 2435 14 2440 ,
106 2375 179 2435 dum
194 2377 318 2438 statuta
329 2379 559 2442 Cistercienois
575 2381 701 2444 ordinis
711 2383 899 2445 informan-

107 2471 198 2545 dum,
230 2476 441 2538 universitati
468 2479 589 2540 vestre
626 2496 686 2557 per
711 2481 899 2558 Apostoliea

107 2571 227 2646 scripta
238 2573 689 2652 mandamusquatenustam
698 2577 899 2640 instituendo

107 2666 150 2727 ibi
164 2667 318 2730 abbatem
332 2671 499 2744 idoneum,
517 2689 615 2750 quiam
633 2674 740 2736 medis
756 2675 831 2737 aliis
858 2676 897 2737 ad

106 2767 175 2842 ejus
190 2765 459 2830 reformationem
471 2769 584 2831 taliter
593 2771 773 2835 intendatis
789 2793 797 2832 :
813 2773 899 2851 quod

106 2863 242 2924 Domino
257 2865 399 2940 gratum
416 2867 448 2928 et
467 2867 561 2928 nobis
577 2869 694 2930 merito
718 2869 761 2932 sit
781 2885 900 2948 accep-

103 2961 180 3020 tum.
205 2963 323 3024 Datum
346 2963 513 3037 Laterani,
536 2965 737 3028 Vkalendas
757 2967 900 3044 septem-

104 3055 181 3131 bris,
200 3059 412 3136 poutiflcatus
433 3061 537 3123 nostri
552 3078 639 3124 anne
655 3063 763 3125 tertio.

465 3237 537 3324 XV

140 3371 192 3429 Ad
211 3369 362 3430 Petrum
381 3371 423 3430 de
442 3372 603 3441 corbelto,
627 3374 859 3435 senonensem

348 3470 653 3543 archiepiscopum.

136 3579 225 3653 (Anu.
250 3580 330 3648 lile,
355 3577 455 3636 mense
474 3587 588 3654 august.
610 3581 654 3638 vel
669 3581 862 3658 septembris.)

161 3695 297 3758 [Bonquat
310 3695 412 3745 Reeueil
422 3694 465 3744 des
472 3694 616 3754 historiens,
629 3701 648 3746 t.
659 3698 726 3754 xlx,
735 3713 761 3762 p.
768 3697 836 3762 libb]

103 3802 294 3869 llouoriua,ut
302 3800 454 3859 Galliarum
466 3801 619 3876 episcopos
630 3804 752 3862 concitet
764 3803 800 3860 ad
810 3811 899 3862 matu·

136 3889 257 3946 randum
268 3888 432 3948 christianis
441 3889 604 3948 Damiatam
617 3890 813 3950 obsidentibus
822 3893 898 3948 auxi·

134 3979 214 4046 lium,
232 3986 347 4036 enarrat
361 3993 418 4051 quo
432 3979 487 4036 sint
502 3978 565 4036 loeo
580 3993 627 4035 res
640 3979 715 4036 illius
728 3980 878 4039 exereitus.

139 4105 308 4166 Honorius
320 4105 545 4182 episcopus...,
566 4105 811 4170 venerabilibus
826 4104 897 4168 ira-

104 4201 206 4262 tribus
219 4201 470 4278 archiepiscopo
495 4203 677 4266 senonensi
688 4204 721 4264 et
732 4204 898 4280 suffraga-

957 515 1024 578 tem
1044 520 1242 595 Jerusalem,
1268 523 1396 601 tugiam
1420 543 1463 590 ex
1487 529 1613 604 eadem,
1634 532 1666 596 et
1680 549 1753 595 eam

957 613 1110 678 fidelibus
1125 618 1198 680 sina
1209 619 1296 681 belle
1307 621 1505 701 relinquent.
1524 627 1648 689 Slvere
1661 645 1752 706 prae-

958 710 1060 774 fatam
1084 715 1249 778 civitatem
1272 734 1437 797 occupare
1460 725 1685 800 nequiverint,
1716 727 1752 786 in

957 824 1085 872 summo
1124 811 1314 878 discrimine
1346 820 1543 882 constitutus
1578 823 1628 883 est
1663 823 1751 884 idem

957 907 1134 981 exereitus,
1150 925 1225 973 cnm
1239 913 1372 976 athletae
1383 916 1507 978 tibristl
1522 933 1558 978 se
1573 920 1607 979 in
1624 935 1663 980 eo
1678 919 1751 981 loce

956 1006 1146 1079 posuerint,
1175 1009 1211 1070 ut
1233 1010 1298 1072 nisi
1324 1027 1384 1089 per
1407 1014 1582 1076 victoriam
1611 1016 1752 1092 vestigia

956 1103 1049 1164 nulla
1076 1105 1270 1180 retrorsum,
1287 1109 1344 1170 sad
1372 1110 1464 1171 nullo
1489 1111 1598 1173 medio
1613 1127 1751 1174 necesse

956 1198 1256 1275 habeantvincare,
1272 1203 1330 1266 ant
1346 1207 1466 1282 perire.
1488 1207 1578 1278 Quod
1605 1208 1645 1280 si,
1673 1209 1750 1270 exi-

956 1296 1109 1370 gentibus
1132 1300 1276 1375 peccatis
1298 1302 1422 1364 nostris
1444 1305 1478 1365 et
1501 1304 1614 1380 populi
1639 1303 1750 1366 chris-

955 1393 1051 1466 tiani,
1067 1395 1243 1469 accideret,
1263 1397 1311 1458 ita
1336 1401 1629 1462 consternarentur
1646 1401 1750 1462 animi

954 1493 989 1553 et
1014 1490 1275 1556 dissolverentur
1298 1509 1417 1556 manus
1445 1496 1749 1572 crucesignatorum

955 1587 989 1650 et
1002 1589 1150 1650 emnium
1162 1591 1218 1668 qui
1233 1591 1274 1652 ad
1289 1591 1422 1653 illerum
1446 1607 1640 1654 succursum
1653 1594 1757 1671 aspi·¹

955 1687 1041 1758 rant,
1055 1687 1141 1764 qued
1156 1687 1481 1766 dispendiosissimus
1502 1689 1607 1760 labor,
1619 1692 1675 1767 qui
1690 1706 1750 1768 pre

955 1784 1066 1845 'larrae
1106 1785 1235 1846 Sancta
1273 1786 1524 1864 recuperatione
1562 1785 1750 1864 assumptus

955 1880 1058 1941 tetum
1084 1880 1197 1942 orbem
1220 1881 1437 1945 christianum
1464 1884 1646 1956 concussit,
1682 1899 1750 1946 non

955 1977 1028 2036 sine
1045 1978 1195 2054 perpetui
1214 1978 1338 2040 doloris
1357 1981 1516 2043 memoria
1537 1979 1638 2060 (quod
1660 1984 1748 2043 Deus

955 2073 1242 2152 avertatl)irritus
1256 2076 1460 2139 redderetur.
1542 2066 1546 2075 ’

994 2171 1116 2232 Condsi
1130 2174 1241 2234 autam
1262 2173 1302 2234 de
1323 2173 1436 2238 dimne
1456 2173 1594 2246 auxillo,
1616 2189 1748 2250 preasu-

955 2269 1074 2330 mimus
1089 2269 1239 2341 meliora,
1260 2285 1334 2330 oum
1353 2271 1523 2340 Dominus,
1545 2270 1670 2334 taciens
1682 2285 1747 2333 no-

954 2363 1081 2426 biscum
1093 2365 1224 2442 signum
1236 2366 1271 2426 iri
1283 2365 1416 2440 bonum,
1425 2367 1658 2443 impiissimum
1672 2367 1748 2429 Sol-

954 2461 1076 2522 danum
1106 2462 1340 2539 Sephedinum,
1361 2465 1564 2540 precipuum
1592 2463 1747 2526 malleum

955 2559 1214 2632 Sanctae‘lerrae,
1226 2575 1330 2637 nuper
1339 2560 1438 2621 rebus
1449 2560 1603 2622 humanis
1613 2576 1749 2622 exeme-

954 2656 1008 2728 rit,
1022 2658 1055 2718 et
1068 2657 1156 2718 inter
1177 2657 1329 2719 infideles
1351 2656 1551 2722 discordiam
1570 2657 1749 2720 immiserit

953 2753 1158 2828 generalem,
1186 2754 1321 2832 anduno
1349 2753 1494 2818 Seldano
1525 2756 1745 2828 Damascene,

955 2850 1022 2910 tilio
1058 2851 1221 2923 saladini,
1249 2851 1416 2928 pugnante
1449 2853 1565 2914 ceutm
1589 2853 1745 2928 patruum

952 2963 1049 3007 suum
1064 2948 1096 3009 et
1111 2948 1215 3008 fllium
1240 2951 1313 3024 ejus
1335 2947 1506 3018 Soldanos,
1531 2947 1625 3009 etsie
1644 2949 1747 3010 tetam

952 3045 1075 3106 terram
1089 3043 1273 3105 infidelium
1289 3045 1511 3120 perturbante,
1522 3043 1567 3116 ut,
1578 3043 1644 3105 alto
1659 3059 1745 3105 oon-

953 3140 1030 3201 silio
1049 3143 1121 3218 ejus
1145 3141 1201 3218 qui
1217 3142 1335 3203 cuncta
1350 3141 1505 3218 disponit,
1529 3155 1646 3202 manus
1665 3155 1748 3202 eon-

952 3236 1113 3298 verterint
1133 3238 1168 3298 in
1192 3237 1319 3315 seipsos
1334 3259 1343 3297 ε
1359 3252 1419 3315 par
1441 3237 1526 3314 qued
1548 3237 1747 3314 sperandum
1821 3275 1825 3282 .

952 3334 1012 3406 est,
1042 3334 1128 3411 qued
1152 3337 1238 3395 Deus
1271 3349 1409 3410 regnum
1434 3349 1549 3396 eorum
1574 3333 1610 3395 in
1637 3333 1748 3411 seipso

953 3430 1096 3494 divisum
1111 3431 1457 3508 disposuitdesolare:
1474 3431 1530 3508 qui
1549 3429 1648 3492 wana
1668 3445 1749 3508 pro·

952 3527 1172 3604 pugnatorum
1187 3543 1322 3589 suorum
1335 3529 1545 3589 devotionem
1551 3527 1745 3604 respiciens,

953 3623 1001 3686 eis
1014 3640 1057 3688 ex
1068 3624 1235 3701 insperato
1245 3623 1421 3687 tradiderit
1435 3625 1554 3688 turrim
1571 3624 1747 3702 quamdam

952 3721 1116 3785 mirabilis
1140 3720 1355 3794 fortitudinis,
1383 3737 1467 3798 quoe,
1491 3722 1555 3782 sita
1579 3721 1616 3781 in
1638 3721 1748 3781 medio

953 3817 1099 3879 fluminis
1113 3820 1147 3879 et
1161 3819 1325 3894 protensis
1340 3819 1466 3880 catems
1490 3817 1608 3880 ferreis
1628 3831 1747 3877 acces-

952 3915 1077 3976 sum'ad
1087 3915 1206 3977 dictam
1216 3915 1383 3990 denegans
1397 3913 1574 3985 civitatem,
1585 3913 1748 3988 inexpug-

952 4010 1096 4077 nabilem
1109 4011 1246 4072 reddere
1259 4007 1450 4086 videbatur;
1464 4011 1566 4071 tantas
1583 4008 1746 4086 siquidem

952 4109 1147 4179 latitudinis,
1170 4111 1206 4169 ut
1221 4107 1360 4170 trecenti
1384 4107 1504 4170 armati
1528 4105 1750 4168 consisterent

951 4205 987 4265 in
1005 4205 1134 4273 eadem,
1149 4219 1231 4281 quos
1255 4219 1369 4265 omnes
1384 4219 1459 4264 cum
1486 4218 1526 4264 ea
1550 4203 1585 4263 in
1613 4217 1749 4264 suorum

103 4299 171 4360 neis
187 4301 274 4378 ejus,
291 4314 331 4360 ac
345 4297 474 4360 dilectis
493 4299 572 4360 liliis
595 4299 761 4363 universis
775 4301 898 4386 Christi
928 4379 929 4382 Ἴ
952 4301 1098 4366 fidelium
1126 4301 1279 4362 manibus
1313 4299 1449 4362 tradidit
1476 4301 1635 4362 Dominus
1662 4301 1750 4359 Deus

103 4397 264 4468 fidelibus,
290 4397 357 4458 mm
372 4396 623 4471 crucesignatis,
640 4414 737 4475 quam
752 4399 898 4476 aliisper
928 4399 1088 4465 nester,
1126 4413 1165 4459 ac
1193 4398 1293 4468 etiam
1319 4397 1354 4457 in
1378 4395 1491 4458 hostes
1522 4411 1599 4456 suos
1621 4397 1749 4456 tantum

102 4509 213 4554 eorum
229 4494 390 4554 dioeceses
404 4494 602 4565 constitutis,
620 4494 773 4567 salutem,
792 4498 854 4558 etc.
929 4484 930 4493 ’
951 4499 1113 4559 torrorem
1128 4495 1275 4566 immisit,
1290 4496 1327 4555 ut
1338 4494 1481 4554 mentem
1492 4491 1634 4560 Thabor,
1651 4507 1749 4568 quem

139 4595 220 4652 Rem
235 4591 479 4666 aggressusest
497 4591 667 4653 exereitus
694 4592 896 4654 christianus
951 4594 985 4654 in
1016 4592 1141 4669 grande
1176 4589 1385 4666 dispendium
1428 4588 1602 4650 christiani
1635 4588 1749 4665 populi

102 4688 246 4750 existens
272 4687 308 4748 in
333 4687 482 4765 partibus
505 4689 757 4760 transmarinis,
782 4691 817 4750 in
833 4708 895 4768 qua
951 4689 1263 4758 castellaverant,et
1279 4686 1506 4764 quedamalia
1521 4684 1746 4757 munitaloca,

101 4785 249 4846 censistit
271 4786 328 4847 aut
358 4786 455 4860 plena
483 4785 635 4858 victoria,
660 4787 717 4848 aut
742 4786 895 4848 vincendi
951 4786 1103 4848 suffossis
1137 4784 1251 4856 muris,
1286 4799 1347 4861 pro
1378 4784 1498 4847 timore
1531 4782 1747 4860 reliquerint,

102 4883 286 4960 desperatio
301 4881 487 4954 manifesta,
508 4883 595 4944 sicut
615 4883 652 4943 hi
673 4883 729 4960 qui
748 4884 896 4946 locorum
950 4884 1079 4943 nullum
1092 4883 1201 4944 lecum
1216 4881 1279 4944 sibi
1304 4882 1385 4943 satis
1399 4881 1506 4943 tutum
1527 4881 1691 4957 putantes,
1718 4879 1747 4940 si

102 4979 222 5042 babent
235 4979 399 5051 notitiam,
421 4983 626 5042 asseverant.
652 4979 787 5042 Ohsidet
806 4981 897 5042 enim
950 4980 1153 5044 chmstianus
1182 4981 1350 5042 exercitus
1386 4981 1502 5042 contra
1537 4977 1747 5055 saepedictam

101 5078 269 5142 civitatem
283 5077 442 5140 Damiatae
463 5077 655 5154 opulentam
677 5077 710 5140 et
727 5092 893 5155 magnam,
950 5079 1165 5156 prevaluerit
1176 5079 1355 5140 civitatem.

101 5191 197 5251 quam
212 5175 242 5236 ai
256 5173 416 5236 Dominus
434 5173 470 5236 in
484 5173 637 5236 manibus
658 5191 773 5240 eorum
785 5177 894 5240 tradi·
990 5179 1069 5240 Haec
1081 5176 1288 5238 attendentes
1301 5173 1503 5236 venerabilis
1516 5173 1619 5234 Daton
1632 5171 1748 5233 noster

101 5271 196 5345 thrit
212 5272 353 5345 nullum,
368 5271 404 5334 ut
428 5271 544 5344 fertur,
558 5273 617 5335 aut
630 5289 769 5350 parvum
780 5273 896 5336 obsta-
950 5275 1140 5353 patriarcha
1163 5273 1462 5350 lerosolymitanus
1485 5269 1539 5351 (a)
1557 5272 1591 5331 et
1612 5269 1747 5346 episco-

101 5368 211 5430 cnlnm
236 5369 272 5430 in
291 5371 384 5432 tetra
408 5370 552 5447 AEgypto
586 5370 784 5447 invenient;
816 5373 895 5449 quin
950 5389 1012 5451 pus
1026 5371 1222 5435 albanensis
1243 5369 1291 5449 (lv)
1307 5373 1343 5431 Α.
1364 5371 1396 5430 S.
1415 5369 1555 5444 legatus,
1572 5379 1700 5428 necnon
1716 5367 1749 5428 et

101 5467 200 5528 imme
211 5465 361 5528 infideles
374 5467 430 5544 qui
442 5467 590 5530 detinent
610 5469 757 5532 sanctam
772 5470 894 5532 civita-
951 5471 1113 5534 carissimi
1137 5469 1198 5531 tilii
1226 5483 1288 5530 rex
1302 5466 1348 5546 (c)
1376 5468 1411 5529 et
1438 5464 1589 5541 magistri
1623 5463 1750 5541 Hospi-

135 5659 188 5734 (a)
218 5658 365 5718 liedulloe.
417 5659 462 5732 (bt
488 5661 631 5733 Pelagius.
684 5661 731 5738 (e)
760 5665 896 5722 lestines.
