4088 6306
713 365 941 427 EPIS'I'OLAE.
965 365 1042 426 LIB.
1067 367 1121 427 111.
1679 367 1740 426 210

104 371 160 432 209

103 529 344 606 temporalium,
376 525 436 590 tibi
475 525 608 604 tuisque
644 523 891 586 successoribus
946 523 1015 586 1313
1028 523 1245 586 ecclesiarum
1256 524 1295 586 de
1306 525 1426 601 Anglia
1437 525 1635 602 contraJura
1646 526 1740 602 regia

104 625 254 688 duximus
268 615 464 687 auctoritate
478 623 692 700 praesentium
706 621 892 684 conceden-
946 620 1244 683 313333331311333
1259 620 1457 698 approbatas
1468 621 1629 683 hactenus
1644 624 1678 684 et
1687 623 1742 684 ob·

104 723 176 784 dam
198 722 232 784 ut
250 724 287 784 tu
311 723 456 799 itemque
477 735 686 782 successores
708 719 758 781 tui
782 719 891 780 admi·
946 719 1097 780 servatas
1123 719 1247 790 temere
1274 719 1458 790 venientes,
1488 719 1580 794 regia
1605 719 1741 780 licentia

104 821 280 881 nistrautes
293 817 329 879 13
342 816 457 880 eadem
474 817 616 879 ecclesia
631 832 731 893 quum
755 831 892 878 necesse
947 831 1012 877 non
1023 815 1125 892 petita
1138 814 1336 876 vacantibus
1351 816 1502 878 ecclesiis
1512 816 1553 876 31
1563 816 1741 878 electiones

103 915 390 990 1333113333133113
411 917 444 976 31
467 913 655 976 reformetis
676 929 715 974 ac
738 913 892 974 statuatis
946 913 1115 989 pastorum
1139 927 1204 973 non
1227 913 1300 974 3133
1321 913 1426 989 133133
1448 913 1538 988 33313
1550 915 1740 991 contemptu

104 1015 188 1075 31331
203 1028 341 1092 quaeque
355 1013 576 1088 protempore
590 1026 651 1072 suo
670 1009 891 1086 cognoveritis
947 1009 1139 1092 procedunt,
1165 1009 1251 1070 31133
1285 1010 1513 1086 multipliciter
1542 1010 1741 1087 injuriantes

103 1111 210 1172 311313
224 1109 386 1184 indigere,
403 1106 663 1170 contradictores
683 1107 712 1168 31
736 1107 792 1184 331
814 1105 891 1167 iue-
946 1104 1064 1166 eidem.
1091 1105 1175 1177 Quia
1197 1106 1301 1182 igitur
1324 1123 1459 1168 causam
1480 1108 1630 1184 praedicti
1651 1111 1741 1185 regis

103 1209 169 1270 rint
182 1207 236 1268 nel
250 1205 392 1269 rebelles
404 1221 463 1282 per
474 1220 636 1266 censuras
647 1203 892 1266 ecclesiasticas
947 1202 1114 1279 propriam
1129 1204 1332 1279 reputemus,
1361 1205 1512 1265 nolentes
1533 1221 1609 1266 enm
1628 1206 1739 1268 13333

102 1305 251 1366 submota
275 1304 497 1382 appellatione
530 1301 779 1378 compescendo.
800 1301 892 1362 Nulli
942 1301 1019 1375 jure
1035 1299 1290 1375 patijacturam,
1306 1300 1499 1362 discretioni
1509 1303 1574 1363 1333
1587 1319 1646 1378 333
1658 1307 1741 1379 Apo-

102 1419 178 1479 ergo
204 1401 374 1464 hominurn
403 1398 511 1472 liceat,
540 1400 602 1461 eto.
632 1399 751 1461 Datum
780 1400 891 1460 Romae

101 1499 184 1578 apud
215 1499 372 1560 Sanctum
401 1499 547 1568 Petrum,
564 1498 594 1557 X
618 1495 781 1557 kalendas
799 1493 891 1565 maii,

100 1595 309 1674 pontificatus
324 1593 429 1656 nostri
444 1607 533 1655 anno
542 1591 652 1655 tertio.

400 1771 593 1860 CXCVIII

100 1913 149 1974 Ad
157 1913 197 1971 P.
207 1903 720 1974 norwicensemezeotnm,e.s.
728 1900 891 1977 13331333.

376 2028 411 2085 23
431 2023 609 2100 3133111119.

126 2139 248 2203 (degent,
260 2136 306 2187 lib.
317 2137 360 2195 111,
372 2135 446 2200 33131.
457 2133 512 2186 tto.
525 2135 582 2185 1133.
594 2134 630 2184 La
640 2131 716 2182 Porte
725 2129 758 2179 du
767 2126 861 2193 Theti]

202 2243 319 2303 1133131
332 2251 362 2300 31
374 2250 486 2300 tueatur
499 2240 576 2314 33313
588 2238 701 2312 anglie
709 2237 784 2310 jura.

134 2361 314 2432 Honorino,
331 2361 406 2432 eto,
417 2356 618 2420 dilectotilio
629 2359 666 2418 Ρ.
680 2352 892 2418 Norwioensi

97 2459 212 2528 electo,
229 2454 427 2534 apostoncae
443 2455 537 2516 Sedis
553 2454 673 2530 legato.

136 2558 247 2626 Quum
266 2553 482 2616 charissimus
502 2551 684 2612 1311131313
706 2549 891 2610 111133333-

98 2651 328 2714 133Η3331333
342 2665 405 2711 rex
417 2649 598 2725 angiorum
618 2646 759 2708 illustris
771 2659 891 2707 cruce-

100 2749 262 2824 signatus,
293 2747 438 2822 pupillus
458 2744 616 2806 custodiae
637 2743 731 2804 Sedis
751 2744 893 2818 aposto-

100 2844 171 2906 licae
188 2842 368 2904 derelictus
383 2840 443 2902 sub
461 2840 574 2902 333133
594 2839 798 2916 33313311333
812 2853 893 2899 eon-

99 2942 203 3013 sistat,
231 2940 317 3002 sicut
337 2943 415 3018 jura
439 2942 511 3015 ejus
535 2938 607 2998 sine
635 2938 749 2998 nostra
767 2934 891 3013 injuria

98 3037 240 3100 detineri
254 3053 320 3098 non
331 3036 470 3114 possunt
484 3035 525 3097 ab
540 3033 706 3112 aliquibus
722 3032 889 3109 usurpata,

98 3137 144 3196 sic
172 3135 215 3196 ad
239 3149 356 3196 manus
387 3132 535 3211 ejusdem
564 3130 679 3192 eadem
705 3128 892 3191 revocanda

98 3231 278 3294 efficaciter
290 3247 351 3292 noe
366 3230 460 3292 decet
470 3228 641 3291 intendere
654 3231 807 3304 tanquam
818 3241 894 3287 cau·

98 3345 166 3388 sam
195 3327 366 3406 propriam
388 3326 636 3403 prosequentes.
657 3324 812 3385 Volentes
828 3323 894 3397 igi-

97 3425 151 3486 tur
173 3423 325 3501 ejusdam
350 3424 438 3498 regis
462 3419 672 3482 indemnitati
691 3418 893 3496 providendo

99 3537 307 3592 succurrere,
324 3520 379 3581 cui
391 3518 601 3596 nequivimus
615 3531 792 3578 occurrere
806 3530 895 3592 prae-

97 3619 257 3689 cavendo,
288 3616 482 3678 discretioni
517 3616 582 3677 tuae
616 3629 675 3691 per
704 3611 894 3689 apostolica

98 3715 221 3790 scripta
241 3713 448 3780 mandamus,
465 3713 628 3788 quatenus
643 3710 764 3780 castra,
788 3708 895 3769 domi-

98 3811 163 3885 313,
179 3811 420 3889 333333313333,
439 3808 472 3869 31
492 3809 559 3869 3113
575 3807 686 3868 omnia
706 3806 747 3867 ad
767 3804 892 3882 praela-

96 3909 165 3969 tum
180 3922 294 3983 regem
308 3906 348 3966 de
358 3907 435 3982 J'ure
453 3903 650 3982 spectantia,
662 3905 761 3981 prout
775 3917 896 3962 secun-

98 4004 174 4065 dum
187 4004 402 4066 consilium...
418 4001 558 4064 rectoris
578 4003 611 4062 et
627 3999 894 4062 consiliariorum

21 4165 24 4196 Ι
96 4102 186 4176 33313
202 4100 338 4162 utilitati
353 4102 425 4176 eJus
440 4097 598 4175 expedire
611 4097 747 4168 videris,
762 4095 894 4158 studeas

98 4198 137 4259 ad
148 4199 241 4274 regis
250 4196 432 4257 dominium
445 4210 615 4256 33333333.
627 4193 894 4255 contradictores

98 4295 193 4371 siqui
208 4293 329 4355 inerint
347 4291 401 4354 331
414 4291 566 4362 rebelles,
582 4305 828 4368 percensuram
838 4305 895 4350 eo-

99 4391 322 4453 clesiasticam
350 4389 572 4467 appellatione
592 4387 774 4466 postposita
799 4403 893 4447 com-

100 4489 275 4564 pescendo.
289 4488 406 4549 Datum
420 4487 533 4548 Romae
554 4483 640 4560 apud
655 4485 813 4546 Sanctum
828 4486 895 4545 Pe-

99 4588 185 4648 trum
200 4600 290 4647 nono
305 4582 465 4646 kalendas
475 4581 556 4641 maii
570 4595 658 4642 3333
674 4579 783 4642 133113.

421 4767 572 4856 dxcix

368 4913 431 4971 -Ad
444 4912 614 4971 eumdem.

382 5031 417 5089 23
432 5030 513 5120 april.
530 5029 611 5086 itio.

136 5145 310 5212 [333333.
322 5145 366 5206 111,
380 5159 421 5214 ap.
434 5144 490 5194 133.
503 5145 560 5194 uss.
576 5145 612 5195 aa
626 5143 700 5192 333
717 5141 751 5191 uu
762 5139 856 5204 rnen]

207 5245 212 5253 '
272 5251 351 5311 idem
368 5257 569 5325 argumentum
583 5263 618 5306 ac
631 5262 728 5320 supra.
774 5285 777 5294 .

141 5369 343 5432 carissimus
356 5368 390 5428 in
403 5367 534 5428 Christo
543 5365 632 5426 iliius
645 5363 759 5426 noster
774 5361 897 5424 Henri·

100 5461 798 5542 3333333331333331113313133331331333
811 5475 896 5537 333-

100 5564 277 5626 rimoniam
291 5562 482 5634 destinavit,
499 5559 584 5637 quod
601 5558 730 5636 praelati
750 5559 783 5620 et
798 5557 894 5634 capi-

947 1395 1063 1457 stolica
1078 1397 1202 1472 scripta
1217 1397 1423 1470 mandamns,
1437 1401 1599 1474 quatenus
1615 1400 1739 1475 praala-

947 1495 997 1553 tos
1012 1494 1045 1555 et
1057 1493 1202 1570 capitula
1224 1495 1260 1555 ut
1272 1495 1379 1555 eidem
1400 1496 1473 1571 regi
1488 1496 1573 1558 siout
1587 1496 1741 1559 33333311

947 1589 1142 1663 1313333133,
1167 1591 1208 1652 31
1239 1591 1429 1670 hujusmodi
1460 1593 1639 1655 electiones
1673 1594 1740 1654 nisi

947 1687 1039 1762 prius
1062 1687 1167 1764 ipsine
1186 1689 1276 1764 regis
1293 1690 1393 1766 petita
1421 1689 1555 1750 licentia
1578 1705 1646 1751 non
1662 1705 1741 1766 pro-

946 1783 1075 1856 cedant,
1091 1785 1124 1846 et
1147 1785 1188 1846 ab
1203 1785 1280 1847 31113
1300 1785 1434 1864 injuriis
1458 1785 1498 1847 de
1522 1788 1739 1850 3331333333-

947 1882 1128 1958 quiescant,
1141 1898 1276 1943 moneas
1288 1884 1485 1960 propensius
1500 1883 1533 1946 et
1546 1882 1696 1956 1313333,
1707 1886 1740 1946 31

947 1979 975 2038 si
988 1978 1145 2055 expedire
1159 1979 1293 2050 3113313,
1303 1994 1364 2057 333
1377 1995 1551 2041 censuram
1563 1981 1741 2042 ecclesias-

948 2077 1047 2138 ticam
1071 2076 1293 2152 appellatione
1306 2077 1433 2138 remota
1454 2077 1585 2152 cognita
1599 2078 1740 2138 veritate

947 2173 1137 2249 compellas.
1154 2174 1272 2235 Datum
1294 2175 1406 2236 Romae
1424 2173 1509 2249 apud
1537 2174 1570 2234 S.
1591 2175 1737 2244 Petrum,

948 2287 1034 2332 nono
1046 2270 1205 2332 kalendas
1218 2269 1308 2343 maii,
1325 2283 1413 2331 anuo
1429 2268 1539 2332 tertio.

987 2372 1023 2431 in
1039 2368 1190 2430 eumdem
1199 2368 1331 2430 modum
1342 2369 1457 2429 contra
1467 2367 1633 2444 praelatos,
1643 2367 1677 2430 et
1684 2382 1743 2429 ca-

948 2466 1051 2546 pitula
1065 2465 1244 2528 Hiberniae.

1314 2582 1372 2669 CC

1006 2719 1058 2777 Ad
1077 2719 1236 2779 eumdem
1249 2718 1509 2778 Norwloensem
1526 2715 1680 2778 electum.

1230 2828 1264 2886 2³
1279 2828 1361 2902 april.
1378 2828 1457 2886 iiiii.

972 2937 1094 2999 [liegest.,
1106 2933 1151 2984 lib.
1166 2934 1211 2992 111,
1221 2933 1294 2998 epist.
1302 2933 1358 2983 11911.
1369 2935 1426 2985 1133.
1440 2934 1476 2984 La
1490 2934 1565 2984 Porta
1574 2933 1608 2984 du
1620 2933 1714 2996 Thali]

948 3032 1063 3092 Mandat
1082 3031 1216 3090 31133131
1236 3031 1354 3088 tirmiter
1374 3031 1520 3088 observari
1536 3030 1698 3103 iuramenta
1722 3045 1739 3087 a

1077 3119 1262 3194 magnatibus
1276 3119 1465 3193 3331133113
1480 3120 1615 3193 33331113.

987 3229 1166 3301 Η3333133,
1182 3229 1259 3300 etc„
1270 3226 1389 3306 (electo
1399 3225 1619 3306 Norwicen.).

987 3329 1068 3387 Cum
1082 3341 1216 3388 causam
1228 3325 1394 3386 carissimi
1404 3324 1440 3384 in
1453 3325 1585 3387 Christo
1598 3323 1658 3384 tilii
1670 3337 1744 3385 nos·

947 3424 991 3486 tri
1005 3424 1095 3500 33313
1106 3423 1288 3498 3133133333
1303 3421 1443 3482 111331313
1454 3422 1622 3498 propriam
1632 3421 1742 3483 omni-

949 3520 1054 3582 modis
1084 3521 1293 3596 reputemus,
1321 3518 1462 3581 libenter
1489 3521 1561 3596 ejus
1589 3517 1742 3595 precibus

948 3617 1201 3694 acquiescimus,
1228 3616 1284 3692 qui
1313 3614 1497 3693 protectum
1525 3629 1742 3690 procuramus

949 3713 1210 3791 ejusdemetiam
1227 3728 1294 3774 non
1315 3712 1436 3789 rogati.
1460 3714 1511 3773 iix
1524 3712 1617 3788 parte
1632 3711 1741 3787 siqui-

949 3811 1023 3872 dem
1046 3810 1152 3889 ipsius
1177 3809 1274 3870 nobis
1296 3808 1357 3869 llrit
1381 3808 1551 3869 humiliter
1573 3807 1743 3884 supplica-

949 3910 1042 3979 tum,
1077 3907 1113 3968 ut
1150 3921 1223 3967 curn
1260 3905 1409 3966 universi
1442 3904 1613 3980 magnates
1647 3901 1743 3979 regni
1846 3923 1847 3926 ¹

949 4003 1077 4080 1331133
1101 4017 1213 4064 coram
1241 4001 1360 4063 dilecto
1391 4000 1460 4062 11113
1490 4002 1604 4062 333133
1632 4001 1670 4060 G.
1695 3999 1742 4060 11-

949 4101 1012 4164 1311
1034 4101 1147 4162 Sancti
1180 4099 1315 4160 Martini
1341 4097 1534 4176 presbytero
1569 4095 1742 4167 cardinali,

949 4200 1028 4260 tuno
1040 4198 1237 4275 Apostoiioae
1249 4197 1343 4258 Sedis
1353 4197 1475 4273 133313,
1485 4195 1642 4272 jurarint,
1657 4193 1744 4270 quod

950 4296 1105 4368 bonores,
1120 4297 1153 4357 et
1164 4297 1241 4371 jura
1257 4294 1350 4369 33313
1371 4290 1612 4369 promovebunt
1630 4289 1742 4350 tideli-

949 4395 1011 4465 133,
1019 4394 1053 4455 31
1065 4392 1255 4463 servabunt,
1265 4391 1298 4452 et
1310 4388 1395 4467 quod
1411 4403 1510 4465 super
1520 4388 1563 4448 iis
1573 4387 1695 4448 rectori
1709 4387 1742 4448 31

950 4489 1153 4551 consiliariis
1166 4489 1255 4565 regis
1264 4484 1563 4564 ejusdemtideliter
1577 4482 1742 4554 obedient,

950 4590 983 4648 et
996 4587 1149 4664 potenter
1170 4585 1337 4656 assistent,
1354 4583 1452 4660 prout
1469 4582 1505 4642 in
1523 4580 1744 4643 instrumento

951 4683 1098 4744 coniecto
1125 4683 1246 4745 exinde
1273 4681 1394 4743 dicitur
1417 4679 1549 4757 plenius
1568 4677 1743 4749 contineri,

950 4795 1010 4841 nos
1022 4781 1211 4858 juramenta
1224 4777 1414 4855 hujnsmodi
1424 4775 1609 4854 approbare
1624 4775 1743 4836 auoto-

951 4877 1050 4938 ritate
1064 4876 1254 4953 apostolica
1270 4874 1496 4950 dignaremur.
1507 4875 1552 4934 De
1564 4873 1622 4935 tua
1633 4871 1745 4948 itaque

950 4972 1151 5034 11333311333
1161 4972 1293 5049 plenam
1305 4972 1340 5031 in
1357 4971 1494 5044 Domino
1515 4969 1669 5030 fiduciam
1686 4967 1745 5028 ob-

833 5081 837 5090 '
950 5071 1105 5142 tinentes,
1118 5084 1177 5146 per
1190 5069 1379 5146 Apostolica
1394 5067 1455 5129 tibi
1467 5067 1592 5142 scripta
1606 5062 1745 5125 manda-

951 5183 1035 5238 mns,
1065 5167 1228 5243 quatenus
1249 5167 1439 5242 Juramenta
1463 5161 1633 5239 praedicta,
1660 5159 1746 5220 siout

952 5262 1089 5340 praefato
1108 5263 1181 5338 regi
1195 5261 1320 5324 3113313
1339 5258 1509 5337 expedire,
1529 5255 1672 5317 tirmiter
1684 5254 1745 5315 ob-

952 5360 1079 5421 servari
1104 5360 1242 5432 1331333,
1264 5358 1393 5435 juratos
1415 5356 1457 5417 ad
1479 5352 1745 5416 observationem

952 5473 1068 5519 eorum
1083 5472 1142 5534 per
1161 5471 1336 5518 censuram
1348 5451 1610 5516 ecclesiasticam
1626 5450 1746 5527 appel-

952 5555 1077 5616 lati0ne
1090 5555 1215 5616 remota
1229 5551 1417 5629 compellas.
1442 5548 1560 5612 Datum
1582 5550 1618 5610 ut
1632 5560 1744 5624 supra.
