4198 6322
288 393 326 454 31
903 383 1078 445 nononu
1101 379 1146 442 111
1168 343 1315 443 orans.
1892 385 1932 443 aa

287 551 391 614 iatam
406 548 560 612 fiduciam
574 547 771 618 obtinemus,
788 547 823 608 et
841 559 938 624 quem
958 542 1081 608 certis-
1135 543 1248 603 Terrae
1264 541 1407 603 Sanctae.
1421 539 1551 613 Quanto
1565 543 1676 602 autem
1687 544 1830 620 majores
1839 557 1933 620 prop·

288 649 371 710 aime
403 647 557 710 novimus
586 661 699 723 regem
726 645 761 706 et
783 657 923 720 regnum
950 642 1081 706 sincera
1135 637 1257 700 tarhoo
1269 637 1486 699 sustinuimus
1496 653 1673 716 expensas,
1687 638 1932 702 sollicitudines

288 745 427 822 diligere
439 746 590 816 caritate,
605 745 852 806 illucconcesso
861 741 922 804 tihi
937 739 1081 816 legatio-
1136 736 1170 797 et
1182 735 1325 808 labores,
1341 737 1432 796 tanto
1453 735 1597 814 amplius
1620 735 1716 798 nobis
1741 737 1873 799 cederet
1890 737 1932 798 ad

288 841 341 903 nis
367 841 487 913 oiiicio,
517 842 671 902 duximus
693 839 936 902 destinandum.
964 839 1082 898 Datum
1137 831 1349 910 opprobrium
1369 837 1402 894 et
1429 832 1588 906 dolorem,
1605 833 1634 894 si
1656 833 1770 895 fideles
1795 835 1853 911 qui
1873 851 1933 912 pro

286 939 454 1012 laterani,
471 939 615 1000 secundo
636 936 711 999 idus
725 936 932 1015 septembris,
948 935 1084 1012 pontill-
1136 929 1209 1006 ipso
1221 929 1353 1006 negotio
1367 931 1595 1008 exposuerunt
1607 946 1663 992 res
1673 931 1841 1008 pariteret
1856 947 1935 1009 per-

288 1037 381 1098 catus
396 1037 501 1098 nostri
514 1051 603 1098 annu
615 1035 724 1098 tertio.
1136 1042 1248 1098 soum,
1265 1043 1324 1104 pro
1337 1042 1448 1088 rerum
1472 1027 1635 1090 deiectua
1656 1044 1717 1090 suo
1737 1030 1934 1104 cogerentur

641 1185 732 1274 llll

336 1321 388 1382 Ad
401 1323 598 1396 episcopum
605 1321 640 1382 ct
650 1319 839 1394 capitadam
851 1318 1031 1380 liniacum

546 1434 581 1492 ir
593 1431 732 1506 septemb.
745 1432 824 1490 llis.

316 1540 438 1606 [iisgsst.,
450 1539 497 1592 lib.
511 1539 556 1600 ill,
567 1539 640 1604 epist.
650 1539 690 1588 67,
704 1541 763 1590 Usa.
771 1539 808 1590 υ
820 1539 896 1588 Porto
905 1537 940 1588 du
950 1537 1022 1589 l'beil
1030 1537 1048 1602 .]

289 1651 333 1709 Ne
348 1645 546 1717 alienationes,
563 1646 810 1714 commutationes,
823 1652 871 1702 aut
882 1645 1084 1703 roneemiones

404 1737 469 1794 sine
486 1735 612 1809 episcopi
627 1749 770 1792 couwusu
785 1741 967 1792 attententur.

328 1845 507 1916 lionorius,
526 1845 603 1916 eto,
626 1841 811 1904 venerabili
837 1841 970 1906 tratri...
989 1841 1083 1920 epis-

288 1959 387 2019 copo,
417 1940 548 2004 dilectis
579 1940 658 2002 illlis
683 1939 828 2017 capitulo
851 1939 1081 2012 Matisconen„

289 2040 454 2112 salutem,
471 2040 534 2100 eto.

328 2139 445 2208 Quum,
457 2134 671 2198 sicutnostris
681 2134 872 2197 estauribus
882 2133 1081 2206 intimatum,

288 2233 438 2296 ecclesiae
459 2233 579 2294 vestrae
606 2231 857 2310 procurationes
877 2233 911 2294 et
935 2231 1083 2294 redditus

286 2345 524 2406 nonnunquam
550 2329 699 2390 alienare
723 2329 894 2406 contingat
920 2329 956 2390 in
977 2329 1084 2406 ipsius

288 2427 439 2489 ecclesiae
459 2429 492 2488 et
514 2425 713 2488 servitorum
739 2428 811 2502 ejus
829 2441 896 2488 non
919 2425 1083 2488 modicam

288 2524 471 2594 laesionem,
500 2539 560 2585 nos
589 2539 690 2600 super
712 2522 775 2584 hoo
801 2522 912 2584 debita
934 2525 1084 2586 volentos

288 2620 512 2683 sollicitudine
528 2619 712 2696 providere,
726 2621 923 2682 auctoritate
936 2635 1085 2698 praesen-

287 2719 369 2780 tium
385 2716 584 2788 inhibemus,
600 2732 641 2778 ne
653 2717 887 2794 predictorum
907 2718 1085 2781 alienatio-

288 2831 358 2888 nes,
376 2815 448 2876 sive
472 2814 754 2886 commutationes,
780 2815 838 2876 aut
852 2815 1084 2878 concessiones

291 2913 332 2976 ad
349 2911 476 2973 ilrmam
498 2911 539 2972 de
562 2911 682 2972 caetero
706 2913 908 2974 attententur
926 2911 999 2975 aine
1012 2914 1081 2988 tuo,

290 3009 395 3071 irater
403 3009 567 3086 episcopo,
580 3007 719 3070 oonsilio
732 3009 1083 3082 etoonsensu,irritum

287 3105 518 3176 decernentes,
549 3105 579 3166 si
606 3105 683 3183 quid
711 3107 825 3168 contra
851 3107 1082 3169 inhibitionem

287 3201 433 3263 nostram
450 3201 551 3262 fuerit
566 3201 772 3274 attentatum,
786 3203 865 3263 dum
876 3203 987 3265 tamen
1003 3220 1084 3266 con-

287 3298 427 3360 suetudo
442 3297 593 3360 ccclesiae
609 3313 676 3360 non
690 3302 863 3376 repugnet.
878 3301 971 3362 Nulli
990 3317 1080 3378 ergo,

288 3395 364 3467 etc..
398 3393 521 3456 nostrae
555 3393 782 3458 concessionis
808 3399 843 3459 et
874 3397 1083 3460 inhibitionis

286 3489 480 3568 intringere,
503 3491 565 3554 eto.
590 3493 625 3554 Si
639 3493 714 3570 quis
728 3493 852 3567 autem,
877 3496 939 3557 eto.
964 3497 1081 3558 Datum

286 3589 453 3660 Laterani,
472 3589 676 3652 vlaleudas
696 3591 852 3665 octobris,
872 3592 1082 3670 pontificatus

289 3685 393 3750 nostri
409 3701 497 3748 anno
509 3687 617 3749 tertio.

631 3827 743 3916 XXII

363 3961 415 4022 Ad
435 3963 718 4038 archiepiscopos,
745 3966 922 4038 episcopos
938 3979 1003 4040 par

463 4060 673 4132 Hispaniam
684 4061 897 4122 constitutos.

594 4170 681 4228 dect
700 4171 778 4228 illi.

406 4273 558 4340 [bullarium
570 4273 732 4336 Vstimnuna,
742 4275 788 4338 lll,
798 4279 911 4342 uppem.
921 4279 974 4346 aa]

286 4371 432 4431 Sorthitde
447 4371 574 4430 exercitu
595 4371 750 4431 christiano
764 4374 932 4447 inpartibus
947 4385 1084 4438 transma-

268 4477 274 4492 ·
319 4461 389 4518 riuis
407 4462 556 4518 existente.
585 4462 717 4536 Praecipit
739 4471 770 4521 ut
784 4464 995 4537 liuguioionem
1013 4469 1081 4526 surb·

319 4548 471 4606 diaconum
498 4557 528 4607 et
546 4549 725 4621 capellanum
749 4565 832 4610 suum
860 4559 891 4610 et
912 4555 1082 4628 magistrum

319 4635 463 4696 cinthium
478 4636 673 4710 presbyterum
688 4639 815 4698 basilios
836 4641 976 4715 Principis
995 4659 1080 4717 apos·

319 4724 452 4794 telorum,
470 4726 634 4796 canonicos,
655 4725 691 4784 ad
716 4728 794 4801 ipsos
816 4745 868 4802 pro
893 4730 1082 4790 subventione

319 4811 461 4871 exercitus
472 4810 628 4885 supradicti
638 4812 795 4875 destinates
804 4815 929 4876 habeant
938 4833 1083 4880 commen·

1137 1124 1306 1202 proposito
1329 1125 1471 1186 resilire.
1501 1127 1588 1188 Sane
1606 1125 1808 1188 venerahilis
1831 1126 1935 1188 irater

1137 1223 1286 1282 noster...
1304 1221 1494 1299 patriarcha
1507 1225 1539 1284 et
1549 1223 1742 1285 carissimus
1755 1223 1789 1284 in
1804 1224 1934 1285 Christo

1137 1318 1226 1380 illius
1241 1321 1355 1382 noster
1367 1322 1514 1382 ioannes
1527 1321 1666 1382 illustris
1676 1337 1737 1382 rex
1748 1322 1935 1398 Hierosoly·

1137 1416 1293 1490 mitanus,
1303 1417 1454 1493 magistri
1466 1434 1595 1496 quoque
1605 1417 1786 1496 Hospitalis
1799 1421 1936 1480 etiem-

1137 1513 1379 1591 plietuniversi
1389 1515 1558 1594 principes
1572 1518 1605 1578 et
1612 1515 1755 1578 barones
1769 1517 1935 1578 exercitus

1138 1611 1313 1674 christiani
1322 1612 1935 1690 existentisinpartibustransmarinis

1138 1707 1208 1769 suis
1221 1706 1317 1769 nobis
1332 1707 1452 1770 litteris
1474 1709 1671 1773 intimarunt
1689 1709 1775 1788 quod
1787 1711 1855 1772 min
1869 1709 1935 1772 im·

1138 1803 1318 1882 portabiles
1346 1821 1511 1882 expensas
1540 1806 1650 1870 iacere
1678 1807 1931 1884 compelluntur,

1137 1903 1206 1962 turn
1221 1903 1256 1962 in
1270 1901 1434 1964 machinis
1443 1905 1476 1966 et
1485 1903 1603 1980 galeis,
1611 1907 1679 1966 tum
1690 1903 1725 1966 in
1737 1905 1804 1966 alio
1813 1903 1932 1966 bellico

1137 2000 1311 2078 apparatu,
1325 2001 1412 2078 quod
1426 2001 1493 2062 nisi
1507 2001 1549 2064 ad
1564 2018 1623 2064 eas
1637 2001 1805 2065 iaciendas
1819 2001 1934 2064 subve-

1137 2097 1269 2157 niamus
1284 2097 1421 2170 eisdem,
1430 2114 1488 2160 eas
1498 2097 1687 2161 nullatenus
1695 2100 1850 2176 poterunt
1863 2116 1933 2160 sus-

1137 2194 1256 2267 tinere,
1286 2193 1343 2256 sed
1367 2211 1433 2257 non
1454 2196 1579 2274 absque
1603 2195 1813 2265 contusione,
1846 2196 1932 2274 quod

1138 2293 1297 2354 Dominus
1310 2293 1450 2366 avertat,
1462 2293 1504 2354 ab
1516 2293 1660 2370 inooepto
1671 2292 1831 2356 desistere
1842 2309 1934 2356 com·

1138 2389 1316 2466 pelluniur.
1340 2391 1420 2453 Cum
1448 2393 1559 2452 autem
1574 2407 1633 2468 pro
1648 2391 1782 2468 navigio
1806 2394 1932 2454 Roma·

1138 2502 1267 2560 norum,
1284 2487 1318 2548 in
1337 2503 1402 2565 quo
1424 2487 1512 2550 ultra
1531 2487 1650 2565 viginti
1675 2488 1781 2550 millia
1802 2504 1934 2550 maroa-

1137 2600 1212 2646 rum
1242 2585 1371 2662 argenti
1401 2585 1619 2662 expendimus
1650 2601 1783 2648 camera
1819 2587 1932 2648 nostra

1139 2695 1222 2758 pene
1248 2681 1380 2758 penitus
1396 2681 1439 2742 sit
1457 2681 1631 2754 exhausta,
1649 2698 1709 2744 nec
1723 2681 1764 2742 de
1776 2681 1835 2744 illa
1849 2695 1930 2760 pos-

1138 2777 1241 2838 simus
1255 2777 1381 2838 eisdem
1391 2779 1613 2856 opportunum
1630 2779 1814 2840 subsidium
1827 2779 1929 2840 mini-

1138 2874 1255 2946 strare,
1272 2875 1509 2952 Hispaniarum
1525 2877 1729 2950 vicesimam,
1747 2878 1929 2939 secundum

1138 2971 1379 3035 ordinationem
1389 2973 1528 3034 Coracilii
1542 2964 1710 3050 generalis
1722 2975 1929 3052 providimus

1138 3071 1414 3146 congregandam,
1443 3072 1479 3134 ut
1504 3071 1740 3134 subveniamus
1768 3071 1929 3134 exercitui

1139 3167 1338 3244 supradicto.
1364 3168 1507 3230 Dilectus
1537 3169 1650 3247 itaque
1680 3169 1768 3232 illios
1803 3169 1934 3246 liugai-

1138 3263 1278 3337 oionem,
1294 3265 1532 3328 subdiaconum
1545 3268 1579 3329 et
1601 3267 1833 3344 cappellanum
1847 3281 1929 3330 nos-

1137 3361 1225 3422 trum
1239 3362 1273 3423 et
1293 3361 1488 3440 magistrum
1511 3363 1679 3426 cinthium
1702 3365 1931 3442 presbyterum
1999 3413 2006 3433 1

1136 3458 1284 3520 basilicae
1314 3458 1475 3538 principis
1501 3461 1736 3538 apostolorum,
1753 3463 1933 3524 canonicos

1138 3557 1261 3617 latores
1280 3557 1506 3636 praesentium,
1527 3559 1617 3620 viros
1638 3559 1752 3637 utique
1776 3559 1931 3636 providos

1137 3654 1170 3714 et
1180 3652 1307 3727 fideles,
1319 3671 1358 3716 aa
1372 3654 1468 3717 nohis
1481 3656 1513 3718 et
1526 3655 1683 3718 iratribus
1696 3657 1820 3719 nostris
1835 3673 1930 3719 caros

1137 3751 1207 3811 suis
1220 3752 1430 3828 exigentibus
1443 3753 1784 3832 meritisetacceptoa,
1798 3754 1840 3816 ad
1853 3770 1934 3832 par-

1136 3849 1186 3910 tes
1213 3851 1339 3912 vestras
1358 3865 1418 3927 pro
1443 3849 1634 3928 hip'usmodi
1661 3851 1795 3928 negotio
1826 3851 1933 3913 desti-

1137 3947 1265 4019 nantes,
1282 3946 1532 4009 universitatem
1553 3949 1697 4010 vestram
1709 3963 1879 4010 monemus
1892 3963 1931 4010 aa

1138 4060 1293 4120 rogamus
1321 4045 1456 4118 ahente,
1482 4060 1522 4107 aa
1544 4061 1605 4122 per
1623 4045 1814 4123 apostoliea
1837 4045 1931 4108 vobis

1138 4141 1259 4218 scripta
1281 4143 1503 4219 praecipimus,
1525 4145 1688 4220 quatenus
1708 4115 1798 4221 r‘psos
1812 4143 1853 4204 ob
1878 4157 1934 4206 re-

1137 4237 1320 4300 verentiam
1357 4241 1504 4300 nostram
1540 4239 1698 4302 habentes
1736 4241 1932 4318 propensius

1138 4335 1392 4408 commendatos,
1410 4336 1523 4413 eisque
1544 4337 1580 4398 in
1595 4353 1712 4399 securo
1723 4338 1887 4400 conductu
1899 4339 1932 4400 et

1138 4431 1213 4492 aliis
1226 4433 1425 4494 necessariis
1440 4432 1594 4496 hilariter
1608 4435 1830 4511 providentes,
1843 4435 1930 4498 vioe-

1137 4528 1254 4590 simam
1269 4529 1422 4608 ipsamet
1448 4531 1606 4594 Ecclesia
1632 4535 1790 4595 Romanas
1811 4549 1932 4596 census

1137 4626 1209 4688 sine
1235 4626 1428 4692 difficultate
1443 4629 1621 4706 assignetis
1635 4629 1771 4693 eisdem.
1795 4630 1886 4701 Quod
1903 4629 1933 4691 si

1137 4725 1193 4802 qui
1212 4724 1296 4788 sorte
1319 4740 1356 4786 se
1375 4725 1410 4786 in
1430 4725 1564 4788 illorum
1588 4727 1753 4789 solutione
1778 4727 1932 4790 difficiles

1136 4822 1350 4885 exhibuerint
1362 4824 1416 4886 vel
1426 4822 1579 4897 rebelles,
1590 4839 1650 4886 vos
1663 4823 1783 4886 iratres
1797 4825 1932 4887 archie-

319 4897 643 4972 datos,vieesimamque
657 4902 747 4974 ipsam
761 4911 789 4960 et
800 4891 1082 4967 Ecclesioeiiomanoe
1135 4919 1263 4998 piscopi
1280 4921 1313 4982 et
1330 4919 1488 4998 episcopi,
1506 4920 1631 4998 singuli
1644 4921 1930 5000 suajuridictioni

319 5001 424 5046 census
438 4985 674 5049 sinediiiicultate
689 4991 847 5066 assignent.

1136 5014 1280 5094 objectos
1296 5018 1337 5080 ad
1350 5019 1395 5090 id,
1412 5033 1487 5080 cum
1501 5017 1543 5079 ab
1558 5019 1607 5080 eis
1619 5019 1750 5083 fueritis
1765 5020 1929 5098 requisiti,

323 5088 502 5178 Honorius,
512 5107 1079 5193 eta,archiepiscopiseiepiscopis,
1135 5131 1195 5194 per
1228 5131 1388 5177 censuras
1424 5115 1680 5190 ecclesiasticas,
1708 5118 1932 5194 appellatione

282 5201 467 5277 abbatibus,
493 5202 660 5280 prioribus
680 5199 883 5282 aa'praelatis
900 5213 935 5272 et
949 5210 1080 5274 clericis
1134 5213 1327 5290 postposita,
1339 5213 1556 5292 compellatis.
1565 5215 1721 5293 Alioquin
1733 5215 1931 5278 sententiam

282 5301 460 5374 universis,
475 5302 543 5363 tarn
557 5302 719 5379 exemptis
730 5319 829 5381 quarn
841 5305 918 5368 aliis
933 5323 992 5384 per
1007 5311 1081 5370 llis·
1135 5326 1233 5387 quam
1247 5310 1321 5390 ipsi,
1346 5310 1400 5372 vel
1420 5325 1535 5373 eorum
1552 5311 1638 5374 aiter
1655 5310 1793 5374 tulerint
1806 5312 1840 5373 in
1853 5328 1932 5374 eos-

283 5398 415 5476 paniam
429 5399 626 5462 constitutis.

1136 5405 1220 5480 dem,
1246 5407 1458 5486 praecipimus
1481 5408 1644 5488 usquead
1671 5407 1930 5472 satisfactionem

287 5505 290 5513 ’
323 5495 382 5557 ille
397 5495 487 5556 solus
503 5497 623 5574 quiesi
638 5499 784 5560 omniurn
803 5501 954 5578 cognitor
969 5518 1081 5565 seore-
1135 5505 1332 5582 condignam
1346 5505 1486 5568 tirmiter
1500 5506 1682 5568 observari.
1698 5507 1817 5568 Datum
1832 5508 1932 5569 Late-

281 5594 389 5655 torum
403 5593 495 5656 novit
509 5593 696 5658 sumentes
711 5597 982 5680 continuasquas
996 5602 1081 5662 tem-
1134 5603 1220 5676 rani,
1249 5603 1347 5666 tertio
1386 5619 1493 5666 nonas
1521 5603 1683 5676 octobris,
1718 5603 1930 5679 pontificatus

280 5705 361 5767 pore
392 5693 462 5768 jam
491 5692 590 5769 longo
621 5695 817 5772 pertulimus
850 5711 910 5775 pro
947 5699 1080 5775 negotio

1136 5701 1242 5764 nostri
1254 5717 1341 5763 anno
1354 5703 1464 5766 tertio.
