4088 6306
296 383 356 440 aas
852 459 856 466 ¹
915 381 1089 446 nouonu
1111 370 1154 446 lu
1178 383 1324 448 orans.
1727 355 1731 362 ’
1888 385 1945 448 lac

223 619 227 627 Ι
296 527 637 618 cratissimbcorpore
658 542 691 603 et
713 539 951 616 saugulnellei
969 545 1002 604 et
1022 543 1091 605 Do·
1146 543 1280 622 injuriis
1317 549 1351 608 et
1386 541 1597 608 contumeliis
1625 541 1784 624 gravibus
1812 545 1945 621 afficere

297 640 379 701 mini
393 641 620 716 Redemptoris
633 639 737 700 nostri
752 641 831 700 Jesu
846 639 968 701 Christi
982 641 1092 702 aliena
1147 643 1399 718 praesumebant.
1413 646 1481 704 Nos
1494 645 1642 706 volentes
1657 644 1691 705 in
1704 644 1766 705 hoc
1776 660 1852 706 cum
1870 660 1945 705 ma-

298 739 366 809 ilat,
395 738 493 814 atque
517 737 552 798 in
576 739 724 799 extremo
750 737 905 798 examine
933 737 1091 800 districtae
1145 740 1282 801 turitate
1312 741 1491 818 procedere
1521 739 1607 804 sicut
1639 740 1795 818 exigebat
1821 741 1946 818 negotii

297 835 467 912 subjaceat
482 835 611 896 ultioni.
626 834 760 895 Cunctis
773 838 882 896 autern
896 835 1002 896 eidem
1018 837 1092 897 loco
1147 835 1355 912 magnitudo,
1389 838 1573 901 venerabili
1606 839 1702 900 tratri
1737 841 1852 902 nostro
1855 884 1945 900 .......

297 949 357 993 sua
368 937 446 1010 jura
461 932 671 993 servantibus
688 933 745 992 ilat
760 947 826 1009 pax
840 933 971 995 Domini
986 933 1091 996 nostri
1147 935 1340 996 carnotensi
1354 936 1509 1013 episcopo
1524 941 1602 998 tunc
1618 937 1870 1000 Pontiniacensi
1884 937 1946 998 ab·

296 1030 524 1102 lesutlhristi,
544 1032 706 1107 quatenus
722 1029 824 1092 ethic
839 1029 981 1093 fructum
996 1031 1091 1094 bonae
1146 1028 1215 1093 bati
1241 1036 1273 1094 et
1299 1031 1421 1103 dilecto
1440 1033 1509 1095 lilio
1513 1079 1573 1095 .....
1606 1035 1710 1112 priori
1727 1035 1842 1096 Sancti
1870 1035 1949 1096 Vic-

296 1129 439 1190 actionis
455 1129 651 1206 percipiant,
667 1130 701 1189 et
722 1127 809 1204 apud
833 1127 1018 1191 districtum
1034 1133 1093 1207 ju·
1146 1128 1228 1190 toris
1253 1130 1416 1191 Parisien.
1446 1147 1548 1208 super
1571 1131 1634 1192 hoc
1658 1132 1719 1193 sub
1735 1135 1826 1194 certa
1841 1132 1948 1194 torma

296 1227 401 1287 dicem
431 1227 568 1303 praemia
602 1228 736 1288 aeternae
778 1226 870 1303 pacis
906 1226 1088 1288 inveniant.
1146 1223 1329 1287 direximus
1363 1227 1486 1304 scripta
1515 1231 1639 1290 nostra.
1665 1231 1727 1301 Qui
1755 1228 1948 1290 mandatum

294 1329 410 1386 Amen.
1146 1325 1295 1388 nostrum
1330 1325 1472 1387 fideliter
1500 1331 1738 1404 exsequentes,
1767 1327 1808 1388 ad
1838 1327 1949 1388 locum

337 1425 403 1496 Ego
419 1425 485 1482 Leo
496 1421 584 1482 tituli
596 1415 718 1482 s'anctm
731 1421 846 1482 Crucis
856 1421 891 1482 in
903 1421 1090 1484 Jerusalem
1146 1421 1367 1498 personaliter
1394 1424 1618 1496 accesserunt,
1643 1425 1676 1486 et
1698 1425 1837 1486 invento
1862 1426 1949 1501 qnod

296 1519 469 1597 presbyter
482 1517 675 1581 cardinalis.
1146 1519 1298 1580 conversi
1330 1523 1603 1597 perpetraverant
1626 1537 1683 1593 ea,
1709 1538 1783 1599 quae
1814 1521 1951 1583 inerunt

337 1621 405 1693 Ego
426 1617 613 1694 Stephanus
627 1616 780 1678 Basilicas
797 1615 969 1680 duodecim
984 1619 1092 1696 Apos-
1145 1615 1241 1678 nobis
1266 1621 1433 1694 suggesta,
1462 1621 1495 1679 et
1518 1617 1586 1678 alia
1608 1619 1780 1694 graviora,
1805 1618 1891 1680 adeo
1915 1621 1950 1681 ut

296 1715 438 1778 telorum
452 1714 624 1793 presbyter
638 1713 829 1776 cardinalis.
1145 1713 1244 1776 etiarn
1279 1715 1386 1792 ipsum
1415 1715 1560 1792 priorem
1588 1714 1628 1777 de
1650 1716 1737 1778 iacto
1768 1716 1951 1778 destituere

337 1817 404 1890 Ego
418 1813 598 1890 Gregorius
610 1812 699 1873 tituli
711 1813 897 1874 Anastasiae
919 1811 1091 1890 presbyter
1145 1813 1446 1890 praesumpsisent,
1456 1812 1497 1874 de
1505 1812 1701 1890 prudentum
1712 1815 1861 1875 virorum
1876 1829 1951 1875 con·

295 1911 487 1973 cardinalis.
1144 1909 1221 1970 silio
1260 1911 1479 1972 restituerunt
1516 1911 1686 1983 eumdem,
1724 1915 1757 1973 et
1792 1911 1827 1972 in
1857 1913 1949 1988 ipsos

332 2013 402 2100 ‘Ego
424 2009 567 2070 Thomas
586 2007 674 2070 tituli
690 2006 815 2069 sanctae
840 2007 972 2069 Sabinae
995 2023 1090 2085 pres-
1144 2022 1333 2078 conversos,
1350 2008 1428 2070 licet
1442 2011 1513 2085 jam
1528 2009 1710 2086 peripsum
1730 2009 1878 2087 priorem
1886 1991 1953 2069 'ex-

293 2107 388 2185 byter
403 2107 594 2168 cardinalis.
1144 2107 1456 2168 communicationis
1470 2108 1634 2169 sententia
1648 2106 1836 2178 innodatos,
1849 2123 1953 2184 prop-

335 2209 401 2282 Ego
428 2205 594 2266 Honorius
620 2201 799 2265 Catholicae
825 2201 981 2264 Ecclesiae
1004 2203 1089 2282 epis-
1143 2204 1196 2264 ter
1221 2205 1462 2266 contumaciam
1488 2203 1679 2266 eorumdem
1705 2205 1847 2266 similem
1873 2221 1952 2265 sen-

294 2319 408 2380 copus.
438 2371 442 2379 A
1143 2301 1281 2362 tentiam
1297 2301 1515 2378 protulerunt,
1529 2300 1649 2379 quibus
1661 2317 1700 2363 ea
1717 2303 1905 2379 contempta
1916 2301 1951 2363 in

333 2405 401 2477 Ego
417 2400 522 2461 Guido
538 2399 763 2461 Praenestinus
776 2397 963 2476 episcopus.
1144 2414 1204 2459 sua
1225 2398 1349 2461 duritia
1369 2399 1633 2476 persistentibus,
1652 2400 1685 2462 et
1702 2400 1834 2462 domum
1848 2403 1952 2462 Gran·

334 2502 400 2576 Ego
416 2498 598 2569 conradus,
616 2497 810 2559 Portuensis
825 2497 858 2557 et
874 2497 1003 2557 Sanctae
1019 2497 1090 2557 Ru·
1144 2495 1323 2558 dimonten.
1340 2497 1564 2560 detinentibus
1583 2499 1787 2574 occupatam,
1804 2499 1900 2574 prior
1918 2501 1952 2560 et

294 2597 369 2658 dnae
382 2597 567 2674 episcopus.
884 2659 888 2664 ,
1144 2593 1256 2656 clerici
1272 2595 1313 2656 ab
1329 2595 1455 2666 eadem,
1478 2611 1713 2657 conversorum
1728 2594 1951 2657 formidantes

333 2699 400 2771 Ego
416 2695 519 2756 irater
533 2693 703 2764 Nicolaus,
718 2692 925 2753 Tusculanus
940 2691 1041 2768 episc.
1144 2691 1317 2762 saevitiam,
1334 2693 1509 2768 exierunt3
1525 2691 1626 2754 iidem
1641 2707 1721 2754 vero
1742 2693 1897 2755 conversi
1918 2695 1953 2755 et

333 2795 400 2868 Ego
411 2791 528 2864 (luido,
538 2789 734 2852 S.Nicholai
746 2790 781 2851 in
791 2805 926 2851 carcere
936 2788 1089 2851 Tulliano
1144 2789 1277 2866 quidam
1299 2790 1413 2851 clerici
1438 2807 1512 2851 cum
1536 2791 1597 2862 eis,
1620 2789 1824 2867 Stephanum
1838 2790 1951 2866 ipsius

292 2891 451 2952 diaconus
464 2888 657 2950 cardinalis.
1144 2886 1209 2948 loci
1224 2888 1381 2950 clericum
1395 2889 1429 2948 in
1450 2887 1557 2949 locum
1573 2887 1694 2964 prioris
1713 2886 1900 2956 intrudere,
1918 2891 1952 2950 et

332 2993 399 3065 Epo
416 2989 485 3051 Oct.
502 2989 699 3048 Sanctorum
722 2985 830 3062 Sergii
846 2985 879 3048 et
894 2983 996 3046 Bachi
1011 2983 1088 3046 dia·
1144 2983 1174 3046 ei
1190 2985 1311 3062 prioris
1326 3001 1445 3046 nornen
1462 2985 1634 3062 imponere
1651 2987 1949 3062 praesumpserunt.

290 3103 395 3148 conus
410 3085 603 3148 cardinalis.
1145 3082 1951 3158 Quibusdamigiturclericisetconversisordinis

332 3187 401 3260 Ego
428 3184 608 3259 Gregorius
633 3183 745 3244 Sancti
773 3179 896 3243 Theod.
930 3178 1090 3242 diaconus
1145 3183 1279 3258 propter
1295 3180 1405 3242 hocin
1421 3181 1723 3256 nostrapraesentia
1744 3181 1949 3252 constitutis,

293 3283 484 3344 cardinalis.
1145 3277 1951 3356 nosdeclarandoquaedamcapitularegulaequae

332 3383 399 3455 Ego
424 3379 612 3457 Stephanus
635 3377 747 3440 Sancti
772 3377 909 3439 Adriani
931 3376 1090 3439 diaconus
1145 3376 1868 3456 praecipuevidebanturintereosmateriam
1884 3393 1950 3453 pa-

291 3477 485 3540 cardinalis.
1145 3490 1220 3537 rere
1237 3476 1438 3552 jurgiorum,
1455 3491 1494 3535 ac
1513 3475 1646 3552 quidam
1663 3473 1951 3550 praedecessorum

332 3579 416 3638 bata
427 3575 583 3636 Laterani
594 3591 653 3651 per
663 3589 798 3634 manum
809 3573 958 3644 Ranerii,
967 3574 1090 3634 sanctae
1146 3571 1949 3643 nostroruminnovandostatuta,etnoshaetiam

293 3676 453 3735 Romanae
489 3671 645 3733 Ecclesiae
674 3671 940 3742 vicecamerarii,
966 3671 995 3731 X
1023 3669 1090 3731 ka·
1146 3671 1332 3748 adjiciendo
1348 3672 1387 3734 de
1401 3687 1486 3732 novo
1500 3669 1678 3748 pacificare
1689 3669 1808 3730 cuncta
1825 3668 1952 3744 sategi-

293 3771 409 3831 lendas
429 3769 553 3841 martii,
576 3769 768 3842 indictione,
783 3771 827 3830 Vl
847 3765 1090 3830 lncarnationis
1146 3785 1230 3842 mus,
1242 3767 1952 3847 perquaetranquillitatem,etpacemejus-

293 3869 473 3930 Dominicae
489 3882 576 3929 anno
591 3869 762 3938 Mdcxlx,
780 3866 991 3942 pontificatus
1011 3879 1091 3926 vero
1146 3867 1219 3930 dem
1231 3866 1358 3928 ordinis
1371 3865 1632 3928 conservandam
1641 3863 1806 3926 credimus
1818 3863 1852 3926 in
1861 3862 1951 3925 lutu-

293 3967 418 4028 dcmini
431 3965 572 4028 Honorii
585 3964 674 4026 tertii
689 3980 777 4026 anno
789 3964 900 4026 tertio.
1145 3981 1230 4027 rum.
1244 3965 1327 4038 Quia
1339 3981 1419 4026 rero
1430 3963 1621 4025 eorumdem
1636 3975 1874 4023 conversorum
1896 3977 1952 4020 ex·
2029 3979 2030 3991 ¹

842 4113 854 4142 ,
1146 4078 1259 4126 cessus
1272 4063 1347 4140 plus
1370 4062 1505 4140 possent
1525 4059 1677 4137 exemplo
1696 4073 1828 4130 nocere,
1846 4075 1949 4135 quarn

622 4123 758 4212 CXXX
1147 4161 1483 4223 tactosieostransire
1491 4158 1698 4233 contingeret
1707 4157 1900 4233 impunitos,
1910 4155 1951 4217 de

334 4265 385 4324 Ad
420 4265 586 4324 decanum
619 4259 762 4321 electum
799 4259 833 4318 et
867 4257 1048 4332 officiatem
1148 4258 1288 4321 consilio
1315 4257 1455 4319 lratrum
1470 4257 1659 4318 nostrorum
1673 4254 1893 4326 decrevimus,
1916 4256 1952 4313 nt
2028 4261 2029 4337 g

564 4358 811 4420 Bituricercses.
1148 4357 1303 4434 priorem,
1321 4371 1417 4434 quem
1432 4355 1473 4416 de
1492 4357 1569 4433 jure
1590 4353 1808 4414 restituerunt
1818 4351 1951 4430 judices
2028 4353 2029 4423 l

586 4473 621 4530 23
640 4469 694 4528 leb.
712 4453 797 4528 lile(
1148 4453 1355 4525 contradicti,
1377 4453 1419 4515 de
1446 4453 1533 4514 lacto
1555 4451 1655 4513 etiarn
1671 4449 1820 4528 plenarie
1844 4449 1950 4510 resti-

309 4573 430 4638 [κομι.
442 4569 487 4622 tin.
505 4571 548 4630 ιιι,
563 4570 637 4635 epist.
650 4569 706 4620 elo.
721 4569 779 4619 uss.
796 4569 833 4618 na
846 4567 921 4618 rone
934 4568 969 4618 du
983 4567 1077 4632 ruah]
1147 4553 1229 4623 tuto,
1246 4553 1279 4612 et
1287 4551 1423 4612 reducto
1439 4563 1513 4610 cum
1527 4547 1660 4610 clericis
1674 4546 1852 4617 universis,
1870 4541 1951 4606 dicti

294 4673 335 4729 De
347 4669 501 4727 rebellione
516 4681 720 4725 conversorum
735 4675 832 4723 contra
849 4667 973 4738 priorem
991 4673 1021 4724 et
1037 4663 1092 4722 cle·
1148 4649 1300 4712 OOUVffl'Si
1325 4647 1489 4709 restitutis
1515 4644 1679 4716 Omnibus,
1703 4659 1776 4720 111¹ae
1808 4642 1849 4703 ab
1879 4643 1951 4719 ipsa
2027 4701 2028 4734 ,

199 4741 206 4764 '
330 4761 404 4816 ricos
428 4756 692 4815 Grandimontensis
716 4755 899 4824 monasterii3
926 4753 1092 4812 eorumdem
1147 4748 1256 4819 domu,
1272 4743 1470 4808 etmembris
1481 4745 1552 4821 ejus
1562 4743 1686 4804 temere
1701 4741 1950 4818 adsportarunt,
2027 4747 2028 4790 l

330 4845 590 4920 punitio·,ejusdem
602 4843 810 4902 monasteriiad
821 4843 983 4915 Philippum
994 4857 1092 4920 regem
1148 4843 1365 4906 absolutionis
1383 4841 1581 4903 beneficium
1597 4838 1768 4899 humiliter
1789 4837 1904 4914 petant
1919 4839 1953 4898 et

330 4951 471 4994 ffflufflus·
621 4983 624 4992 ,
1148 4935 1951 5018 devoterecipiantabeodem,iidemqnesingulis

334 5045 514 5115 Honorius,
547 5044 622 5108 etc..
650 5041 778 5102 dilectis
804 5041 919 5103 liliis...
948 5039 1089 5103 electo...
1147 5039 1263 5102 diebus
1284 5039 1460 5100 dominicis
1476 5051 1580 5112 usque
1604 5034 1644 5095 ad
1665 5049 1789 5094 annum
1803 5033 1839 5093 in
1851 5033 1949 5108 capi·
2026 5059 2027 5098 ,

294 5144 420 5206 decano
434 5144 503 5205 et...
521 5139 654 5204 officiali
672 5139 852 5202 Bituricen.
1147 5139 1216 5200 tulo
1228 5136 1459 5207 verberentur,
1473 5134 1506 5195 et
1521 5131 1611 5193 omni
1627 5131 1720 5192 sexta
1736 5129 1820 5192 teria
1835 5129 1951 5190 vivant

335 5245 415 5304 Cum
441 5241 520 5302 olim
542 5239 654 5316 gravis
670 5239 790 5300 luisset
813 5238 854 5298 ad
881 5253 941 5298 nos
965 5235 1092 5313 perlata
1146 5235 1181 5297 in
1196 5249 1282 5313 pane
1297 5237 1330 5296 et
1339 5249 1436 5310 aqua,
1454 5231 1519 5292 nisi
1535 5230 1628 5307 prior
1642 5225 1837 5289 clementius
1852 5241 1951 5301 agen-

294 5341 441 5418 querela,
469 5339 555 5416 quod
591 5337 743 5400 conversi
777 5334 1092 5396 (trandimontenses
1147 5332 1224 5394 dum
1251 5330 1384 5393 duxerit
1418 5345 1492 5391 cum
1520 5325 1656 5388 eisdem.
1687 5323 1950 5400 Aperceptione

294 5438 417 5517 prioris
441 5437 493 5497 sui
515 5449 680 5497 cameram
700 5435 733 5494 et
746 5432 854 5509 ipsam
867 5431 1091 5493 (trandimon-
1147 5427 1454 5507 quoquebominici
1478 5423 1627 5502 corporis
1649 5423 1682 5483 et
1699 5419 1875 5497 sanguinis
1892 5437 1950 5497 per
2025 5421 2026 5466 ὲ

294 5538 419 5598 tensem
436 5533 611 5596 ecclesiam
638 5545 722 5592 ausu
748 5529 912 5606 sacrilego
938 5527 1091 5591 coutrin-
1147 5543 1270 5589 annum
1290 5525 1490 5595 abstineant,
1509 5523 1575 5583 nisi
1595 5521 1707 5581 forsan
1727 5518 1950 5580 mortisvide-
2025 5501 2026 5544 ¹

294 5636 419 5710 peritos,
446 5631 596 5692 eumdem
625 5629 768 5706 priorem
790 5630 823 5690 et
842 5627 927 5690 alios
944 5627 1092 5704 ejusdem
1147 5629 1239 5710 retur
1257 5623 1418 5686 articulus
1436 5622 1620 5682 imminere.
1648 5618 1813 5679 Praeterea
1834 5631 1949 5678 omnes

293 5734 356 5795 loci
385 5731 524 5793 clericos
551 5727 740 5790 detinebant
767 5727 923 5798 inclusos,
956 5724 1091 5786 stallos
1147 5721 1195 5783 illi
1208 5721 1263 5801 qui
1279 5723 1411 5784 luerunt
1427 5718 1626 5796 principales
1645 5715 1746 5778 tante
1762 5713 1949 5791 iniquitatis
2024 5783 2025 5808 χ
