4088 6306
1734 319 1788 426 us

140 363 207 426 173
765 363 992 424 EPISTOLAE.
1017 365 1094 424 Lis.
1118 365 1172 424 ΙΙΙ.

139 539 283 587 cauum
298 525 388 602 regis
402 524 550 602 ejusdem
565 523 941 602 propriamreputemus.
999 523 1110 584 ventui
1138 523 1250 584 Sancti
1277 525 1405 596 Portus,
1437 523 1668 588 cisterciencis
1693 523 1787 586 ordi-

141 623 192 685 Ut
218 622 322 700 igitur
347 622 509 684 offensam
540 621 681 684 redimat
703 622 943 700 praecedentem
999 620 1061 692 nis,
1079 621 1218 684 salutem
1235 621 1268 683 et
1282 622 1499 698 apostolicam
1513 621 1787 684 benedictionem.

137 720 180 782 et
191 719 308 796 matie
323 734 359 782 se
373 721 513 797 coaptet,
530 720 645 796 deque
656 721 764 798 ipsum
777 735 845 780 uon
860 711 942 780 con·
1033 717 1229 780 Postulastis
1244 735 1264 780 a
1281 719 1387 791 nobis,
1407 722 1531 782 uicum
1546 721 1646 782 vestri
1665 721 1787 782 statuta

138 817 241 879 venit
273 817 463 894 desperare,
492 816 612 878 iterum
640 816 704 878 sibi
728 817 879 878 dedimus
906 819 942 878 in
997 816 1123 876 ordinis
1147 833 1205 878 vos
1231 817 1409 878 observare
1423 818 1572 894 oporteat
1595 817 1734 888 illibata,
1756 817 1790 879 et

138 913 322 986 mandatis,
343 915 435 976 utad
459 914 670 991 praesentiam
683 915 772 990 regis
792 914 941 991 ejusdem
996 912 1216 976 dedicationis
1240 914 1390 976 ecclesie
1416 914 1537 975 vestrae
1565 914 1728 975 festivitas
1749 929 1788 975 eo

137 1011 370 1074 indubitanter
396 1011 570 1083 accedens,
592 1014 625 1073 et
642 1011 857 1074 villicationis
872 1027 940 1074 suae
996 1009 1191 1087 quandoque
1205 1009 1662 1088 temporecelebrandavobis
1676 1027 1789 1072 occur-

137 1109 262 1171 reddat
273 1109 417 1171 debitam
440 1108 616 1172 rationem.
639 1111 689 1170 Ne
717 1125 796 1171 vero
817 1123 942 1170 memo·
995 1110 1059 1172 rat,
1074 1123 1139 1184 quo
1159 1108 1339 1168 secundum
1363 1109 1508 1184 ejusdcm
1532 1107 1658 1170 ordinis
1683 1110 1787 1170 vestri

135 1206 211 1269 rati
240 1207 330 1284 regis
354 1207 520 1285 justitiam
548 1207 718 1284 negligere
756 1205 938 1278 videamur,
997 1204 1118 1266 statuta
1132 1204 1259 1266 nullum
1278 1205 1371 1266 vobis
1395 1207 1445 1267 est
1459 1205 1584 1266 licitum
1605 1205 1785 1276 celebrare,

136 1303 340 1366 discretioni
353 1306 419 1368 tuae
432 1304 692 1382 parapostolica
707 1303 832 1380 scripta
846 1320 942 1366 man·
996 1302 1170 1377 providere
1198 1302 1292 1363 vobis
1312 1318 1413 1378 super
1437 1303 1500 1364 hoc
1528 1302 1788 1365 misericorditer

136 1401 273 1474 damus,
289 1403 452 1480 quatenus
465 1403 494 1464 si
508 1402 616 1464 dictus
626 1401 830 1480 justitiarius
841 1417 939 1462 man·
995 1397 1226 1474 dignaremur,
1243 1401 1313 1462 Nos
1335 1401 1438 1476 igitur
1458 1401 1578 1462 vestris
1602 1416 1704 1476 super
1724 1400 1787 1461 boc

136 1499 258 1560 datum
272 1501 421 1561 nostrum
436 1499 672 1577 contempserit
697 1499 889 1576 adimplere,
905 1499 940 1560 tu
996 1497 1272 1572 postulationibus
1280 1498 1643 1574 piccondescendentes
1652 1497 1785 1566 affectu,

134 1610 220 1656 eum
253 1595 351 1658 adid
375 1612 434 1676 per
465 1596 725 1658 ecclesiasticam
752 1611 938 1667 censuram,
995 1594 1207 1668 praesentium
1223 1595 1420 1656 auctoritate
1437 1595 1624 1666 statuimus
1643 1597 1678 1655 ut
1693 1594 1788 1656 lesti-

136 1693 519 1771 appellationeremota,
538 1693 728 1772 compellas.
746 1695 862 1756 batum
875 1696 940 1754 La-

135 1789 263 1863 terani,
279 1793 328 1860 Vl
352 1791 419 1853 kal.
446 1791 574 1870 aprilis,
602 1792 813 1869 pontificatus
834 1791 939 1852 nostri

135 1889 354 1951 annotertio.

467 1977 620 2064 clxiv

136 2103 195 2161 Ad
209 2103 384 2176 episcopos
393 2105 430 2162 tc
444 2101 936 2178 raqnoli'rancioeconsiitctos.

431 2205 465 2264 27
480 2213 564 2264 mart.
579 2207 659 2264 itta.

234 2299 370 2368 [bouquet.
383 2301 487 2354 Recneil
497 2303 542 2353 des
554 2301 630 2364 illst,
642 2308 662 2353 t.
674 2303 741 2360 lilii,
750 2317 777 2367 p
787 2301 852 2360 erm.

343 2375 450 2436 iterat,
464 2373 509 2422 lib.
523 2374 566 2430 lli,
579 2373 653 2438 epist.
664 2372 732 2436 aaa]

138 2463 237 2532 Quum
250 2463 391 2519 Honorius
401 2463 561 2534 pactionem
577 2459 691 2520 iecisset
705 2477 770 2520 cum
788 2477 858 2536 rege
874 2462 938 2520 Plri-

174 2549 255 2622 lippo
272 2547 308 2606 de
326 2550 486 2623 colligenda
503 2549 664 2608 reddituum
678 2552 938 2608 ecclesiasticorum

178 2637 316 2694 vicesima
342 2637 458 2696 mandet
473 2639 617 2712 episcopis
631 2646 662 2696 ut
676 2647 824 2713 exemptas
835 2639 939 2697 esclu-

174 2727 255 2783 tione
276 2725 351 2783 lilius
364 2724 489 2784 habeant
506 2727 736 2786 cluniacensium
753 2728 900 2786 ecclesias.

182 2825 352 2886 Honorius
369 2825 583 2902 episcopus...
602 2826 849 2888 venerabilibus
864 2826 937 2889 lra-

139 2921 250 2983 tribus
274 2922 535 2999 archiepiscopis
561 2924 595 2985 et
618 2923 783 3000 episcopis
804 2938 864 3001 per
884 2939 939 2986 re-

138 3034 244 3095 gnum
259 3019 410 3080 Franclae
424 3019 611 3082 constitutis
626 3021 777 3092 salutern,
795 3024 856 3083 etc.

181 3115 274 3177 Licet
284 3116 459 3193 quamdam
478 3119 606 3193 partem
621 3119 787 3179 vicesimae
811 3122 940 3180 vestra-

139 3228 216 3272 rum
232 3213 448 3274 ecclesiarum
462 3217 495 3277 et
508 3215 702 3276 dioecesium
717 3216 891 3278 carissimo
903 3218 938 3278 in

139 3309 274 3371 Cluisto
297 3309 368 3370 tllio
383 3313 497 3374 nostro
513 3311 678 3389 Philippo,
696 3313 767 3389 regi
791 3315 940 3374 Franco-

139 3422 215 3468 rum
239 3406 374 3479 illustri,
391 3424 450 3485 pro
474 3410 608 3484 negotio
634 3410 725 3486 pacis
749 3412 782 3474 et
803 3410 880 3472 fidei
903 3412 938 3472 iu

139 3503 328 3566 Provinciae
341 3505 492 3584 partibus
507 3506 728 3582 promovendo
745 3507 938 3570 duxerimus

138 3601 401 3678 concedendam
423 3602 459 3663 in
475 3603 595 3665 litteris
607 3609 719 3666 tamen
735 3603 839 3682 ipsius
852 3622 937 3668 con-

136 3697 303 3760 cessionis
331 3699 568 3778 expressimus,
598 3701 683 3778 quod
705 3704 937 3765 concessiones

134 3795 240 3856 antea
262 3794 367 3858 lactas
382 3797 492 3859 salvas
508 3797 653 3860 existere
668 3799 860 3860 volebamus
876 3797 935 3879 (1).

135 3895 248 3963 Quum
260 3892 367 3969 igitur
376 3895 444 3956 tam
458 3893 565 3955 felicis
578 3897 747 3958 memoriae
770 3899 936 3960 Innocen-

134 3987 208 4050 tius
228 3991 334 4066 Papa,
348 3991 574 4066 praedecessor
597 3993 720 4064 noster,
744 4009 842 4072 quam
864 4011 935 4067 uos,

135 4087 345 4147 monasterio
385 4087 596 4150 cluniacensi
634 4105 694 4166 pro
732 4091 935 4154 relevatione

135 4181 337 4252 debitorum,
359 4182 478 4260 quibus
490 4185 687 4260 gravissime
713 4188 933 4263 premebatur,

135 4275 357 4338 ecclesiarum
367 4293 502 4339 suarum
518 4279 709 4340 vicesimam
727 4285 936 4344 concesseri-

136 4388 224 4444 mus,
242 4375 453 4450 praeseutium
468 4376 561 4438 vobis
577 4378 773 4440 anctoritate
793 4380 935 4442 manda-

136 4485 224 4542 mus,
239 4473 402 4548 quatenus
414 4475 652 4536 monasterium
667 4475 787 4552 ipsum,
798 4478 851 4538 vel
862 4481 935 4556 eius

135 4566 384 4641 ecclesias,nou
394 4571 572 4649 requiratis
581 4573 933 4650 superipsavicesima,

135 4681 199 4725 nec
224 4665 349 4744 requiri
378 4666 418 4728 ab
445 4668 557 4748 aliquo
583 4669 791 4746 permittatis.
817 4673 933 4735 Datum

135 4763 306 4834 Laterani,
321 4765 364 4825 Vl
380 4764 447 4826 kal.
459 4767 588 4844 aprilis,
600 4767 812 4844 pontificatus
828 4771 933 4833 nostri

136 4875 229 4920 anno
244 4859 356 4925 tertio.

469 4950 601 5038 CLXV

196 5075 248 5134 Aa
270 5074 469 5136 abbatemet
483 5077 874 5142 concessumst->ortus

338 5162 574 5225 cisterciensis
586 5168 731 5228 ordinis.

421 5265 550 5324 blimart.
566 5267 645 5326 tals.

316 5361 529 5425 [Martensium.
545 5363 640 5414 anecd.
652 5364 670 5422 1,
682 5365 750 5432 sit]

268 5451 310 5508 ile
325 5449 397 5507 iesto
415 5449 605 5508 dedicationis
620 5452 801 5514 celebrando.

175 5556 355 5628 Honorius,
372 5558 447 5628 etc,
460 5557 591 5620 dilectis
601 5559 679 5622 tiliis
694 5561 804 5624 abbati
814 5565 846 5626 et
859 5580 934 5626 con·

994 1689 1080 1751 vitas
1093 1691 1284 1768 supradicta
1296 1692 1395 1754 tertio
1408 1708 1514 1753 nonas
1526 1692 1670 1754 octobris
1687 1691 1786 1752 anuis

994 1787 1136 1862 singulis
1166 1791 1324 1866 perpetuo
1360 1790 1555 1852 celebretur.
1587 1788 1679 1850 Nulli
1707 1805 1787 1864 ergo

995 1884 1129 1946 omnino
1143 1884 1314 1946 bominum
1327 1885 1428 1948 liceat
1442 1887 1528 1947 banc
1541 1888 1698 1964 pagiuam
1709 1903 1789 1948 nos-

993 1982 1054 2042 trae
1083 1981 1328 2044 constitutionis
1352 1983 1546 2059 intringere,
1576 1984 1628 2044 vel
1649 1983 1680 2044 ei
1704 1999 1788 2045 ausu

993 2080 1171 2140 temerario
1187 2081 1364 2142 contraire.
1390 2081 1424 2141 Si
1440 2081 1513 2157 quis
1529 2084 1640 2142 autem
1655 2081 1718 2142 boc
1735 2082 1789 2144 at·

993 2176 1122 2238 tentare
1137 2177 1385 2254 praesumpserit
1400 2177 1660 2254 indignationem
1674 2177 1786 2239 omni-

993 2275 1136 2352 potentis
1147 2275 1206 2336 Dei
1220 2273 1432 2337 etbeatorum
1445 2275 1537 2336 Petri
1547 2276 1580 2336 et
1588 2275 1683 2336 Pauli
1694 2290 1788 2352 apos·

993 2372 1134 2433 telorum
1145 2374 1217 2448 ejus
1232 2387 1268 2432 se
1284 2371 1415 2434 noverit
1430 2371 1650 2432 incursurum.
1668 2373 1784 2433 Datum

995 2469 1149 2530 Laterani
1165 2471 1193 2528 V
1208 2468 1275 2530 kal.
1298 2469 1426 2546 aprilis,
1452 2469 1661 2545 pontificatus
1680 2470 1785 2531 nostri

993 2581 1082 2626 anno
1097 2566 1206 2628 tertio.

1316 2653 1468 2741 CLXVI

992 2779 1044 2840 Ad
1075 2779 1212 2852 priores
1244 2777 1381 2838 Sanctae
1414 2779 1647 2852 Rodcquadis,
1670 2778 1788 2840 Sortcti

1032 2877 1180 2944 Hilarii,
1210 2874 1244 2934 et
1278 2876 1525 2935 subdiaconum
1556 2873 1787 2936 Pictcvtaosis

1033 2975 1195 3034 acclama.

1277 3048 1311 3104 28
1327 3054 1408 3104 utart.
1426 3047 1504 3104 tals.

1024 3143 1144 3208 [liegest.‚
1158 3143 1202 3194 lib.
1215 3143 1259 3202 lli,
1271 3143 1346 3208 epist.
1359 3143 1652 3195 monasterorum
1663 3143 1757 3210 Theti]

994 3245 1068 3318 Erga
1082 3243 1237 3300 canonicos
1252 3241 1371 3300 rebelles
1388 3241 1438 3300 sed
1448 3243 1619 3316 prenitentes
1631 3241 1789 3300 misericor·

1241 3329 1313 3388 diter
1326 3330 1470 3404 agendum
1487 3338 1538 3388 est.

1033 3430 1216 3502 Honorius,
1242 3433 1323 3502 etc,
1351 3429 1480 3491 dilectis
1510 3429 1625 3492 liliis...
1657 3430 1786 3490 Sanctae

994 3527 1205 3604 Radegundis
1217 3529 1284 3590 et...
1301 3528 1414 3590 Sancti
1430 3528 1549 3590 Hilarii
1565 3527 1741 3606 prioribus,
1756 3531 1789 3588 et

993 3623 1195 3686 subdiacono
1216 3625 1329 3686 Sancti
1349 3625 1468 3686 Hilarii
1492 3623 1674 3695 Pictaven.‚
1694 3623 1786 3684 salu-

992 3723 1070 3788 tem,
1085 3722 1147 3782 etc.

1032 3817 1241 3880 Venerabilis
1261 3818 1364 3881 irater
1384 3821 1532 3880 noster...
1556 3819 1732 3896 episcopus
1756 3817 1787 3879 et

992 3915 1104 3978 dilecti
1121 3915 1180 3976 illii
1194 3916 1374 3994 capitulum
1395 3917 1563 3978 Pictaveu.
1584 3915 1706 3977 nostris
1727 3931 1789 3976 au-
1814 3941 1816 3944 ·

992 4009 1085 4069 ribus
1100 4007 1306 4081 intimarunt,
1330 4008 1415 4088 quod
1431 4025 1532 4086 quum
1555 4008 1619 4085 ipsi
1634 4010 1669 4070 in
1684 4023 1788 4069 cano-

992 4106 1085 4167 nicos
1098 4105 1203 4168 beatae
1217 4107 1332 4168 Mariae
1342 4107 1479 4182 Majoris
1492 4106 1661 4167 Pictaren.
1672 4121 1731 4183 pro
1747 4121 1786 4166 eo

992 4203 1786 4282 quodobedientiaejugoreject0,inquaecclesiae

992 4301 1121 4364 matrici
1137 4302 1302 4373 tenentur,
1320 4302 1368 4362 eis
1384 4300 1555 4363 intendere
1571 4301 1787 4378 pertinaciter

991 4397 1255 4467 contemnebant,
1273 4399 1625 4461 excommunicationis
1651 4399 1787 4458 seuten-

990 4495 1071 4556 tiam
1081 4495 1327 4557 rationabiliter
1337 4495 1565 4572 protulissent;
1579 4495 1785 4571 postmodum

990 4591 1192 4654 venerabilis
1209 4591 1312 4653 irater
1325 4592 1475 4654 noster...
1491 4590 1708 4668 burdegalen.
1725 4607 1784 4653 ar-

991 4689 1222 4766 chiepiscopus
1237 4689 1512 4766 metropolitanus
1528 4704 1642 4751 eorum
1659 4690 1693 4750 in
1714 4707 1786 4767 pro-

990 4787 1128 4847 vinciali
1158 4786 1300 4848 concilio
1337 4787 1428 4863 ipsos
1456 4788 1491 4848 in
1514 4804 1575 4849 sua
1602 4789 1784 4864 pertinacia

913 4910 916 4917 ·
990 4883 1221 4960 perdurantes
1239 4881 1361 4956 cldcio,
1372 4883 1599 4962 beneficioque
1622 4885 1786 4963 privasset

990 4981 1094 5042 donec
1118 4979 1295 5042 redeuntes
1317 4981 1357 5042 ad
1382 4980 1684 5044 corinobedientiae
1704 4983 1785 5044 vitio

989 5093 1048 5154 per
1061 5077 1315 5156 subsequentem
1330 5077 1550 5141 obedientiam
1566 5079 1710 5154 expiato,
1726 5069 1785 5156 per

990 5176 1108 5237 Sedem
1141 5175 1363 5253 apostolicam
1403 5177 1533 5239 restitui
1566 5178 1783 5238 mererentur.

990 5275 1087 5334 Nunc
1105 5272 1156 5334 illi
1171 5273 1292 5350 praeter
1302 5275 1444 5350 quatuor
1457 5275 1597 5343 mutum,
1607 5274 1785 5334 vexatione

991 5372 1074 5448 ipsis
1101 5369 1267 5433 tribuente
1284 5370 1464 5432 salubriter
1488 5370 1700 5443 intellectum,
1715 5389 1784 5448 pre-

990 5468 1142 5532 nitudine
1171 5468 1261 5529 ducti
1287 5468 1327 5529 ad
1353 5467 1574 5530 obedientiam
1604 5468 1784 5538 redierunt,

989 5565 1212 5628 restitutionis
1226 5565 1368 5640 gratiam
1385 5580 1403 5624 a
1420 5563 1515 5626 nobis
1536 5565 1705 5630 humiliter
1721 5567 1783 5628 lla-

170 5690 212 5759 (lt
236 5688 352 5746 lionorii
368 5688 402 5746 ad
417 5687 577 5762 Philippum
594 5705 691 5764 regern
708 5692 826 5764 litteras,
842 5696 905 5754 ride
919 5714 1005 5773 supra
1018 5709 1052 5754 n⁰
1069 5697 1143 5766 ivl,
1159 5696 1213 5752 col.
1231 5694 1275 5752 at.
