3946 6304
70 437 121 498 525

376 616 519 707 XLVII

85 759 130 818 Ad
141 754 291 819 abbatem
305 753 338 816 et
352 752 559 814 coniventem
575 753 690 810 Fossce
704 749 823 810 Nocte.

305 871 489 947 tseptembr.
508 871 588 928 litt).

172 979 288 1047 [ughelli.
296 979 457 1036 liniissscra,
469 983 537 1028 tome
545 977 565 1038 l,
576 989 639 1042 pass
651 974 733 1038 lm]

71 1079 237 1142 Confirmatio
262 1077 423 1136 donationis
435 1075 588 1133 conventui
614 1075 711 1130 Fossae
725 1073 813 1130 Novae
830 1085 845 1127 e

100 1169 224 1228 simeone
246 1165 443 1224 Tarracinensi
456 1165 591 1237 episcopo
606 1161 736 1221 ecclesiae
751 1160 846 1219 Sancti

99 1257 194 1332 Angeli
213 1254 249 1316 de
263 1257 371 1328 cumpo
383 1254 475 1314 lieltis
486 1251 576 1310 iectae.

104 1365 262 1427 Honorius
270 1363 455 1441 episcopus,
464 1375 580 1422 servus
593 1373 765 1421 serrorum
775 1357 845 1426 Dei,

71 1463 178 1535 abbati,
194 1463 228 1524 et
248 1459 425 1524 conventui
450 1461 562 1520 Fossae
576 1459 690 1528 Norae,
707 1455 847 1517 salutem

71 1565 99 1623 et
110 1559 319 1637 apostolicam
331 1556 606 1620 benedictionem.

103 1658 197 1721 Justis
212 1657 405 1733 petentium,
422 1655 485 1716 eto.
500 1653 691 1729 Sapropter,
704 1651 778 1721 etc„
789 1663 849 1712 us-

70 1770 124 1829 one
133 1754 367 1816 concurrentes
379 1767 530 1822 assensu,
547 1748 723 1811 ecclesiam
736 1749 848 1809 Sancti

71 1851 172 1926 nngeli
199 1851 241 1912 de
265 1851 388 1927 Campo
412 1847 532 1918 Mollis,
562 1862 582 1907 a
607 1844 791 1907 venerabili
814 1847 847 1904 S.

72 1948 159 2010 tratre
177 1948 291 2009 nostro
310 1960 512 2012 concessam,
526 1944 612 2006 sicut
624 1957 697 2005 earn
706 1944 796 2018 juste
810 1957 850 2003 ec

72 2046 192 2121 pacitlce
202 2043 380 2122 possidetis
395 2044 428 2105 et
440 2043 473 2104 in
486 2042 705 2104 instrumento
717 2039 849 2117 publico

71 2142 176 2204 exinde
198 2141 349 2204 contecto
373 2139 505 2218 plenius
519 2139 723 2207 continetur,
742 2135 847 2207 vobis,

72 2241 99 2300 el
121 2255 175 2316 per
200 2253 259 2300 vos
289 2238 397 2300 eidem
425 2237 628 2298 monasterio
652 2233 850 2306 auctoritate

71 2337 243 2413 Apostolicn
261 2337 509 2402 confirmamus,
532 2331 706 2410 praesentis
732 2331 848 2407 scripti

72 2431 502 2509 petrociniooommunimus.
513 2431 561 2492 nd
570 2431 730 2506 majorem
739 2429 849 2490 autem

72 2531 265 2602 evidentiam,
280 2533 429 2590 tenorem
454 2529 561 2605 ipsius
582 2525 793 2588 instrumenti
809 2525 851 2587 de

73 2628 160 2688 verbo
170 2629 209 2688 ad
224 2627 363 2688 verbum
377 2626 455 2688 huic
465 2627 587 2687 nostrae
603 2623 733 2702 paginae
746 2623 849 2684 duxi-

74 2741 135 2785 mus
148 2724 371 2787 inserendum.

106 2822 289 2884 innomine
311 2820 579 2884 Dominillmen.
602 2821 700 2880 Anno
719 2817 849 2880 Domini

75 2921 148 2992 1203,
164 2921 277 2983 indict.
294 2921 350 2991 Vl,
370 2917 582 2996 pontificatus
606 2919 645 2978 D.
665 2915 849 2978 Innocentii

74 3032 153 3093 pape
167 3019 209 3080 lll
230 3032 320 3080 anno
336 3018 391 3088 vl,
405 3030 518 3077 mense
538 3013 670 3089 augusti
686 3013 740 3075 die
760 3013 780 3072 5
794 3028 852 3073 as-

74 3115 161 3176 tente.
184 3117 263 3178 Cum
288 3117 367 3192 jure
388 3112 430 3174 sit
451 3110 596 3174 naturali
622 3110 847 3183 adinventum,

73 3211 202 3282 gentium
223 3226 263 3272 ac
283 3209 378 3272 civili
397 3208 656 3284 comprobatum,
674 3206 851 3268 universa-

75 3306 138 3368 liter
159 3307 349 3384 hujusmodi
379 3305 575 3378 subuenir03
601 3303 704 3366 multo
730 3303 851 3380 quippe

74 3405 219 3481 ernpliore
244 3405 372 3466 bonore
400 3404 478 3464 sunt
500 3401 605 3478 digni,
628 3405 661 3464 et
684 3400 849 3463 uberioris

74 3503 208 3566 culeus
224 3501 410 3564 uisceribus
421 3499 654 3576 amplectendi,
672 3500 741 3576 qui,
753 3502 849 3576 juxta

74 3600 249 3676 euangelica
266 3597 614 3677 proeoepta,mundum
626 3611 701 3656 curn
718 3595 852 3662 blandi-

74 3696 430 3769 dissimulationibus
451 3696 533 3758 suis,
543 3695 749 3771 spernentes,
763 3695 850 3756 soli-

75 3793 131 3856 Deo
145 3796 273 3871 placere
292 3795 496 3866 desiderant,
510 3808 644 3854 carnem
660 3807 754 3853 suam
775 3805 850 3853 cnm

76 3889 199 3963 uitiiset
208 3892 490 3969 concupiscentiis
503 3890 747 3965 crucifigentes,
755 3889 789 3950 in
796 3892 851 3966 je·

73 3988 162 4060 juniis
175 3993 207 4052 et
220 3991 347 4068 uigiliis
363 3989 487 4061 multis,
505 3988 540 4048 in
556 3985 762 4050 orationibus
777 3985 850 4046 sine

76 4082 304 4150 intermissione
331 4085 464 4156 habitis,
495 4088 528 4146 et
550 4085 587 4146 in
615 4084 756 4146 caritate
783 4099 848 4145 non

76 4179 277 4246 prunorum
292 4186 402 4246 autem
419 4182 621 4250 habitacula,
633 4181 850 4243 sacratissimi

76 4275 275 4355 imperatores
285 4282 400 4344 domos
414 4281 589 4355 religiosas
599 4281 767 4350 vocantes,
780 4279 852 4356 ple-

76 4374 142 4438 nius
159 4378 360 4442 adornarunt
381 4377 578 4455 privilegiis
595 4375 850 4452 magnificentiis

76 4468 207 4538 ditarunt
229 4473 426 4548 innumeris,
446 4474 600 4536 ardorem
627 4475 708 4538 tides
735 4489 850 4536 eorum

77 4572 332 4646 considerantes,
352 4575 387 4636 et
419 4572 563 4653 qualiter
596 4571 650 4632 die
686 4573 860 4650 noctuque

78 4666 165 4732 Deum
177 4687 234 4746 pro
246 4671 399 4736 fidelihus
415 4669 629 4747 interpellare
642 4685 708 4732 non
721 4671 852 4730 cessant

77 4765 278 4832 attendentes.
294 4771 367 4845 Ego
382 4768 494 4846 inque
519 4767 653 4828 Simeon
668 4766 727 4828 Dei
742 4767 851 4844 gretia

677 425 906 486 EPISTOLAE.
930 425 1007 484 LIB.
1032 423 1070 484 V.
1149 457 1150 460 κ

1524 469 1527 477 ,
1634 417 1693 482 526

898 583 1038 646 uebatur
1059 582 1215 658 obnoxia,
1228 585 1260 646 et
1274 582 1547 660 dilapidationem
1564 578 1689 658 praela-

898 683 1007 744 torum
1017 682 1139 749 ternod
1155 682 1298 742 nibilum
1313 681 1459 752 redacta,
1475 695 1564 739 nunc
1580 679 1689 739 autem

899 779 1018 851 studio,
1027 781 1060 842 ei
1072 795 1133 856 ope
1142 794 1215 840 ven.
1231 781 1268 840 D.
1280 779 1416 840 Jordani
1431 779 1463 837 S.
1475 775 1691 836 pudentianae

899 876 1007 953 presb.
1024 876 1114 937 card.
1136 876 1185 937 tit.
1208 875 1350 952 pastoris
1371 874 1406 934 in
1434 872 1598 947 integrum
1620 885 1694 930 res-

897 973 1006 1044 tituta,
1037 973 1150 1049 longe,
1179 973 1311 1050 lateque
1339 971 1440 1033 ditior
1467 969 1601 1040 effecta,
1633 983 1692 1044 pro

899 1086 1012 1134 amore
1036 1070 1107 1141 Dei,
1131 1085 1170 1130 ac
1194 1069 1392 1140 reverentia,
1408 1083 1508 1144 supra
1531 1064 1693 1127 nominati

900 1169 993 1229 Doro.
1009 1167 1145 1230 Jordani
1170 1183 1245 1228 ven.
1263 1164 1371 1244 presb.
1389 1163 1479 1226 card.
1505 1163 1691 1232 ethonore,

900 1281 939 1326 ac
962 1264 1136 1326 devotione
1158 1265 1261 1325 totius
1288 1264 1469 1324 conventus
1491 1261 1597 1338 ipsius
1622 1275 1694 1319 mo-

900 1361 1052 1430 nasterii,
1078 1377 1242 1422 consensu
1266 1360 1475 1421 Gerontionis
1504 1357 1694 1434 archipres-

900 1458 1008 1536 byteri
1036 1457 1306 1531 TerracinensiS,
1337 1456 1489 1533 magistri
1520 1453 1692 1531 Stephani,

902 1555 1053 1617 Foderioi
1094 1555 1265 1628 sacristae,
1313 1554 1498 1633 presbyteri
1542 1551 1693 1620 Nicolai,

901 1653 1063 1715 iohannis
1078 1652 1254 1714 Schinerdi
1274 1651 1407 1714 diaconi
1429 1650 1535 1728 ipsius
1557 1647 1693 1726 capituli

901 1750 1163 1821 Tarracinensis,
1175 1748 1697 1825 concedoinperpetuumsupra-

902 1846 1327 1908 dictomonesterioFossee
1338 1844 1697 1916 Novae‚l'ratremGres·

902 1943 1047 2006 centium
1076 1944 1181 2021 ipsius
1210 1941 1406 2004 monasterii
1432 1929 1645 2004 cellerarium
1665 1943 1697 2000 et

903 2041 1064 2104 canonice
1087 2041 1279 2102 monasterii
1307 2039 1489 2100 investiens
1512 2036 1693 2105 hocmodo,

903 2140 1076 2216 quatemus
1100 2139 1135 2199 in
1162 2137 1351 2214 supradicta
1370 2135 1511 2198 ecclesia
1528 2137 1559 2195 S.
1578 2135 1696 2212 Angeli

903 2251 1034 2314 semper
1044 2236 1109 2298 duo
1124 2234 1239 2296 clerici
1252 2235 1432 2296 saeculares
1447 2233 1625 2304 resideant,
1640 2233 1696 2308 qui

903 2349 968 2395 non
1004 2335 1159 2396 desinant
1185 2333 1232 2395 ibi
1260 2331 1372 2394 divine
1407 2331 1578 2392 celebrare
1605 2346 1696 2406 mys-

902 2432 999 2503 teria,
1026 2447 1166 2510 quorum
1189 2445 1274 2492 unus
1296 2429 1340 2492 sit
1361 2429 1527 2500 sacerdos,
1554 2429 1589 2489 et
1607 2427 1694 2488 alius

902 2529 1040 2591 alterius
1063 2527 1190 2589 ordinis
1205 2527 1357 2600 clericus,
1375 2525 1537 2588 relambo
1553 2526 1621 2586 sint
1636 2541 1696 2586 sa-

903 2626 1066 2699 cerdotes,
1083 2626 1139 2704 qui
1165 2625 1257 2698 mihi,
1275 2623 1588 2700 successoribusque
1614 2623 1697 2683 meis

903 2723 1153 2786 Tarracinensis
1171 2723 1323 2784 ecclesiae
1343 2721 1507 2798 episcopis
1527 2720 1568 2780 de
1585 2719 1696 2780 oillei-

904 2821 956 2882 nis
983 2821 1064 2893 suis,
1090 2820 1178 2881 sicut
1205 2819 1274 2880 suis
1305 2819 1470 2896 episcopis
1493 2817 1696 2894 respondere

901 2918 1089 2979 teneantur.
1102 2917 1150 2979 Ad
1166 2916 1248 2988 haec,
1262 2915 1420 2994 praedicta
1442 2914 1582 2976 ecclesia
1605 2913 1696 2976 nullo

903 3015 1051 3093 tempore
1080 3014 1114 3075 in
1141 3014 1281 3076 formam
1309 3012 1464 3088 orangiae
1490 3011 1693 3082 instituetur,

903 3111 989 3174 idest
1004 3128 1046 3174 ne
1060 3111 1182 3173 eclesia
1198 3111 1319 3173 exinde
1334 3109 1543 3182 destituatur,
1561 3110 1618 3171 aut
1632 3109 1697 3171 duo

904 3209 971 3272 sint
985 3207 1109 3281 clerici,
1133 3207 1188 3288 qui
1213 3207 1270 3281 ibi,
1285 3209 1372 3269 siout
1391 3199 1616 3285 supradictum
1634 3206 1695 3278 est,

903 3309 1017 3370 divina
1032 3305 1200 3370 celebrent
1215 3306 1431 3384 mysteria,et
1441 3305 1531 3368 omni
1545 3321 1645 3378 anno,
1663 3304 1697 3366 in

902 3406 987 3472 testo
1003 3409 1037 3468 S.
1051 3404 1453 3478 Gaesarii,m0nasierium
1468 3406 1581 3465 Fossae
1594 3405 1697 3465 Novae

904 3506 1010 3568 solvet
1024 3505 1158 3567 nomine
1170 3519 1290 3565 census
1308 3518 1369 3580 pro
1384 3502 1540 3580 praedicta
1553 3501 1697 3563 ecclesia

905 3605 938 3665 S.
958 3602 1077 3678 Angeli
1104 3603 1260 3678 episcopo
1291 3601 1525 3662 Tarracinensi
1552 3613 1699 3660 marcam

903 3717 1007 3763 unam
1024 3701 1100 3778 puri
1121 3698 1261 3775 argenti,
1279 3699 1387 3759 senio
1399 3697 1522 3759 solidos
1536 3697 1692 3774 praebisi-

904 3814 1022 3874 norum
1042 3799 1190 3859 veterum
1212 3795 1253 3857 de
1268 3795 1360 3856 ilore.
1378 3796 1422 3856 Ut
1441 3795 1551 3856 autem
1572 3791 1695 3870 supri-

904 3896 1027 3973 scripta
1050 3894 1208 3973 perpetua
1223 3891 1403 3955 stabilitate
1417 3862 1610 3962 serventur,‘
1619 3889 1699 3967 pro-

903 3992 1006 4055 missa
1032 3994 1109 4054 sunt
1132 3992 1173 4052 ab
1190 3994 1329 4068 utraque
1341 3990 1436 4067 parte
1452 3989 1488 4049 in
1502 3990 1696 4066 perpetuum

904 4091 1000 4152 firma
1015 4089 1155 4152 servari.

943 4190 985 4254 Hi
999 4190 1075 4255 sunt
1089 4185 1197 4268 rogati
1205 4186 1310 4248 ,testes
1327 4206 1335 4245 ε

942 4289 961 4350 J
964 4287 1109 4348 crdanus
1120 4284 1270 4361 Caporiae
1286 4282 1551 4355 oivisromanus,
1565 4281 1670 4345 testis.

944 4383 1129 4447 Rainaldus
1143 4379 1277 4459 Piperni
1286 4381 1402 4458 judex,
1415 4380 1520 4442 testis.

944 4480 1136 4543 Leonardus
1151 4477 1542 4550 advocatus'l'erracinae,
1558 4477 1664 4541 testis.

944 4579 1126 4644 Mattheus·
1143 4577 1183 4640 in
1193 4575 1325 4639 erbaldi
1338 4575 1422 4638 civis
1432 4575 1696 4649 Tarracinensis,

905 4677 1010 4740 testis.

946 4772 1161 4850 nandulpnus
1173 4771 1262 4836 Petri
1276 4771 1316 4834 de
1330 4770 1499 4836 Rainnldo-
1508 4769 1592 4834 cinis
1608 4773 1699 4834 Seti-

77 4859 309 4928 lerracinensis
321 4866 507 4944 episcopus,
524 4865 734 4941 conspiciens
749 4863 783 4926 iu
798 4879 862 4925 ve
905 4888 979 4944 nus,
990 4870 1100 4933 testis.

79 4959 202 5023 serebili
227 4964 430 5026 monasterio
459 4964 570 5024 Fossae
596 4963 700 5025 Norae
720 4977 851 5026 omnem

79 5050 278 5132 honestatem,
294 5073 498 5137 omnemque·
509 5058 710 5135 religionem
725 5059 855 5135 vigere,

79 5147 233 5232 ¹bustumque
243 5157 481 5224 monasterium
495 5156 582 5218 inter
592 5159 722 5220 cetera
728 5157 854 5218 cister

79 5247 185 5314 clausis
214 5255 346 5318 ordinis.
364 5254 515 5317 coenobis
537 5253 724 5330 celebrare3
751 5253 852 5316 habui

80 5347 236 5414 ecclesiam
253 5354 364 5420 Sancti
388 5353 506 5430 Angeli
526 5353 566 5414 de
586 5354 709 5430 (tempo
729 5354 850 5426 Mellis,

80 5457 152 5516 pile,
167 5447 241 5512 lieet
262 5451 427 5528 qnondam
453 5450 718 5528 possessionibus
743 5451 852 5528 srnpla

82 5537 177 5616 tuerit,
191 5563 246 5624 per
267 5550 533 5626 suppressionem
558 5549 669 5610 temen
696 5550 855 5626 petrono-

83 5650 154 5710 1'1un.
167 5645 281 5724 qubus
303 5646 363 5712 surb
385 5645 852 5724 grauibusexactionibuste-

945 4965 1268 5034 Ricardusnlberlci
1279 4965 1325 5028 de
1334 4965 1535 5038 Monticello,
1552 4966 1656 5029 testis.

946 5069 1013 5144 Ego
1036 5064 1293 5137 Rcbertinns,.S.
1311 5066 1350 5127 R.
1368 5067 1403 5126 Ε.
1419 5064 1535 5142 judex,
1551 5064 1583 5125 et
1600 5065 1699 5124 nota-

905 5165 976 5226 rius
990 5162 1287 5241 rogatusinterlui,
1304 5163 1338 5225 et
1350 5161 1541 5239 supradicta
1554 5160 1699 5224 fideliter
1792 5205 1793 5210 η

906 5277 1039 5339 scripsi.

945 5358 1038 5422 Nulli
1047 5371 1138 5435 ergo,
1147 5359 1354 5430 etc.,n0strae
1363 5355 1626 5418 confirmationis
1638 5372 1700 5434 pa·

906 5456 1225 5534 gisam-intringere.
1241 5455 1276 5515 Si
1287 5454 1361 5532 quis
1371 5455 1494 5526 autem,
1506 5458 1569 5516 etc.
1582 5445 1700 5517 Datum

907 5555 992 5632 apud
1010 5553 1132 5615 Urbem
1155 5553 1358 5622 Veterem,ll
1374 5567 1479 5613 nonas
1492 5551 1699 5630 septembris,

908 5650 1119 5728 pontificatus
1131 5647 1236 5710 nostri
1247 5662 1336 5707 anno
1348 5646 1473 5726 quinto.
