3988 6306
97 375 152 446 '193
706 371 934 439 EPISTOLAE.
958 375 1035 434 LlB.
1061 375 1116 434 111.
1664 373 1721 430 194

87 541 193 604 utatin
215 537 380 601 ullatenus
401 535 586 612 deauratis;
606 551 667 598 nec
687 536 776 597 ullus
789 534 871 596 obe·
925 534 1027 596 ventu
1042 533 1224 604 morentur,
1247 531 1294 594 ita
1315 530 1401 609 quod
1427 529 1518 592 nulla
1534 529 1720 592 obedientia

87 631 873 710 dientialismouasteriinumerumduarumequi·
927 631 1152 694 committatur
1174 629 1312 701 eisdem,
1342 629 1448 690 donec
1470 627 1722 688 emendaverint
1801 651 1802 656 ¹

86 737 270 804 taturarum,
288 735 322 794 et
333 731 471 794 totidem
487 731 702 793 servientium
721 729 870 793 excedat.
927 729 962 788 in
975 727 1095 789 melius
1109 727 1212 789 vitam
1228 741 1336 788 suam.

88 833 186 892 Porro
195 829 305 900 abbas,
319 837 393 892 cuin
404 845 465 906 pro
473 827 719 905 emergentibus
731 827 872 903 negotiis
967 825 1051 897 Quia
1069 839 1149 886 vero
1165 823 1298 900 quidam
1316 840 1358 884 ex
1372 822 1466 884 vobis
1482 823 1516 883 in
1534 821 1719 883 animarum

85 927 358 1004 equitabit,ducat
371 925 575 987 moderatam
585 924 757 994 familiam,
771 925 803 986 et
818 924 874 983 luo·
928 937 1063 982 suarum
1097 920 1277 997 perniciem
1308 919 1431 982 babere
1459 922 1629 998 proprium
1655 935 1722 981 non

87 1029 217 1096 nasum,
237 1024 270 1086 et
288 1025 357 1085 tam
374 1021 460 1099 apud
485 1023 641 1083 Sanctum
661 1023 871 1091 Germanum,
928 1021 1096 1090 verentur,
1122 1019 1308 1090 statuimus,
1333 1021 1370 1079 ut
1395 1017 1476 1077 illud
1497 1018 1672 1092 resignare
1686 1017 1721 1078 in

85 1136 177 1198 quam
190 1120 274 1196 apud
291 1118 360 1180 alia
381 1119 577 1180 monasterii
599 1119 719 1190 castra,
744 1117 780 1178 in
799 1117 875 1194 qui·
928 1131 1007 1177 usus
1017 1115 1210 1176 monasterii
1224 1114 1550 1177 convertendumsub
1559 1115 1721 1190 religione

84 1215 143 1278 bus
156 1218 261 1294 ipsum
282 1231 420 1278 manere
435 1216 614 1291 continget,
633 1215 702 1277 tres
726 1215 785 1276 aut
809 1213 874 1275 duo
925 1214 1118 1290 jnramenti,
1140 1213 1168 1273 si
1184 1229 1321 1274 necesse
1342 1211 1451 1284 fuerit,
1469 1213 1720 1289 compellantur,

84 1312 261 1375 senioribus
276 1313 449 1374 monacbis
469 1313 548 1373 vitae
561 1309 719 1387 probatae‚
735 1310 876 1387 religio-
929 1310 1014 1371 etsi
1037 1310 1078 1371 de
1102 1311 1222 1372 caetero
1246 1309 1367 1387 aliquis
1390 1309 1496 1386 ipsius
1519 1308 1584 1371 loci
1603 1325 1722 1371 mona-

85 1411 146 1481 uis,
161 1410 193 1471 et
205 1409 314 1481 iamae,
332 1424 463 1485 semper
474 1409 510 1468 in
523 1424 588 1470 una
599 1407 876 1484 camerajaceant
929 1407 1011 1469 chus
1033 1407 1203 1485 proprium
1224 1406 1349 1468 habere
1366 1405 1467 1468 fuerit
1484 1406 1720 1484 deprehensus

81 1523 152 1566 cum
163 1506 292 1578 eodem,
309 1507 388 1567 aliis
402 1504 585 1577 monachis,
601 1506 658 1582 qni
671 1521 782 1566 secum
802 1504 876 1566 tue-
929 1505 1002 1565 sine
1020 1519 1077 1581 spe
1091 1503 1312 1566 restitutionis
1327 1519 1347 1564 a
1362 1503 1564 1565 monasterio
1575 1504 1725 1580 expella-

82 1604 156 1674 rint,
167 1604 277 1664 inuno
291 1603 368 1664 loco
380 1602 625 1664 comedentibus
633 1603 666 1663 et
674 1601 872 1678 jacentibus,
928 1602 984 1662 tur
999 1623 1007 1663 ε
1024 1618 1098 1663 cum
1113 1617 1174 1663 nos
1189 1617 1304 1663 omnes
1318 1600 1509 1678 hujusmodi
1529 1602 1721 1678 proprieta-

82 1700 127 1760 ita
136 1699 218 1776 qued
232 1699 349 1760 nullus
369 1715 536 1761 cameram
551 1699 672 1762 babeat
683 1698 873 1776 specialem,
929 1699 997 1760 rios
1019 1699 1265 1760 decreverimus
1279 1698 1632 1760 excommunicationis
1645 1714 1725 1759 sen-

82 1796 171 1857 utsic
182 1796 298 1858 melius
309 1795 872 1868 Sathanaeobvietur,obstruantur.
929 1795 1040 1858 tentiae
1058 1795 1242 1874 subjacere.
1267 1797 1302 1856 Si
1323 1811 1403 1857 vero
1427 1795 1514 1873 apud
1536 1795 1665 1873 aliquos
1689 1796 1723 1856 in

119 1893 270 1954 Monachi
291 1894 423 1980 veroin
438 1893 640 1955 monasterio
655 1893 874 1956 consistentes
929 1894 1034 1954 morte
1055 1893 1225 1969 proprium
1250 1893 1427 1969 contigerit
1441 1894 1597 1967 inveniri,
1617 1894 1726 1955 eccle-

80 1989 145 2049 tam
162 1987 412 2060 obedientiales,
435 2005 534 2067 quam
560 1989 620 2050 alii
646 1989 681 2049 in
708 1988 875 2050 communi
929 1989 1064 2052 siastioa
1077 1992 1213 2052 careant
1223 1990 1403 2068 sepultura.
1414 1992 1613 2052 caeterumsi
1623 1991 1724 2052 alicui

78 2085 272 2146 dormitorio
299 2087 460 2163 jaceant,
495 2089 529 2147 et
559 2086 726 2148 communi
759 2101 873 2148 come·
929 2087 1166 2149 monachorum
1187 2087 1311 2165 aliquid
1332 2104 1573 2166 aquocumque
1595 2091 1725 2165 specia-

79 2182 157 2244 dant
172 2180 358 2254 refectorio,
382 2197 444 2244 uec
463 2183 638 2260 quisquam
651 2183 785 2244 illorum
800 2183 875 2244 obe·
929 2185 1006 2247 liter
1026 2184 1137 2247 datum
1158 2185 1267 2256 luerit,
1287 2184 1367 2270 illud
1384 2182 1506 2256 abbati,
1531 2186 1583 2246 vel
1599 2186 1723 2249 decano

79 2278 662 2356 dientialium,autaliussuperiorin
672 2279 874 2342 monasterio
927 2283 1085 2359 resignet,
1096 2283 1153 2343 sed
1164 2282 1235 2359 ipse
1250 2281 1362 2353 abbas,
1379 2281 1432 2343 vel
1448 2282 1593 2343 decanus
1608 2299 1725 2346 neces-

79 2376 260 2438 servientes
288 2376 410 2438 habeat
433 2377 608 2454 speciales,
628 2393 691 2439 nec
715 2377 873 2454 specialia
929 2379 1082 2441 sitatibus
1103 2383 1176 2458 ejus
1199 2378 1276 2440 inde
1304 2379 1405 2441 faciat
1430 2379 1615 2458 provideri,
1639 2383 1725 2444 sicut

79 2472 141 2534 sibi
155 2471 257 2534 iaciat
268 2472 394 2535 fercula
406 2474 600 2551 praeparari,
613 2474 671 2536 sed
684 2490 797 2536 omnes
806 2475 875 2552 pul·
928 2477 1050 2539 viderit
1063 2476 1232 2554 expedire,
1248 2492 1374 2550 necea,
1388 2493 1462 2555 quae
1474 2477 1553 2540 sunt
1565 2477 1605 2539 ad
1620 2477 1724 2542 retec-

77 2570 202 2631 mentis
217 2571 352 2632 utantur
370 2569 613 2640 communibus,
629 2571 770 2633 infirmis
785 2570 873 2632 dun·
927 2575 1036 2637 tiones
1047 2575 1104 2638 aut
1114 2576 1233 2646 vestes,
1249 2590 1308 2636 seu
1318 2576 1721 2652 conserventurperillcs,

78 2667 176 2728 taxat
186 2667 344 2745 exceptis,
361 2668 417 2746 qui
441 2670 474 2733 et
491 2669 557 2748 ipsi
579 2685 693 2734 omnes
715 2668 815 2732 simul
839 2669 873 2731 in
929 2671 1048 2751 quibus
1065 2672 1166 2754 luerit
1187 2672 1258 2734 haec
1273 2671 1462 2733 sollicitudo
1485 2673 1671 2746 commissa,
1691 2680 1724 2736 et

80 2763 299 2827 infirmatorio
309 2767 494 2841 comedant,
506 2767 572 2829 nisi
583 2767 708 2837 forsan,
717 2769 874 2845 quitanta
928 2786 988 2850 pro
1018 2769 1166 2848 ipsorum
1198 2769 1437 2832 monachorum
1470 2771 1723 2834 necessitatibus

78 2859 248 2923 debilitate
268 2861 432 2955 laborant,
454 2865 491 2928 ut
512 2879 557 2926 ex
580 2865 674 2928 lectis
703 2865 874 2928 discedere
928 2868 1055 2931 utiliter
1064 2865 1303 2946 expendantur.

77 2957 435 3022 sinediiflcultatenon
450 2961 598 3038 possint:
613 2962 873 3038 ειὼῄηῇνωενίο
968 2967 1037 3030 Nec
1059 2967 1286 3030 claustralium
1306 2965 1428 3044 aliquis
1445 2967 1652 3045 praebendas,
1668 2971 1720 3031 vel
1774 3021 1776 3024 .

78 3057 190 3115 autem
204 3055 291 3116 alius
304 3057 471 3119 statuatur
481 3059 664 3120 monachus
679 3059 775 3121 bonas
785 3077 873 3124 con·
928 3065 1075 3136 redditus
1090 3065 1211 3128 habeat
1225 3066 1320 3126 extra
1333 3065 1528 3140 claustrum,
1542 3066 1575 3126 et
1590 3066 1650 3134 eis,
1665 3067 1722 3144 qui

77 3151 291 3223 versationis,
305 3154 358 3215 vel
374 3153 492 3223 laicus,
508 3155 566 3232 qui
580 3156 748 3219 assiduam
770 3158 804 3219 in
820 3157 874 3220 in·
928 3163 1109 3224 noscuntur
1127 3162 1261 3234 habere,
1285 3163 1416 3240 penitus
1433 3161 1637 3235 auferantur,
1664 3165 1724 3225 de-

76 3247 261 3310 iirmatorio
275 3247 403 3311 iaciens
419 3251 634 3314 residentiam
649 3255 714 3328 die,
728 3269 767 3316 ac
777 3257 873 3317 nocte
928 3275 1032 3322 canus
1055 3271 1184 3338 quoque
1198 3259 1323 3320 habere
1345 3259 1490 3336 duplicia
1509 3260 1719 3335 vestimenta,

76 3343 284 3406 intirmorum
306 3347 525 3422 singulorum,
541 3350 574 3410 et
592 3352 739 3411 omnium
759 3367 873 3414 curam
928 3357 961 3420 et
975 3357 1132 3434 specialia
1152 3356 1279 3420 cibaria
1295 3373 1361 3418 non
1376 3360 1565 3434 praesumat,
1590 3361 1623 3420 et
1645 3375 1721 3420 mo-

75 3443 172 3516 gerat
186 3463 195 3501 :
210 3441 375 3519 hospitale
386 3460 516 3522 quoquo
530 3447 694 3509 restitutis
713 3445 777 3509 sibi
796 3465 873 3510 om·
928 3453 1054 3515 nachus
1073 3456 1188 3516 vetera
1203 3448 1330 3526 reddat,
1348 3454 1621 3532 quandocumque
1635 3473 1720 3518 nova

74 3537 175 3598 nibus
198 3539 375 3602 subtractis
388 3542 507 3614 eidem,
527 3543 640 3607 taliter
660 3543 870 3619 reformetur,
927 3552 1090 3629 receperit
1105 3551 1309 3613 indumenta.
1592 3605 1595 3612 .

73 3637 109 3696 ut
119 3635 258 3708 infirmi,
270 3639 306 3698 et
320 3654 484 3716 pauperes
496 3641 725 3717 confugientes
738 3643 779 3704 ad
790 3643 871 3705 illud
966 3651 1006 3711 nt
1022 3665 1096 3710 cum
1115 3648 1202 3726 apud
1213 3651 1349 3726 vosjam
1359 3650 1455 3727 quasi
1468 3665 1528 3728 pro
1541 3654 1722 3714 consuetu-

74 3728 194 3794 solatia
207 3733 255 3793 ibi
271 3735 434 3811 recipiant
446 3741 619 3814 consueta;
641 3739 702 3800 sub
716 3739 872 3817 hospita·
926 3744 1003 3807 dine
1022 3744 1145 3807 dicitur
1169 3745 1331 3819 obtinere,
1359 3747 1394 3808 ut
1419 3763 1493 3810 cum
1520 3749 1720 3811 monachum

74 3827 159 3890 lario
183 3829 402 3893 nibilominus
421 3833 489 3896 alio
511 3834 685 3906 monacho,
712 3837 765 3898 vel
791 3839 873 3899 reli·
926 3843 1071 3920 aliquem
1085 3843 1320 3918 irreligiosum,
1341 3844 1400 3904 aut
1413 3845 1595 3919 garrulum,
1611 3845 1722 3908 inobe·
1818 3890 1822 3896 -

74 3927 167 4001 giosc
176 3927 266 3988 laico
275 3929 464 4002 constituto,
480 3930 534 4008 qui
549 3931 589 3992 de
602 3931 656 3993 die
666 3934 702 3994 in
713 3933 871 4012 hospitali
926 3940 1082 4014 dientem,
1107 3940 1289 4003 autetiam
1318 3940 1520 4018 impudicum
1549 3943 1584 4002 in
1609 3947 1720 4006 vestro

73 4039 282 4099 permanens,
294 4028 328 4088 et
344 4025 385 4088 de
400 4029 496 4090 nocte
510 4027 653 4092 fideliter
666 4032 870 4108 pauperibus
925 4037 1063 4114 contigit
1075 4037 1214 4114 collegio
1231 4038 1393 4110 invenire,
1419 4036 1521 4100 abhas
1540 4042 1612 4118 ejus
1632 4041 1723 4103 sedi-

74 4120 293 4184 administnet
925 4135 1032 4197 tiones
1048 4135 1176 4198 avitam
1186 4134 1403 4208 obedientias,
1421 4137 1591 4210 ecclesias
1606 4139 1639 4200 et
1653 4139 1721 4202 alia
1768 4179 1772 4187 ·

111 4219 286 4280 Monachis
312 4237 393 4284 vero
419 4222 561 4287 aliorum
592 4227 870 4290 monasteriorum
925 4231 1010 4294 bena
1023 4233 1217 4295 monasterii
1227 4233 1282 4294 det
1293 4232 1428 4305 eisdem,
1438 4234 1523 4294 unde
1533 4235 1613 4296 mali
1624 4237 1721 4313 quasi

73 4329 148 4375 cum
168 4315 210 4375 ad
224 4317 337 4393 ipsum
358 4323 597 4384 monasterium
617 4323 868 4397 declinaverint,
925 4323 1036 4391 desua
1052 4329 1180 4394 malitia
1194 4329 1401 4392 commodum
1416 4329 1622 4408 reportantes
1637 4349 1718 4410 pro-

73 4408 215 4486 benigne
227 4413 315 4476 sicut
329 4415 434 4492 ipsius
448 4419 683 4490 locitratribus
694 4422 869 4484 ministre·
924 4426 1091 4500 labuntur,
1113 4429 1235 4506 saepius
1260 4427 1301 4488 ad
1323 4429 1448 4505 pejora,
1464 4423 1500 4489 'et
1518 4428 1576 4488 alii
1589 4445 1719 4508 quoque

74 4511 136 4567 tur.
153 4511 190 4569 ln
206 4511 374 4586 superiori
397 4515 498 4576 etiam
512 4517 666 4580 sacristia
687 4520 871 4582 constitua·
924 4523 965 4584 ad
976 4524 1211 4595 dissensiones,
1225 4525 1257 4585 et
1271 4522 1427 4584 scandala
1443 4525 1643 4600 incitantur;
1658 4544 1720 4590 vo·

72 4607 127 4664 tur
138 4603 262 4683 aliquis
277 4610 459 4672 monachus
472 4615 641 4689 providus,
657 4616 690 4676 et
698 4615 867 4689 honestus,
923 4618 1032 4679 lumus
1047 4622 1080 4682 et
1098 4619 1304 4689 mandamus,
1321 4620 1356 4680 ut
1370 4615 1474 4680 abbas
1491 4621 1583 4682 viros
1602 4621 1720 4684 bones-

74 4701 128 4777 qui
139 4718 195 4764 res
207 4719 323 4767 sacras
334 4708 762 4788 custodiatdiligenter,neo
773 4729 792 4775 a
805 4713 870 4775 mi·
923 4715 985 4787 tos,
997 4716 1198 4788 obedientes,
1213 4716 1401 4792 religiosos,
1412 4719 1444 4779 et
1454 4733 1574 4794 graves
1587 4721 1718 4784 sincera

73 4799 212 4861 nister-io
239 4806 452 4866 removeatur
479 4808 684 4885 hujusmodi,
711 4811 868 4888 quamdiu
923 4811 1067 4876 tractare
1078 4814 1208 4875 studeat
1223 4813 1372 4876 caritate.
1392 4816 1428 4876 ln
1448 4815 1606 4880 honestos
1625 4836 1717 4894 vere,

72 4894 175 4968 bene,
197 4913 238 4959 ac
261 4899 478 4965 laudabiliter
502 4905 724 4984 ministrabit;
749 4923 866 4970 sacer·
922 4928 962 4973 ac
976 4909 1213 4982 inobedientes,
1230 4910 1409 4974 dissolutos
1424 4914 1457 4974 et
1469 4914 1559 4976 leves
1577 4932 1650 4977 cum
1667 4917 1719 4979 de-

72 4989 162 5054 dotes
176 4995 376 5060 ordinentur
389 4999 430 5060 de
450 5000 639 5065 senioribus
660 5003 701 5065 ad
717 5005 781 5068 boc
795 5005 869 5068 olli·
922 5009 1009 5080 cani,
1022 5009 1056 5069 et
1069 5007 1238 5069 seniorum
1258 5009 1399 5071 consilio
1414 5012 1514 5088 juxta
1533 5015 1717 5076 monastica

73 5089 157 5152 cium
182 5095 433 5170 exsequendum
461 5096 601 5172 ideneis,
618 5102 655 5163 ut
678 5118 744 5162 non
765 5103 809 5165 sit
831 5103 867 5164 in
921 5103 1038 5183 puniat
1048 5105 1211 5177 instituta,
1228 5107 1263 5167 ut
1281 5109 1330 5168 sic
1350 5106 1430 5168 boni
1443 5107 1483 5169 de
1495 5107 1581 5170 bono
1595 5126 1717 5186 provo-

72 5188 273 5250 monasterio
287 5193 439 5267 penuria,
454 5195 512 5255 sed
527 5197 622 5273 copia
643 5199 862 5261 sacerdotum.
922 5205 1037 5264 centur
1051 5201 1092 5263 ad
1104 5203 1236 5276 melius·
1250 5205 1284 5268 et
1299 5204 1377 5266 mali
1395 5221 1414 5266 a
1436 5221 1496 5266 sua
1513 5206 1640 5267 malitia
1662 5223 1717 5270 re-

72 5283 184 5346 Simon
199 5286 242 5347 de
254 5287 426 5362 collealto,
441 5294 588 5354 loannes
604 5295 644 5355 de
657 5295 863 5369 Collimeuto,
919 5302 1091 5362 vocentur.
1550 5341 1552 5344 ·

73 5383 166 5444 atilli
188 5384 290 5445 etiam
310 5388 477 5460 monachi,
502 5390 558 5466 qui
582 5394 866 5470 praesumpserunt
960 5396 1322 5460 Claustralibusautem
1339 5399 1463 5476 absque
1479 5400 1667 5477 manifesta,
1684 5409 1717 5468 et

71 5493 141 5540 cum
160 5481 320 5544 Adinulsc
342 5485 508 5562 quondam
530 5487 649 5554 abbate
670 5495 862 5569 conJurare;
919 5496 1111 5556 necessaria
1124 5495 1407 5557 causaexeundia
1423 5498 1714 5566 claustrolicentia

72 5576 120 5636 vel
141 5577 309 5640 rebellare
330 5585 447 5644 contra
467 5586 650 5647 Romanam
670 5585 862 5664 Ecclesiam,
919 5592 1108 5654 nullatenus
1131 5592 1308 5665 tribuatur,
1333 5609 1407 5655 cum
1430 5596 1656 5672 periculosum
1672 5603 1716 5663 sit

74 5687 127 5732 seu
139 5679 378 5740 monasterium
394 5681 591 5744 cassinense
600 5687 773 5763 semperin
784 5703 866 5748 con·
918 5689 1040 5752 talibus
1060 5679 1272 5752 saecularium
1286 5691 1425 5752 coetibus
1446 5692 1639 5771 admisceri3
1655 5714 1714 5760 nec

213 5821 327 5864 rumor.
348 5825 423 5867 rous
443 5813 492 5870 llt.
1558 5829 1572 5884 7
