3978 6292
908 361 1085 422 flosculi
1108 361 1153 422 111
1175 363 1324 425 OPERA.

640 547 728 636 LIV

287 689 338 750 Ati
349 690 530 749 tttttcersos
541 685 742 748 Atttioctzctti
751 684 1016 758 patriarchatus
1028 699 1084 746 ar·

297 863 304 870 .
325 783 981 860 arciepiscopus,episcoposcoetcroscuc
993 797 1083 856 pra·

325 879 487 962 mmm
578 957 613 1014 ta
628 969 695 1013 nov.
710 957 788 1017 tato.

324 1073 471 1144 [Raynaldi
483 1073 574 1124 Annul.
586 1071 730 1124 Ecclesiast.
742 1071 880 1122 adsunam
892 1073 962 1133 lits,
972 1076 983 1132 t
994 1072 1046 1136 ib]

217 1249 226 1262 ,
284 1188 354 1248 Cum
365 1181 648 1254 summtreverontia
659 1179 794 1240 custodiri
808 1179 1082 1240 debetaaoctissimu

590 1269 779 1329 Eucharistiu.

324 1373 503 1446 Honorius,
520 1373 583 1434 etc.
1048 1425 1050 1432 .

325 1475 405 1534 Cum
430 1471 509 1534 olim
532 1485 592 1532 vas
618 1484 757 1530 aureum
785 1481 907 1530 manna
934 1465 1080 1544 plenum,

285 1547 408 1632 Christi
424 1585 544 1646 corpus
562 1565 718 1628 deitatem
741 1565 913 1628 continens
926 1565 1084 1642 praetigu-

284 1683 376 1739 runS,
391 1667 425 1728 in
436 1680 515 1728 arca
526 1663 660 1725 ioederis
672 1678 755 1723 auro
768 1663 855 1728 tecta
868 1662 954 1724 inira
967 1664 1083 1724 saneta

285 1766 475 1830 sanctorum
495 1761 596 1824 tuerit
619 1747 832 1832 collocatum,
851 1761 887 1822 ut
904 1759 1027 1821 munde
1047 1759 1082 1820 in

283 1863 357 1925 loco
372 1859 556 1924 venerabili
577 1861 778 1931 servaretur,
802 1857 952 1919 dolemus
974 1857 1083 1934 pluri-

283 1977 385 2034 mum,
408 1961 441 2022 et
455 1958 637 2030 tristamur,
655 1957 742 2034 quod
757 1956 791 2016 in
812 1955 979 2034 plerisque
999 1971 1080 2034 pro·

282 2059 404 2120 vinciis
435 2055 624 2122 sacerdotes
660 2053 849 2144 sanctiones
882 2055 1081 2126 canonicas,

282 2157 350 2223 imo
379 2155 527 2216 divinum
544 2153 708 2230 iudicium
732 2152 990 2224 contemnentes
1021 2167 1080 2213 sa-

283 2271 374 2318 cram
396 2251 639 2314 Eucharistiam
663 2250 795 2311 incaute
822 2248 1022 2320 custodiunt,
1049 2249 1082 2312 et

282 2349 467 2422 immunde,
496 2365 535 2410 ac
558 2347 713 2410 indevote
734 2346 960 2418 contrectant,
985 2345 1080 2423 quasi

283 2465 346 2512 nec
359 2450 542 2510 creatorem
556 2445 707 2516 timeant,
724 2443 776 2505 vel
792 2445 1013 2506 recreatorem
1029 2444 1081 2504 di-

282 2547 400 2626 ligant,
427 2549 484 2608 aut
502 2541 650 2622 jndicem
674 2543 820 2603 omnium
846 2544 1078 2620 expavescant.

284 2647 478 2722 Quanquam
497 2639 674 2720 Apostolus
695 2639 891 2702 terribiliter
904 2639 1081 2701 commine-

282 2745 338 2824 tur
361 2739 526 2804 deteriora
548 2739 643 2801 illum
667 2737 789 2800 mereri
818 2736 993 2814 supplicia,
1024 2739 1080 2814 qui

283 2839 405 2904 Filium
429 2838 488 2899 Dei
509 2835 773 2908 conculcaverit,
806 2835 860 2896 vel
884 2835 1080 2912 sauguinem

284 2936 471 3018 testamenti
498 2935 659 3012 pollutum
687 2933 836 3005 duxerit,
863 2934 921 2996 aut
948 2931 1080 3010 spiritui

282 3023 1082 3114 gratiaecontumeliamteceril,quamtransgres-

284 3149 394 3196 sorem
416 3131 500 3208 legis
519 3131 686 3202 Mosaicae,
702 3129 758 3210 quii
779 3129 896 3192 mortis
916 3130 1080 3193 sententia

282 3229 497 3308 plectebatur.
953 3283 956 3290 .

322 3330 372 3389 Ne
400 3327 502 3402 igitur
531 3325 571 3388 de
600 3325 720 3388 caetero
756 3325 891 3404 propter
915 3323 1078 3388 incuriam

282 3425 491 3506 sacerdotum
511 3423 547 3484 in
562 3422 734 3486 indevotos
756 3423 869 3484 divina
893 3421 1080 3499 indignatio

282 3522 418 3599 gravius
445 3519 650 3590 exardescat,
678 3519 827 3581 districte
856 3519 1079 3598 praecipiendo

243 3649 259 3684 a
281 3620 476 3682 mandamus
495 3619 657 3696 quatenus
670 3633 690 3678 a
705 3616 932 3680 sacerdotibus
943 3617 1078 3678 Eucha-

280 3717 378 3800 ristia
405 3717 439 3778 in
464 3715 537 3780 loco
562 3715 740 3792 singulari,
763 3713 887 3781 mundo
909 3715 1020 3788 etiam,
1046 3719 1080 3777 et

280 3811 1077 3894 signatosemperhonoritioecollocata,devoto,

279 3929 319 3996 ac
332 3913 474 3976 fideliler
489 3912 714 3976 conservetur.
731 3909 891 3973 Sacerdos
906 3925 986 3972 vero
999 3909 1078 3988 qui-

279 4011 361 4072 libet
389 4010 578 4088 lrequeuter
607 4008 724 4072 doceat
751 4008 880 4085 plebem
908 4024 1015 4078 suam,
1044 4009 1081 4071 ut

280 4123 355 4190 curu
366 4107 400 4168 in
412 4091 634 4170 celebratione
645 4105 823 4166 missarum
836 4104 986 4166 elevatur
999 4105 1080 4168 hos-

279 4205 327 4268 tia
352 4198 521 4274 salutaris,
542 4201 682 4283 quilibet
709 4203 901 4264 reverenter
928 4202 1075 4276 inclinet,

279 4303 367 4366 idem
389 4302 526 4374 iaciens
551 4316 626 4362 oum
650 4301 756 4378 ipsam
777 4301 886 4378 portat
908 4301 1079 4378 presbyter

280 4403 322 4464 ad
343 4401 522 4468 infirmum.
550 4414 648 4476 quam
667 4399 702 4462 in
727 4397 856 4460 decenti
880 4397 997 4460 habitu
1016 4417 1077 4460 su-

279 4499 448 4578 perposito
470 4497 592 4560 mundo
608 4495 773 4559 velamine
795 4497 891 4567 ierat,
908 4497 942 4558 et
955 4496 1079 4560 reserat

279 4597 467 4668 manifeste,
492 4612 532 4659 ac
558 4595 741 4658 bolioridce
762 4597 840 4656 ante
860 4595 1077 4670 pectuscum

279 4695 370 4758 omni
393 4694 593 4764 reverentia,
610 4693 642 4754 et
663 4694 793 4760 timore,
814 4707 945 4770 semper
965 4694 1077 4755 tamen

279 4794 406 4874 lumine
427 4791 647 4871 praecedente,
674 4807 748 4852 cum
772 4791 817 4852 sit
842 4789 968 4852 candor
990 4791 1077 4854 lucis

280 4896 426 4961 aeternae,
451 4889 487 4952 ut
508 4905 551 4952 ex
576 4888 639 4953 hoc
668 4887 765 4966 apud¹
784 4904 897 4950 omnes
924 4887 1016 4961 tides,
1045 4891 1078 4952 et

277 4989 409 5053 devotio
420 4989 591 5072 augeatur.
603 4986 739 5048 I’raelati
751 4987 860 5048 autem
875 4986 973 5064 hujus
986 5003 1077 5048 man-

278 5089 347 5171 dati
357 5085 505 5165 graviter
519 5084 640 5164 punire
655 5100 722 5145 non
738 5081 895 5146 differunt
905 5087 1078 5160 trangres-

288 5259 293 5266 -
313 5222 353 5292 (l)
368 5218 451 5292 Apud
467 5214 644 5300 Raynaldum
657 5215 761 5287 legitur
772 5233 779 5272 :
790 5215 950 5298 Litterislli
960 5214 1073 5274 kalend.

278 5291 442 5350 nttvoutbris
457 5287 531 5346 daus
542 5287 577 5345 ad
590 5302 740 5344 universos
752 5285 942 5344 Atttlnocltetn
954 5290 1072 5358 patriar·

278 5357 380 5422 chatus
393 5359 637 5433 archiepiscopos,
653 5359 803 5430 episcopos
815 5365 989 5428 caeterosque
1002 5373 1073 5429 pre·

278 5437 356 5492 sulas
370 5447 451 5490 sacra
468 5447 518 5504 per
530 5445 581 5486 eos
595 5430 689 5486 tlteolo

1868 373 1917 432 352

1139 537 1242 594 sores,
1260 523 1289 583 si
1305 526 1339 585 at
1353 523 1418 600 ipsi
1437 521 1584 586 dlvlnam
1603 527 1637 586 et
1658 529 1804 588 nosuam
1818 528 1918 592 volunt

1139 619 1286 696 elingere
1303 618 1475 693 ultionem,
1490 637 1549 682 vos
1564 623 1675 684 auiam
1695 624 1745 684 sic
1762 621 1917 688 observari

1138 715 1270 780 faciatis
1282 718 1452 795 predicta,
1467 719 1552 796 quod
1568 734 1636 781 uon
1650 720 1840 782 efficiamini
1856 725 1918 784 vin-
1972 749 1973 786 t

1138 813 1233 876 dictae
1247 815 1437 892 participes,
1446 816 1504 877 sed
1514 832 1657 878 coronae„
1666 819 1783 880 Datum
1791 820 1917 887 viterbii

1137 913 1167 972 X
1180 911 1247 974 kal.
1263 913 1422 986 decemb,
1439 914 1586 992 pontific.
1603 916 1707 977 uosui
1722 931 1811 978 anno
1826 919 1874 978 lv.

1502 1065 1570 1154 LV

1137 1190 1188 1250 Ad
1202 1192 1485 1266 archiepiscopos,
1501 1193 1534 1254 et
1547 1193 1733 1268 episcopos,
1745 1155 1779 1256 ct
1791 1195 1918 1258 cataros

1327 1293 1550 1350 ecclesiaram
1567 1293 1741 1366 prauus.

1390 1403 1425 1460 23
1444 1402 1579 1461 novemb.
1601 1405 1699 1472 tata,

1168 1503 1310 1570 [biljegreu
1322 1507 1431 1558 svo-stt
1445 1507 1553 1572 diplom.
1569 1510 1589 1566 l,
1602 1509 1656 1568 202,
1669 1524 1695 1560 n.
1712 1510 1766 1562 lm.
1784 1511 1893 1562 limane
1973 1467 1974 1474 ἵ

1394 1588 1467 1640 Thes.
1480 1588 1569 1640 eumd.
1579 1589 1599 1648 l,
1612 1590 1679 1656 dib]

1138 1675 1187 1734 Eis
1206 1677 1342 1749 precipit,
1362 1684 1393 1734 ut
1412 1679 1575 1737 mactiones
1599 1679 1754 1738 muonicas
1775 1688 1805 1738 et
1826 1688 1915 1738 sumta

1172 1765 1288 1823 Concilii
1298 1766 1442 1839 generalis
1454 1776 1624 1826 conservent
1638 1776 1666 1826 et
1679 1769 1825 1828 asubditis
1838 1771 1917 1827 abac

1172 1855 1234 1912 vari
1261 1852 1381 1927 laciant3
1419 1863 1505 1930 atque
1540 1865 1570 1916 ut
1602 1867 1814 1924 sacramentum
1844 1875 1918 1916 sacra

1172 1941 1357 2004 Eucharistie
1372 1946 1515 2003 mundeet
1526 1956 1690 2006 reverenter
1704 1955 1882 2022 pertractent.
1974 1985 1975 2018 ,

1176 2053 1916 2132 Honoriusepiscopusservusservorumllei,
1974 2039 1975 2100 Ϊ

1135 2149 1382 2213 venerabilibus
1416 2151 1574 2215 tratribus
1609 2155 1866 2234 archiepiscopis
1893 2159 1919 2216 et

1135 2249 1300 2327 episcopis
1315 2251 1348 2312 et
1371 2250 1501 2314 dilectis
1521 2252 1599 2313 liliis
1620 2253 1751 2316 caeteris
1766 2253 1915 2314 ecclesia·

1135 2363 1208 2409 rum
1222 2347 1370 2425 praelatis
1386 2365 1445 2426 per
1462 2350 1614 2410 Sueoiam
1630 2349 1820 2414 constitutis
1837 2351 1917 2412 salu-

1135 2445 1200 2506 tem
1215 2447 1247 2508 et
1262 2445 1478 2523 apostolicam
1491 2445 1768 2510 benedictionem.

1176 2543 1430 2620 expectavimus
1446 2543 1605 2606 hactenus
1618 2547 1807 2622 speotantes
1822 2545 1848 2605 si
1863 2561 1917 2606 mo

1135 2640 1226 2713 nitis,
1243 2643 1276 2703 et
1298 2641 1429 2704 statuitis
1447 2641 1586 2704 Concilii
1598 2643 1780 2720 generalis,
1802 2645 1918 2705 exculta
1975 2673 1976 2744 t

1135 2739 1267 2801 Domini
1291 2738 1438 2802 Sabaoth
1452 2739 1551 2801 vinea
1566 2739 1743 2812 floruisset,
1774 2741 1803 2802 si
1821 2745 1917 2802 Aaron
1975 2761 1976 2772 .

1134 2837 1229 2914 virga
1240 2836 1448 2914 turgentibus
1455 2838 1917 2916 gemmiserupissetindores,

1135 2935 1168 2996 ot
1188 2934 1335 2997 dilatatis
1359 2933 1448 2996 loliis
1468 2935 1635 3012 amigdala
1654 2936 1874 3014 produxisset,
1895 2935 1918 2994 si

1135 3033 1378 3109 germinassent
1388 3031 1602 3112 malapunica
1611 3033 1918 3112 etflcusproducerel

1135 3145 1268 3207 grossos
1284 3145 1373 3202 suos,
1398 3131 1477 3207 quia
1497 3131 1583 3216 *lions
1603 3145 1798 3210 praecoquas
1821 3132 1918 3192 aniius

1080 3266 1083 3278 ·
1135 3227 1249 3304 sponsi
1276 3227 1453 3300 desiderat,
1482 3231 1515 3290 et
1541 3245 1662 3306 sponsa
1690 3227 1803 3306 diligit
1820 3229 1917 3290 botros

1135 3326 1239 3404 cypri.
1256 3325 1321 3388 Sed
1334 3341 1411 3387 ecce
1425 3327 1511 3406 quod
1527 3326 1674 3388 dolentes
1688 3327 1841 3397 dicimus,
1852 3329 1917 3386 anta
1976 3325 1977 3360 ³

1134 3439 1275 3484 messem
1297 3439 1393 3499 seges
1413 3423 1569 3496 effloruit,
1593 3428 1626 3487 et
1645 3425 1745 3486 tinea
1768 3425 1836 3486 iere
1850 3425 1917 3493 tata,

1134 3521 1274 3593 ellicus,
1289 3535 1328 3583 ac
1342 3522 1437 3597 virga
1454 3521 1560 3598 magis
1576 3523 1679 3596 aruit;
1697 3525 1730 3584 et
1744 3523 1917 3584 vindemia-

1134 3621 1186 3682 tor
1198 3635 1353 3694 magnum
1369 3619 1411 3680 ad
1429 3619 1609 3706 carcallum
1622 3637 1688 3682 non
1701 3625 1851 3698 revocat;
1871 3617 1917 3680 sed

1135 3719 1184 3779 sic
1199 3721 1329 3794 semper
1344 3716 1537 3790 vindemiat,
1554 3717 1639 3795 quod
1651 3720 1725 3796 posi
1739 3717 1915 3782 vindemia-

1133 3815 1236 3877 tiores
1261 3830 1411 3878 racemos
1434 3815 1563 3893 aliquos
1583 3815 1740 3892 colligere
1763 3817 1820 3878 vix
1837 3814 1918 3876 vale·

1134 3929 1219 3974 mus.
1237 3914 1323 3974 Nam
1345 3913 1572 3990 unusquisque
1588 3913 1656 3974 lere
1673 3913 1707 3973 in
1722 3913 1813 3974 viam
1836 3926 1916 3973 suam

1134 4009 1226 4083 abiit,
1243 4013 1276 4096 ei
1298 4009 1339 4072 ad
1362 4025 1458 4072 suam
1476 4010 1739 4096 negotiationem,
1760 4010 1916 4072 revalata

1134 4107 1222 4185 regis
1236 4106 1360 4187 nuptiis
1375 4107 1609 4194 damnabiliter
1619 4123 1655 4168 se
1667 4123 1844 4170 excusans.
1855 4110 1916 4170 Jatn

1134 4205 1267 4288 quidam
1290 4205 1435 4270 ministri
1449 4205 1567 4271 altaris
1583 4204 1669 4266 sicut
1687 4207 1840 4282 jumenta
1862 4220 1917 4266 non

1134 4303 1240 4372 solum
1256 4302 1290 4363 in
1305 4305 1451 4364 stercore
1473 4304 1755 4378 computrescunt3
1776 4303 1833 4366 sed
1847 4317 1915 4380 pec-

1133 4404 1243 4463 catum
1263 4416 1359 4462 suum
1378 4401 1470 4461 velut
1486 4399 1627 4462 Sodoma
1653 4400 1847 4478 praedicant
1866 4413 1916 4459 nac

1133 4498 1348 4570 abscondunt,
1370 4496 1449 4560 iacti
1462 4498 1572 4571 ruina,
1589 4499 1622 4560 et
1637 4499 1776 4576 laqueus
1791 4497 1916 4578 populo-

1132 4612 1217 4657 rum.
1245 4595 1384 4668 Quidam
1411 4595 1511 4656 etiam
1539 4595 1758 4660 ecclesiarum
1786 4594 1913 4674 praelati,

1132 4694 1188 4772 qui
1202 4692 1331 4770 gladios
1343 4691 1506 4768 ancipites
1520 4692 1555 4752 in
1577 4693 1648 4755 suis
1664 4693 1818 4754 manibus
1832 4707 1916 4756 acoe-

1132 4793 1261 4870 perunt,
1274 4791 1316 4852 ad
1331 4790 1517 4852 taciendam
1531 4789 1709 4853 vindictam
1724 4794 1759 4854 et
1771 4793 1915 4868 increpa·

1131 4891 1238 4952 tiones
1263 4889 1297 4948 in
1323 4888 1453 4966 populis
1476 4891 1626 4952 errantes
1655 4905 1720 4950 non
1743 4889 1913 4964 corrigunt,

1132 4985 1278 5050 membra
1294 4986 1424 5065 putrida
1441 5002 1507 5048 non
1521 4986 1689 5060 excidunt,
1705 4987 1914 5049 acaulisores

1131 5085 1354 5162 contagiosus,
1386 5085 1419 5146 et
1447 5083 1615 5146 morbidas
1641 5101 1709 5146 non
1734 5085 1912 5152 excludunt,

1166 5217 1203 5274 tt
1223 5215 1304 5272 deest
1323 5213 1441 5288 epistola
1457 5214 1486 5271 in
1506 5229 1562 5288 qua
1584 5215 1824 5273 commendantur
1836 5225 1914 5271 sacra

1131 5287 1285 5369 theologia
1295 5286 1431 5358 studia;e
1441 5293 1538 5369 contra
1551 5288 1578 5342 in
1632 5301 1661 5344 ra
1674 5289 1776 5370 legitur
1789 5286 1914 5344 ineodcn

1131 5359 1193 5415 loco
1208 5358 1326 5485 epistola
1347 5357 1383 5414 de
1402 5363 1581 5414 sanctissima
1623 5357 1785 5426 acheriana,
1802 5365 1912 5414 attamen

713 5431 746 5484 iae
761 5428 852 5485 studia
869 5429 896 5483 in
912 5429 1076 5501 regionibus
1132 5429 1207 5486 nulla
1240 5443 1304 5486 eea
1321 5429 1428 5485 mentio
1441 5428 1471 5484 nt
1483 5428 1511 5483 in
1527 5443 1615 5510 opere
1626 5429 1672 5486 cui
1688 5431 1784 5486 titulus
1794 5446 1802 5485 ε
1814 5430 1913 5497 Reputo

278 5444 1076 5580 illisexercendaetcolondafflaeresesquearcendasco·
1129 5491 1293 5574 pontificati
1303 5515 1496 5568 romanor-uta,
1506 5499 1574 5558 edit.
1583 5500 1830 5570 contumatiam,
1842 5496 1912 5560 lililt

278 5579 361 5645 ravit,
373 5575 496 5645 deniqne
516 5573 729 5632 sanctissimam
743 5569 951 5628 liucbanstiatn
962 5586 1075 5630 sunttna
1132 5586 1224 5644 neque
1237 5572 1310 5628 inter
1325 5571 1433 5629 litteras
1445 5570 1527 5627 datas
1539 5570 1573 5628 29
1583 5571 1716 5634 octobris.
1729 5585 1821 5642 neque
1830 5570 1910 5626 atuo-

278 5665 343 5707 cutu
355 5645 513 5704 revereotia
524 5641 660 5700 ottstodiri
672 5649 757 5714 utque
769 5655 783 5698 u
797 5639 994 5699 sacerdotibus
1006 5649 1078 5700 trac

279 5723 330 5780 teri
342 5719 434 5794 jttssit.

1132 5642 1225 5699 vemt).
1252 5642 1306 5698 buo
1326 5641 1373 5698 die
1396 5641 1461 5698 duta
1481 5648 1525 5697 est
1550 5643 1669 5713 epistola
1697 5641 1732 5699 de
1749 5637 1911 5700 liueltaristia

1132 5715 1261 5786 (begeat.
1281 5715 1355 5783 vat,
1372 5711 1418 5769 lib.
1435 5712 1485 5781 tv,
1499 5712 1581 5784 epist.
1598 5713 1672 5784 sta).
