3946 6304
66 301 118 360 473
670 297 896 362 brisiensi.
920 301 998 363 LIB.
1024 297 1086 362 ilc·

1579 381 1585 406 X
1642 303 1700 364 474

66 460 132 522 dam
147 455 411 536 possessionibus
433 458 467 522 et
490 457 589 522 rebus
613 457 689 520 aliis
705 459 849 538 simplici
905 461 1108 524 servaretur.
1136 459 1218 522 (ium
1254 459 1342 522 enim
1376 460 1464 522 inter
1492 460 1699 540 spoletanos,

66 558 160 618 forma
189 557 318 618 litteras
350 557 585 633 impetrasset,
611 557 744 619 demum
775 573 849 620 cum
904 559 1121 629 Narnienses
1139 559 1380 635 Cocojonenses
1402 561 1435 620 et
1459 559 1628 637 adjutores
1643 577 1702 624 eo-

66 658 110 716 W.
126 655 249 716 crimen
265 655 378 716 cenna
395 671 470 716 eum
484 671 544 730 per
558 655 742 716 clausulam
756 655 849 716 illam
905 671 979 716 rum
992 670 1034 718 ex
1050 657 1143 732 parte
1157 669 1234 728 una,
1250 657 1526 729 interamnenses
1543 659 1701 720 Tuderti-
1789 689 1803 704 -

66 750 315 830 professionibus
333 758 366 814 el
391 751 491 814 rebus
518 752 595 814 aliis
617 753 796 814 intentaret
817 755 851 813 et
905 769 976 826 nos,
1004 753 1209 828 Feliginates
1234 754 1267 815 et
1294 753 1461 829 adjutores
1490 754 1636 831 ipsorum
1658 769 1701 818 ex

61 850 178 926 judices
215 849 468 926 interloquendo
498 849 724 921 decreverint,
763 850 848 926 qnod
904 851 1022 922 altera,
1037 851 1071 910 in
1088 853 1217 913 tantum
1239 851 1424 913 inimicitiae
1444 853 1700 926 succrevissent,

64 947 225 1008 tenebatur
234 947 306 1023 ipse
321 963 381 1024 per
390 947 538 1008 eamdem
552 947 737 1008 clausulam
750 962 850 1024 super
904 950 941 1010 ut
958 949 1039 1025 post
1066 949 1243 1010 multorum
1272 948 1434 1024 stragem,
1462 951 1635 1026 angustias
1668 953 1701 1014 et

65 1045 191 1105 crimine
209 1043 423 1120 respondere,
444 1045 530 1106 idem
553 1061 595 1106 ex
618 1045 681 1106 hoc
703 1044 848 1108 sentiens
903 1061 1088 1123 pressuras,
1119 1046 1240 1107 damna
1271 1061 1383 1107 rerum
1407 1047 1441 1108 et
1468 1063 1698 1123 personarum,

64 1141 197 1204 indebite
211 1157 248 1202 se
261 1143 397 1218 gravari
411 1143 558 1206 nostram
573 1141 776 1206 audientiam
788 1159 849 1219 ap-
904 1159 977 1221 quae
990 1143 1255 1220 irreparabiliter
1270 1145 1360 1222 passi
1380 1143 1512 1206 fuerant
1530 1147 1564 1207 et
1578 1146 1701 1208 intule-

64 1239 205 1316 pellavit;
219 1239 280 1300 sed
301 1239 379 1302 dicti
394 1241 526 1317 judices
546 1239 611 1318 ipsi
625 1240 848 1317 appellatione
904 1241 980 1302 rant
993 1241 1298 1314 alternatim,multi
1311 1241 1426 1302 miseri
1441 1242 1501 1303 sub
1511 1243 1699 1306 arctissima

63 1339 238 1414 conbmpta
254 1337 609 1400 excommunicationis
624 1338 659 1398 in
674 1353 750 1400 eum
766 1353 848 1400 sen·
903 1339 1053 1400 custodia
1078 1337 1222 1400 vinculis
1254 1338 1371 1400 ferreis
1400 1339 1601 1417 mancipati,
1624 1344 1695 1418 jam

63 1435 188 1496 aunem
211 1435 434 1511 protulerunt.
465 1436 629 1508 Quocirca
654 1434 849 1497 discretioni
904 1437 999 1515 quasi
1014 1435 1055 1498 de
1068 1437 1146 1498 vitae
1164 1437 1283 1499 solatio
1301 1436 1527 1514 desperarent.
1543 1438 1591 1499 Ad
1607 1438 1696 1500 libe-

64 1533 170 1594 vestrae
184 1547 245 1608 per
256 1533 448 1610 Apostolica
458 1532 554 1595 vobis
570 1533 694 1610 scripta
710 1533 850 1594 manda-

64 1631 319 1706 mus,quatenus,
335 1629 363 1690 si
379 1633 430 1692 est
445 1631 502 1702 ita,
519 1631 641 1692 dictam
656 1645 851 1692 excommu-

64 1727 229 1788 nicationis
252 1728 454 1790 sententiam
476 1728 602 1790 nnllam
624 1743 697 1790 esse
717 1728 848 1805 penitus

60 1823 254 1896 nuntiantes,
263 1825 300 1884 in
311 1841 411 1886 causa
422 1825 495 1902 ipsa
502 1825 600 1903 juxta
612 1825 759 1910 priorum
768 1841 849 1887 con-

65 1921 224 1983 tinentiam
243 1921 445 1990 litterarum,
466 1923 689 2000 appellatione
709 1923 846 1994 remota,

64 2019 179 2080 ratione
197 2019 326 2096 praevia
342 2018 542 2096 procedatis.
563 2020 719 2097 Alioquin
737 2019 848 2096 partes

65 2116 98 2176 ad
112 2118 255 2192 priorum
266 2117 418 2196 judicum
433 2118 610 2180 remittatis
621 2133 773 2190 examen,
785 2133 848 2195 ap-

63 2213 210 2288 pellantes
223 2213 259 2274 in
277 2214 433 2292 expensis
447 2213 603 2292 legitimis
619 2215 847 2276 condemnan-

65 2311 116 2370 tes.
131 2311 218 2382 Quod
242 2311 364 2374 sinon
387 2329 513 2384 ornnes
539 2313 601 2374 etc.
627 2313 744 2375 Datum
760 2311 848 2389 apud

67 2407 173 2468 Urbem
187 2411 354 2482 Veterem,
381 2411 497 2486 quinto
524 2409 599 2472 idus
615 2410 714 2487 Junii,
739 2411 849 2486 ponti-

65 2505 168 2567 ficatus
182 2508 289 2570 nostri
304 2524 392 2570 anno
406 2507 535 2586 quarto.

345 2659 556 2746 CLXXVII

95 2791 358 2865 repercuterem
370 2792 403 2854 ct
413 2797 577 2867 popellum
591 2792 805 2856 Tudcrftcos.

343 2906 374 2962 al
392 2905 454 2976 julii
475 2905 554 2963 raro.

191 3011 320 3072 [lbeinea
338 3012 399 3062 Cod.
416 3007 521 3076 diplom.
535 3012 556 3070 l,
566 3011 607 3070 oi,
620 3025 647 3061 n.
658 3011 712 3074 ab]

67 3114 222 3186 tudertinis,
238 3125 270 3176 ut
285 3118 347 3191 paci
362 3120 434 3175 inter
446 3121 526 3191 ipsos
537 3125 566 3176 et
578 3117 756 3190 Spoletanos,
773 3115 848 3190 apud

98 3206 247 3264 Mevaniam
267 3208 305 3265 de
325 3207 429 3265 ducatu
450 3207 603 3280 spoletano
623 3205 659 3264 nd
682 3206 847 3263 demanium

95 3294 221 3352 Romania
240 3296 378 3354 Ecclesia
392 3311 519 3364 reverso,
541 3311 592 3370 per
615 3297 746 3354 nuntium
765 3309 848 3368 apos·

93 3382 201 3441 felicum
216 3385 337 3443 firmatae
354 3385 549 3458 acquiescant.

100 3493 764 3572 Honorinsepiscopus,servasservorum
776 3493 846 3565 Dei,

68 3586 182 3650 dilectis
196 3591 313 3653 filiis...
335 3592 490 3670 potestati
510 3593 544 3654 et
560 3592 682 3669 populo
694 3590 850 3652 Tuderti-

68 3684 122 3756 nis,
138 3687 274 3750 salutem
291 3691 325 3751 et
338 3690 555 3766 apostilicam
569 3688 846 3751 benedictionem.

102 3783 173 3844 Cum
198 3787 242 3849 sit
263 3789 379 3849 nostra
408 3787 597 3849 sollicitudo
623 3785 781 3847 continua
796 3786 849 3846 di-

69 3892 151 3940 versa
165 3885 279 3946 mundi
302 3885 435 3946 climata
455 3883 632 3960 speculari,
661 3884 695 3945 et
716 3883 847 3943 vineam

71 3975 185 4041 Domini
209 3983 355 4044 Sabaoth
388 3983 514 4044 vallare
547 3981 724 4058 aggeribus
755 3981 848 4057 sepi-

69 4068 178 4151 busque
200 4080 343 4153 munire,
357 4095 399 4142 ne
419 4080 544 4142 fructus
563 4082 636 4156 ejus
652 4078 850 4141 exterminet

69 4183 190 4248 serpens
217 4179 277 4240 aut
303 4179 422 4254 reptile
447 4178 663 4250 venenatum,
691 4175 800 4238 subito
829 4191 848 4236 a

70 4273 188 4333 remotis
204 4276 377 4337 oculorum
398 4276 565 4337 vertentes
587 4276 693 4336 aciem
709 4271 749 4334 ad
766 4289 848 4351 pro-

72 4363 187 4442 pinque,
209 4373 363 4434 teremiae
393 4373 494 4433 ollam
525 4371 761 4449 conspeximus
792 4386 851 4432 ac-

72 4475 189 4527 censam
213 4469 248 4530 in
278 4470 478 4546 patrimonio
508 4472 588 4532 Jesu
624 4467 764 4540 Christi,
795 4467 849 4528 oui

73 4560 218 4627 universae
238 4569 339 4628 tarrae
364 4567 516 4639 malleus,
537 4567 595 4644 qui
614 4581 745 4643 semper
760 4565 849 4627 circa

72 4659 283 4725 conflatorium
299 4665 533 4736 commoratur,
557 4664 599 4725 ab
616 4664 784 4741 aquilonis
798 4662 850 4723 fa-

73 4751 115 4812 cie
132 4756 278 4823 incendia
307 4761 526 4824 ministrabat.
553 4761 720 4822 Habentes
748 4760 851 4836 igitur

72 4849 186 4915 viscera
211 4859 452 4935 compassionis
477 4875 552 4921 cum
577 4859 698 4929 Paulo,
728 4857 849 4934 quibus

73 4945 239 5016 infirmitati
254 4957 288 5017 et
307 4957 464 5018 scandalo
478 4957 685 5033 singulorum
700 4955 851 5030 cogimur

74 5043 241 5124 subvenire,
265 5054 390 5130 duplici
416 5053 528 5130 gladio
552 5053 645 5114 Petri
672 5069 732 5114 nos
759 5053 849 5113 circa

74 5137 166 5206 femur
177 5151 391 5222 accinximus,
401 5151 573 5213 obviantes
586 5151 661 5212 ollae
672 5149 847 5227 pestiferae,

74 5251 136 5309 illie
155 5243 300 5308 flammas
323 5248 511 5336 ¹ignivomas
527 5249 685 5310 emiserat
700 5263 760 5324 per
783 5249 848 5307 Ec-

76 5333 170 5400 clesiae
184 5344 336 5406 Romanae
350 5347 437 5407 filios
452 5347 626 5422 speciales,
643 5361 703 5423 per
717 5359 799 5421 quas
815 5344 850 5404 in

77 5434 155 5502 lrarte
174 5455 236 5501 non
265 5444 393 5505 modica
425 5444 614 5506 intantum
647 5458 721 5504 cum
749 5441 849 5502 draco

78 5531 276 5603 prevaluerat
296 5540 498 5614 devorando,
516 5543 552 5602 nt
566 5541 638 5602 sine
654 5539 849 5600 difficultate

78 5629 203 5694 maxima
226 5638 343 5700 salutis
364 5640 398 5700 et
420 5640 512 5716 pacis
532 5637 624 5714 sequi
646 5653 721 5716 spes
737 5636 849 5714 aliqua

903 1534 1066 1596 rationem
1092 1535 1252 1610 ipsorum·
1271 1549 1337 1595 non
1364 1535 1439 1596 sine
1467 1537 1698 1612 compassione

903 1632 1065 1703 materna,
1091 1633 1195 1708 patris
1216 1633 1364 1694 animum
1391 1632 1582 1701 induentes,
1612 1633 1699 1711 apud

903 1728 1087 1791 Viterbinm
1114 1729 1296 1798 constituti,
1323 1730 1478 1792 dilectum
1503 1730 1607 1790 fllium
1627 1747 1701 1792 ma-

903 1827 1042 1902 gistrum
1066 1827 1265 1888 Pandulfum
1291 1826 1530 1888 subdiaconum
1552 1827 1585 1889 et
1599 1829 1699 1889 nola-

902 1925 990 1985 rium
1011 1925 1160 1986 nostrum
1176 1924 1216 1985 ad
1232 1925 1343 2002 partes
1358 1924 1434 1985 illas
1449 1923 1605 1984 duximus
1623 1924 1701 1986 des-

902 2022 1085 2094 tinandum,
1106 2022 1161 2083 cui
1180 2021 1221 2082 ad
1244 2021 1474 2082 liberationem
1489 2021 1696 2098 captivorum

903 2121 937 2181 ot
974 2119 1243 2181 reformationem
1278 2119 1372 2195 pacis
1407 2118 1557 2195 plenarie
1596 2133 1695 2180 com-

903 2217 1056 2277 misimus
1078 2217 1168 2278 vices
1190 2219 1332 2289 nostras,
1349 2216 1518 2288 addentes,
1542 2216 1579 2277 ut
1600 2215 1695 2290 virga

904 2315 1119 2377 correctionis
1157 2315 1304 2376 honestae
1347 2313 1544 2376 auctoritate
1582 2311 1696 2375 nostra

903 2412 1086 2490 corriperet
1110 2412 1302 2474 insolentes.
1333 2413 1381 2472 Ad
1409 2411 1513 2488 patris
1535 2425 1615 2472 vero
1638 2411 1697 2472 im·

903 2511 1032 2588 perium
1061 2510 1213 2587 spiritum
1229 2509 1434 2572 fortitudinis
1463 2523 1638 2572 assumens
1657 2507 1698 2568 fl-

903 2609 979 2679 lius,
1003 2609 1162 2686 captivos
1188 2622 1271 2685 quos
1289 2607 1377 2684 apud
1394 2605 1567 2678 Narniam,
1590 2608 1699 2667 Sanc·

902 2708 972 2768 tum
983 2705 1170 2777 Geminum,
1183 2705 1434 2771 interramnem,
1445 2704 1625 2780 spoletum,
1634 2705 1696 2764 Tu·

903 2804 1031 2866 dentum
1046 2805 1079 2864 ot
1091 2804 1287 2879 Cocojonem
1303 2801 1441 2872 invenit,
1456 2816 1523 2862 non
1539 2800 1611 2860 sine
1622 2815 1698 2860 ma-

902 2903 977 2978 gnis
1006 2900 1174 2962 laboribus
1210 2900 1243 2960 et
1270 2899 1426 2975 expensis
1462 2913 1537 2958 cum
1569 2913 1699 2958 stimma

903 2999 1075 3075 diligentia
1096 2997 1266 3072 liberavit3
1287 2996 1492 3071 Feliginates
1512 3009 1602 3066 vero,
1620 2995 1698 3070 quia

903 3097 1023 3159 multos
1043 3113 1087 3158 ex
1098 3098 1268 3173 ¹(iooojone
1282 3095 1431 3170 captivos
1447 3091 1623 3163 habebant,
1640 3106 1701 3167 per

904 3211 986 3274 quos
1000 3193 1179 3256 credebant
1199 3193 1234 3252 in
1259 3192 1331 3269 ipso
1357 3191 1466 3254 castro
1486 3189 1612 3266 aliquid
1635 3187 1698 3248 sibi

903 3291 1149 3371 quomodolibet
1168 3290 1351 3351 vindicare.
1380 3289 1462 3360 Quia
1477 3289 1589 3349 tamen
1611 3271 1699 3363 apud

904 3408 964 3453 nos
984 3405 1051 3451 non
1066 3390 1116 3450 est
1131 3387 1278 3465 acceptio
1289 3401 1518 3464 personarum,
1536 3383 1593 3445 sed
1602 3381 1699 3444 nobis

904 3491 966 3552 boc
995 3489 1101 3550 solum
1122 3485 1261 3557 sufficit,
1291 3485 1327 3546 ut
1352 3469 1464 3544 omnia
1487 3483 1578 3544 recte
1603 3480 1695 3553 dant,

904 3587 993 3648 dicto
1006 3579 1208 3646 subdiacono
1223 3581 1346 3643 nostris
1361 3580 1511 3642 dedimus
1528 3577 1649 3640 litteris
1663 3577 1697 3636 in

903 3683 1079 3755 mandatis,
1106 3683 1143 3743 ut
1163 3680 1192 3741 si
1211 3679 1323 3741 forsan
1346 3674 1700 3756 exirommunicationis

904 3795 1034 3858 poenam
1061 3776 1311 3840 contemnerent
1330 3772 1523 3836 rebellionis
1547 3772 1700 3848 spiritum

903 3876 1121 3948 assumentes,
1138 3877 1228 3952 ipsos
1241 3873 1281 3935 ad
1298 3870 1535 3933 'liberationem
1550 3868 1702 3944 captivo-

903 3991 976 4038 rum
1003 3972 1216 4050 compelleret
1236 3969 1346 4031 saltim
1371 3967 1483 4045 gladio
1508 3964 1696 4042 temporali.

904 4073 966 4146 Qui
989 4087 1064 4134 cum
1087 4070 1202 4132 fideles
1234 4065 1385 4130 ecclesiae
1406 4079 1468 4142 per
1490 4064 1646 4124 ducatum
1667 4063 1700 4123 et

903 4170 1058 4232 Tusciam
1072 4168 1270 4230 constitutos
1288 4164 1386 4242 Juxta
1409 4161 1601 4222 mandatum
1616 4175 1700 4221 nos-

903 4270 992 4331 trum
1002 4266 1043 4329 ad
1059 4265 1243 4328 exercitum
1259 4257 1449 4341 (adversus)
1466 4257 1698 4320 excommuni-

904 4367 996 4428 catos
1011 4365 1044 4426 et
1057 4362 1251 4426 interdictos
1269 4357 1458 4421 laciendum
1482 4354 1627 4416 viriliter
1640 4354 1697 4413 in-

904 4465 1051 4536 vitasset,
1067 4462 1205 4539 paratus
1218 4473 1336 4520 eorum
1348 4453 1538 4532 superbiam
1553 4453 1588 4511 in
1600 4467 1702 4512 mann

905 4562 984 4626 fortl
998 4562 1031 4622 et
1040 4558 1178 4622 brachio
1197 4553 1331 4619 extento
1344 4552 1473 4630 punire,
1484 4550 1548 4626 ipsi
1564 4547 1698 4610 tandem

905 4659 945 4719 ad
962 4671 1020 4718 cor
1035 4653 1173 4725 reversi,
1191 4667 1250 4729 per
1264 4665 1383 4710 manus
1398 4645 1549 4724 praedicti
1571 4642 1703 4704 subdia·

905 4755 980 4816 coni
995 4753 1118 4815 nostris
1133 4753 1167 4813 et
1178 4749 1249 4810 suis
1261 4747 1390 4825 precise
1401 4741 1601 4822 jnraverunt
1612 4742 1701 4801 stare

905 4851 1088 4923 mandatis,
1116 4849 1150 4911 et
1177 4847 1283 4924 primo
1313 4843 1440 4921 plegios
1473 4840 1619 4916 quinque
1641 4850 1700 4914 pro

906 4949 1113 5028 quingentis,
1131 4945 1276 5009 secundo
1292 4942 1404 5004 decem
1420 4953 1478 5016 pro
1495 4936 1586 4998 mille
1606 4932 1701 4994 libris

905 5045 1108 5109 Lucensibus
1124 5044 1195 5106 sine
1211 5042 1307 5120 pacto
1329 5040 1362 5101 et
1382 5037 1494 5112 aliqua
1511 5031 1708 5096 conditione

906 5143 1077 5214 dederunt,
1095 5137 1181 5202 sicut
1194 5141 1229 5200 in
1241 5132 1472 5200 instrumentis
1484 5127 1606 5191 exinde
1621 5140 1702 5187 oon-

906 5241 1000 5304 fectis
1014 5237 1158 5302 vidimus
1184 5233 1359 5298 contineri.
1384 5227 1549 5292 Liberalis
1567 5223 1702 5285 tandem

905 5339 946 5400 ad
968 5337 1075 5414 ipsius
1095 5333 1290 5397 subdiaconi
1314 5327 1470 5390 mandata
1494 5319 1652 5398 captivis,
1669 5321 1703 5380 ct

906 5437 980 5514 post
989 5435 1181 5512 iuramenta
1203 5426 1385 5508 potestatis,
1404 5421 1566 5500 judicum,
1591 5416 1704 5478 consi-

906 5534 1080 5596 liariorum
1118 5529 1266 5592 omnium
1299 5521 1445 5586 civitatis
1475 5514 1625 5595 ejusdem
1662 5529 1703 5574 ac

906 5632 1048 5692 aliorum
1075 5627 1262 5696 multorum,
1290 5620 1403 5699 quiin
1431 5611 1702 5678 excommunica-
