3988 6306
88 357 130 416 ua
516 355 526 378 ·
666 353 1002 432 paternensis.
1027 359 1079 418 rv.
1639 355 1707 429 aas

114 516 210 579 natum
229 509 370 580 viterbii
396 514 473 577 xnr
492 513 561 576 kal.
577 515 773 589 decembris,
791 516 845 578 in·
899 519 932 580 et
944 519 1122 596 predictus
1140 519 1300 597 magister
1312 537 1413 600 snper
1433 525 1622 602 receptione
1643 527 1696 590 sni

85 616 198 677 dictione
207 613 323 690 prima,
338 627 428 674 anno
436 614 488 674 IV.
501 613 619 676 Datum
635 626 695 692 per
709 629 843 676 manum
898 615 939 676 ad
956 617 1130 693 praeatum
1145 618 1340 684 ambianen.
1353 622 1544 700 episcopum
1554 641 1698 704 suosque

85 710 211 789 narneni
227 711 424 789 patriarche
435 711 632 773 antiocheni
651 713 843 774 cancellarii
898 712 1044 790 collegas
1059 714 1099 776 de
1112 717 1295 794 praemissis
1308 733 1376 780 non
1387 719 1501 782 habita
1515 723 1696 796 mentione,

84 811 163 872 ricem
177 807 310 886 agentis.
898 811 959 872 sub
972 813 1061 873 certa
1090 812 1196 875 forma
1211 817 1341 876 nostras
1356 816 1486 879 litteras
1500 819 1698 896 impetrarat

899 909 1698 995 magisterWillelmocanonicoArienetquibus·

410 986 483 1074 LII
629 1013 635 1026 ⁴
898 1007 974 1068 dam
985 1001 1061 1068 aliis
1078 1007 1209 1070 clericis
1225 1025 1285 1088 per
1299 1011 1457 1088 quasdam
1469 1013 1554 1075 alias
1567 1015 1698 1078 litteras

81 1131 845 1208 ppppcanu„2‚0anporemepmassprumcm,
899 1103 1696 1183 subformasimplicianobisobtentasineadem

146 1228 484 1290 peanumfflnomfflm
495 1231 753 1292 mmmm
899 1203 1041 1282 ecclesia
1057 1203 1238 1266 nitentibus
1247 1207 1464 1269 nihilominus
1475 1210 1695 1288 praebendari,

899 1316 1039 1377 quorum
1062 1302 1237 1364 occasione
1258 1304 1486 1382 multipliciter
1504 1309 1697 1384 gravaban-

338 1359 371 1418 Ἀ
388 1373 456 1416 ¹¹⁰⁹·
473 1360 552 1418 ¹²¹⁹·
898 1398 1699 1484 tur.Nos...abbatiSanctiJohannis,etejuscol·

111 1481 369 1548 timialia-lima·
388 1483 512 1534 mil-⁴⁸·
526 1481 796 1550 turonenensis]
899 1495 982 1572 legis
1002 1497 1186 1560 direximus
1205 1501 1328 1580 scripta
1350 1503 1463 1564 nostra
1480 1493 1517 1566 ut
1535 1504 1697 1568 decanum

78 1587 168 1647 laudat
187 1589 227 1648 cis
246 1598 277 1648 nt
296 1591 467 1664 megistum
496 1589 653 1649 Writemm
676 1589 712 1648 de
740 1591 844 1649 sancto
899 1596 932 1655 et
953 1595 1134 1675 capitulum
1154 1599 1554 1672 memoratos,occasione
1574 1601 1697 1682 hujus-

102 1677 246 1736 ildfflssiffl
267 1678 419 1752 prehendi
433 1679 487 1752 inii
511 1681 540 1736 in
559 1679 683 1738 00012818
697 1681 725 1738 S·
746 1679 841 1738 Αϋᾶῡ·
899 1691 986 1756 modi
1000 1692 1197 1770 litterarum,
1208 1712 1415 1780 nequaquam
1429 1697 1470 1759 de
1486 1699 1605 1762 caetero
1621 1717 1697 1764 mo-

101 1768 158 1823 nari
171 1769 325 1841 inignit&
342 1767 462 1841 iiflssffiee
474 1765 584 1826 inolent
598 1767 736 1843 eandm·
898 1775 1013 1853 lestari
1029 1793 1267 1870 permitterent,
1281 1793 1347 1856 nisi
1361 1813 1381 1858 a
1394 1795 1491 1858 nobis
1507 1799 1697 1863 mandatum

104 1894 265 1968 Honorius,
283 1895 361 1966 etc„
387 1893 516 1958 dilectis
538 1895 654 1956 tiliis...
678 1891 841 1958 decano...
898 1888 989 1949 aliud
1003 1890 1175 1953 emanaret
1195 1891 1281 1970 quod
1297 1893 1338 1954 de
1361 1895 1543 1972 praemissis
1564 1897 1697 1974 plenam

77 1991 177 2052 cantori
209 1993 242 2053 et
273 1993 433 2069 magistro
467 1973 656 2054 Christiano
682 1993 843 2056 canonico
898 1971 1022 2049 taceret
1044 1988 1256 2051 mentionem.
1283 1990 1377 2052 Unde
1398 1993 1507 2054 dietus
1526 1993 1639 2065 ebbae,
1665 1998 1699 2058 et

77 2089 239 2150 ambianen.
255 2091 409 2160 salutem,
426 2090 488 2152 etc.
899 2086 971 2161 ejus
997 2084 1134 2162 collegae
1165 2087 1340 2149 occasione
1364 2089 1511 2152 mandati
1537 2091 1579 2153 ad
1605 2093 1697 2170 ipsos

104 2187 211 2250 Dilecto
226 2187 296 2250 filio
316 2190 474 2266 magistro
488 2189 638 2251 Waltero
660 2187 700 2252 de
722 2189 843 2252 Sancto
898 2181 1028 2254 directi,
1043 2183 1193 2273 praedicti
1209 2185 1356 2263 episcopi
1376 2188 1409 2248 et
1427 2185 1629 2264 collegarum
1644 2189 1699 2268 ip-

77 2283 355 2350 iuoomarocoram
367 2287 552 2348 nobiseum
564 2284 844 2364 humilierexpo-
898 2279 969 2370 sins
985 2280 1161 2342 imitavere
1175 2281 1380 2359 processum,
1397 2285 1479 2348 acsi
1496 2285 1637 2375 obtenta
1655 2280 1697 2349 ad

78 2384 149 2444 rente
178 2385 262 2462 quod
305 2383 400 2447 bonae
439 2383 609 2446 memoriae
645 2386 842 2463 praepositus
898 2393 955 2439 eos
965 2377 1085 2440 litterae
1099 2379 1315 2443 revocatoriae
1331 2383 1589 2459 praecedentium
1605 2387 1696 2448 exti-

79 2479 161 2542 sancii
178 2479 358 2545 audomari
373 2499 448 2544 eum
468 2481 503 2544 in
527 2495 623 2545 suum
646 2483 841 2545 familiarem
897 2475 1035 2564 iissent3
1054 2475 1111 2538 sed
1134 2480 1335 2541 memoratus
1360 2480 1534 2558 epiecopus
1559 2484 1696 2562 ejusque

78 2579 219 2654 recipiens,
243 2582 278 2642 et
300 2561 495 2658 promittens
515 2579 622 2642 eidem
645 2597 680 2642 se
703 2580 738 2641 in
757 2597 844 2660 prae-
897 2572 1034 2648 collegae
1048 2590 1114 2636 non
1130 2576 1301 2638 credentes
1327 2593 1405 2638 suas
1423 2581 1597 2642 revocatas
1620 2597 1694 2643 esse

78 2672 179 2737 bendali
191 2677 354 2741 beneficio
369 2679 594 2757 provisurum,
606 2679 777 2754 assignata
792 2678 844 2738 in·
896 2666 1025 2760 litteras
1040 2688 1100 2749 pen
1112 2673 1287 2746 secundae,
1297 2691 1370 2736 cuni
1382 2677 1549 2754 aequitatis
1559 2679 1698 2740 instille-

78 2771 147 2832 terim
168 2773 199 2834 ei
223 2789 336 2835 annua
360 2775 521 2852 pensione
543 2773 584 2835 ad
611 2773 841 2836 dimittendum
896 2768 1032 2846 tuquae
1048 2771 1285 2849 praeualetjmi
1301 2773 1427 2844 stricto,
1441 2775 1696 2838 motiluerimus

78 2870 157 2930 solas
169 2871 322 2934 eumdem
341 2871 539 2946 induxerat,
556 2871 612 2934 sed
630 2870 842 2950 'postmodum
897 2864 1074 2944 adjustum
1089 2865 1243 2945 gratiam,
1265 2871 1297 2932 et
1306 2867 1489 2947 granosam
1511 2873 1575 2934 sibi
1586 2875 1693 2958 justi7

77 2969 277 3040 promissionis
290 2985 358 3030 suae
370 2969 542 3048 negligens
558 2970 716 3031 executor
731 2986 840 3048 quan·
896 2964 976 3026 tiam
991 2965 1188 3050 taciendam,
1204 2969 1400 3044 praesertim,
1413 2985 1488 3030 cnm
1501 2971 1588 3033 sicut
1601 2987 1693 3049 prae-

77 3079 147 3138 quam
168 3067 196 3129 ei
223 3067 338 3145 plnres
366 3065 552 3146 praebendae
574 3068 760 3139 vacassent,
778 3065 841 3128 sibi
897 3061 1021 3124 dictum
1036 3063 1096 3136 est,
1111 3062 1152 3126 de
1172 3062 1350 3127 collatione
1372 3065 1623 3143 praebendarum
1646 3071 1694 3132 nil

76 3161 230 3227 tamennon
245 3166 421 3228 curaverat
434 3165 619 3242 providere,
633 3165 842 3227 Nosaetatem
897 3160 1029 3222 intersit
1067 3160 1184 3224 decani
1214 3164 1247 3224 et
1281 3163 1418 3241 capituli
1448 3165 1693 3242 praedictarum,

76 3261 97 3318 ci
105 3259 311 3326 litteraturam
323 3262 473 3342 praedicti
484 3263 634 3340 magistri
648 3261 785 3342 provide
797 3265 843 3326 at·
897 3257 1115 3320 nihilominus
1126 3259 1235 3339 ipsum
1247 3262 1281 3323 in
1293 3259 1440 3336 tratrem,
1454 3263 1488 3325 et
1497 3265 1694 3347 canonicum

76 3357 839 3434 tendentesetdolentesenmdemillusumiuisse‚
897 3353 1007 3436 recipi
1036 3357 1289 3432 mandaverunt,
1317 3361 1367 3422 eis
1397 3363 1626 3438 suspensionis
1661 3360 1695 3426 et

75 3458 200 3520 venerab.
210 3459 307 3522 tratri
317 3462 469 3538 nostro...
479 3459 674 3521 ambianen.
687 3460 842 3538 episcopo
896 3455 1252 3518 excommunicationis
1270 3473 1366 3534 poena
1382 3459 1521 3522 tirmiter
1535 3459 1694 3524 inhiben-

75 3555 96 3613 et
111 3557 232 3634 collegis
253 3558 375 3635 ipsius,
400 3559 524 3621 nostris
545 3557 695 3620 dedimus
722 3557 842 3619 litteris
896 3551 1061 3624 tes,'nead
1075 3552 1416 3638 dictampraebendam
1432 3557 1694 3637 aliumrecipere

75 3649 260 3720 inmanitatis
275 3657 312 3718 nt
324 3673 398 3718 eum
413 3655 448 3718 in
460 3654 602 3718 ecclesia
614 3657 646 3717 S.
661 3654 842 3718 Audomari
896 3651 1107 3713 attentarent.
1120 3655 1228 3724 Quare
1239 3651 1415 3730 saepefatus
1428 3655 1586 3736 magister
1597 3655 1693 3720 nobis

74 3753 152 3828 recipi
166 3754 324 3816 iacientes
339 3754 374 3816 in
387 3753 583 3820 canonicum
596 3751 630 3814 el
643 3754 678 3814 in
692 3750 839 3838 tratrem,
872 3815 873 3840 2
897 3745 1124 3828 multiplicatis
1138 3750 1416 3812 intercessoribus
1434 3751 1643 3830 supplicavit,
1658 3757 1694 3817 ul

74 3849 843 3931 prebendamsiquauacaretibidem,uelquan·
896 3847 1134 3924 compatientes
1169 3849 1239 3910 suis
1267 3849 1436 3910 laboribus
1462 3852 1495 3912 et
1522 3853 1692 3930 expensis,

73 3945 843 4014 tociusselacultaseiauctoritatenostraconier·
896 3944 981 4024 quod
1005 3961 1063 4022 per
1077 3943 1229 4008 eumdem
1253 3947 1455 4026 episcopum,
1482 3949 1601 4025 eteius
1620 3950 1695 4012 col-.

73 4047 135 4116 rent
146 4049 402 4112 contradictores
410 4065 469 4127 per
479 4063 657 4112 censuram
668 4047 842 4112 ecclesias
873 4115 874 4120 .
896 4043 996 4130 legas
1010 4043 1146 4120 provide
1169 4046 1280 4108 actum
1304 4046 1355 4107 est
1378 4047 1487 4109 ratum
1508 4045 1631 4110 habere
1653 4065 1694 4110 ac

72 4141 147 4204 ticam
161 4145 382 4226 appellatione
397 4147 578 4224 postposita
590 4143 839 4226 compescendo,
895 4140 1084 4218 Apostolico
1097 4135 1313 4228 dignaremur
1324 4143 1507 4206 munimine
1522 4143 1692 4208 roborare.

72 4241 259 4319 cicogendo
291 4240 508 4320 nihilominus
536 4243 703 4306 vicarium
735 4242 841 4322 ipsius
895 4237 1110 4300 attendentes
1144 4239 1266 4318 itaque,
1293 4242 1379 4323 quod
1415 4241 1478 4303 etsi
1509 4243 1692 4319 praedictus

72 4343 214 4416 impositi
237 4342 278 4405 ad
307 4343 498 4422 praedictam
526 4341 591 4404 sibi
621 4331 840 4404 exhibendam
897 4337 1057 4414 magister
1090 4335 1284 4416 nullumjus
1313 4337 1347 4398 in
1374 4331 1574 4410 rehaberet,
1601 4339 1693 4418 pium
1811 4365 1814 4372 ⁴

72 4432 178 4500 interim
194 4441 400 4518 pensionem.
410 4441 472 4513 Qui
486 4439 572 4502 sicut
584 4437 672 4500 idem
682 4437 842 4515 magister
895 4435 1007 4497 tamen
1027 4418 1106 4508 est,
1123 4436 1156 4497 et
1178 4449 1360 4498 consonum
1393 4437 1569 4510 honestati,
1597 4441 1632 4500 ut
1658 4439 1692 4501 in

72 4527 95 4589 in
107 4525 208 4598 nostra
220 4555 326 4617 nuper
339 4537 512 4618 proposuit
526 4535 705 4616 presentia
716 4536 841 4599 consti·
896 4531 1052 4610 praedicta
1064 4533 1206 4596 ecclesia
1216 4533 1408 4607 honoretur,
1423 4551 1483 4598 nec
1496 4538 1647 4606 ncn,nisi
1658 4539 1693 4600 in

71 4629 147 4705 intus,
163 4635 340 4714 comperto,
364 4636 450 4714 quod
467 4636 541 4698 duae
557 4632 838 4698 vacabantinec-
895 4631 1003 4708 patria
1030 4647 1090 4692 sua
1117 4627 1269 4694 videatur
1302 4636 1468 4711 acceptus,
1498 4633 1693 4699 discretioni

71 4725 148 4791 cleia
168 4735 241 4811 ipsa
268 4723 466 4813 praebendae,
494 4750 634 4811 quarum
660 4733 768 4796 altera
798 4748 841 4793 ex
895 4730 1015 4792 vestrae
1040 4743 1099 4807 per
1122 4729 1312 4807 apostolica
1332 4732 1455 4826 scripta
1484 4734 1693 4806 mandamus,

70 4825 222 4894 collatione
238 4834 351 4895 nostra
365 4831 495 4894 cuidam
509 4831 572 4895 tuit
586 4831 742 4908 scriptori
760 4845 841 4892 nos-
895 4829 1261 4907 quatenusrevocantes
1272 4827 1301 4889 si
1314 4829 1391 4906 quid
1403 4829 1488 4892 lorte
1499 4831 1535 4892 in
1544 4833 1693 4910 praedicti

70 4923 107 4981 tm
121 4929 246 5002 collata,
262 4931 302 4992 de
326 4931 431 4992 altera
446 4929 666 4992 investierunt
689 4927 840 4990 eumdem
895 4924 1046 5004 magistri
1056 4925 1285 5003 praejudicium
1294 4929 1467 5006 postquam
1480 4927 1543 4990 iter
1551 4931 1695 5008 arripnit

70 5021 241 5090 etlecerunt
263 5029 371 5107 ipsum
392 5044 453 5108 per
470 5027 628 5106 quosdam
649 5027 838 5103 religiosos
895 5022 1050 5086 veniendi
1062 5023 1104 5086 ad
1121 5023 1238 5085 Sedem
1253 5025 1488 5102 apostolicam,
1499 5027 1693 5121 inveneritis

71 5133 147 5192 unum
162 5125 305 5188 decanus
325 5129 357 5188 et
369 5125 549 5203 capitulum
571 5125 698 5188 nollent
712 5125 775 5187 hoc
790 5124 805 5186 s
822 5156 842 5170 -
874 5146 877 5154 ·
895 5123 1327 5194 attentatum,canonicatus
1337 5124 1370 5184 el
1383 5123 1568 5202 praebendae
1583 5125 1692 5202 ipsum

70 5221 166 5284 cerain
181 5223 321 5286 ecclesia
333 5225 501 5302 tamquam
515 5224 711 5286 canonicum
727 5223 842 5286 iustal·
896 5220 1025 5282 iacietis
1040 5203 1179 5300 pacifica
1195 5221 1406 5298 possessione
1427 5222 1583 5298 gaudere.
1602 5225 1693 5284 Gon·
1813 5283 1817 5292 ,

31 5347 33 5358 =
70 5311 125 5376 lari.
135 5322 193 5382 Sed
207 5323 321 5398 quia...
332 5323 476 5384 decanus
487 5323 520 5385 et
532 5322 714 5400 capitulum
727 5337 841 5399 supra·
895 5318 1091 5380 tradiciones
1113 5317 1141 5377 si
1164 5317 1221 5394 qui
1245 5317 1369 5380 luerint
1390 5318 1443 5378 vel
1466 5319 1608 5380 rebelles
1634 5337 1695 5398 per

69 5411 128 5475 dicti
139 5435 322 5496 quanquam
335 5420 376 5482 ad
385 5435 442 5482 eos
456 5436 520 5481 non
533 5419 841 5499 pertineatcollatio
896 5431 1070 5477 censuram
1096 5412 1515 5494 ecclesiasticam-sublato
1542 5417 1694 5496 appella-

69 5513 296 5581 iraebcndarum
310 5521 525 5596 suggerentes
540 5517 636 5581 nobis
647 5517 734 5596 quod
745 5533 842 5580 man·
895 5512 997 5577 tionis
1011 5511 1183 5574 obstaculo
1199 5513 1457 5590 compescentes.
1475 5515 1611 5590 Quodsi
1627 5533 1693 5580 non

70 5605 199 5674 tammus
224 5617 391 5678 reservari
417 5617 546 5678 nostrae·
561 5615 840 5694 donationiprae-
896 5627 1019 5682 omnes,
1041 5613 1103 5674 etc.
1122 5612 1240 5673 Datum
1255 5610 1395 5672 viterbii
1415 5613 1442 5672 ii
1459 5612 1621 5675 kalendas
1634 5616 1697 5676 de·

70 5700 183 5774 tendam
196 5713 301 5790 primo
313 5713 469 5776 incorum
480 5714 622 5775 ecclesia
633 5717 838 5788 vacaturam,
895 5709 1035 5772 cambris
1050 5708 1261 5787 pontificatus
1277 5711 1382 5770 nostri
1400 5723 1488 5773 anno
1503 5715 1631 5789 quarm.
1675 5759 1678 5766 .
