4198 6322
298 357 334 414 61
916 353 1090 415 HONORII
1113 355 1157 414 111
1179 355 1326 416 canai.
1902 353 1948 414 68

299 513 408 574 autem
438 515 473 574 P.
506 515 577 590 ejus
603 511 824 590 appellatione
849 513 1034 590 contempta
1058 513 1093 574 in
1147 515 1254 588 gratia
1284 513 1498 574 favorabilius
1525 511 1710 586 contovere,
1731 527 1795 590 qno
1820 511 1944 574 exinde

299 610 451 672 abbatem
473 627 508 672 se
529 609 655 672 iaciens
667 608 829 682 benedici,
841 609 1034 686 jamdictum
1050 609 1091 672 N.
1147 610 1196 672 1111
1221 611 1417 688 propensius
1441 611 1646 688 complacere
1674 625 1734 672 nos
1761 609 1940 683 oredimus,

298 708 553 778 tractatumbei
564 707 682 770 timore
697 705 893 782 postposito,
906 707 1090 778 inhoneste,
1148 708 1224 784 qrria
1246 709 1331 784 quod
1358 709 1416 768 uni
1438 723 1480 770 ex
1500 708 1645 768 minimis
1661 707 1730 768 suis
1745 707 1791 779 tlt,
1809 707 1944 768 sibire-

298 820 357 880 per
371 803 522 866 laicalem
536 801 713 882 potentiam
727 801 805 864 tecit
814 803 1002 864 carceribus
1017 819 1094 864 ous-
1150 805 1241 880 putat
1255 821 1330 866 esse
1343 805 1475 866 lactum.
1491 805 1681 866 Deuotionis
1694 805 1812 866 vestrae
1827 804 1940 881 preci-

297 901 397 962 todiae
408 901 600 978 mancipari,
613 899 868 978 acpostmodum
888 899 928 960 de
941 900 1094 977 ipsomo-
1147 899 1208 961 bus
1237 902 1389 963 inclinati
1404 902 1600 964 auctoritate
1614 901 1708 962 vobis
1728 901 1940 978 presentium

298 997 444 1060 nasterio
454 997 551 1075 ejecit
560 997 729 1071 eumdem;
746 999 880 1074 propter
890 995 1092 1074 quodetalia
1147 998 1356 1074 indulgemus
1371 1014 1412 1060 ne
1429 999 1626 1075 spostolicae
1642 999 1737 1060 Sedis
1751 999 1851 1074 legali
1862 1014 1943 1075 pro-

211 1151 214 1160 ,
297 1097 385 1158 idem
401 1097 441 1156 N.
458 1093 713 1173 appellationem
729 1095 959 1170 prosequinon
974 1093 1089 1170 potuit,
1148 1095 1357 1158 curatorssve
1379 1097 1588 1174 pecuniarias
1608 1096 1798 1157 exactiones
1824 1111 1844 1156 a
1868 1111 1942 1157 mo-

303 1209 400 1269 quam
412 1193 530 1254 emisit.
540 1192 634 1253 Unde
645 1191 739 1252 nobis
749 1190 918 1252 humiliter
931 1190 1093 1267 supplica·
1147 1194 1303 1254 nasteriis
1314 1195 1448 1270 exigere
1457 1194 1508 1256 vel
1519 1195 1716 1271 extorquere
1727 1195 1939 1269 praesumant,

297 1291 396 1352 balat
406 1290 577 1367 superboo
587 1288 839 1363 debenignitate
854 1287 948 1348 Sedis
959 1287 1093 1364 Aposto·
1148 1293 1204 1352 sed
1218 1307 1291 1352 oum
1305 1291 1346 1352 ad
1361 1292 1474 1353 domos
1489 1295 1617 1353 vestras
1632 1291 1843 1363 accesserint,
1866 1291 1941 1351 sine

296 1389 369 1449 licae
380 1387 554 1465 providere
570 1385 632 1447 sibi
658 1386 920 1448 misericorditer
932 1386 1091 1461 dignare-
1147 1387 1297 1448 carnium
1324 1403 1394 1460 esu,
1424 1387 1506 1448 cibis
1527 1386 1735 1464 regularibus
1766 1387 1834 1448 sint
1859 1402 1943 1448 oon-

295 1482 1093 1559 marcomirusdiscretionivestraeperaposto-
1146 1483 1239 1545 tenti.
1269 1482 1362 1544 Nulli
1384 1499 1463 1560 ergo
1490 1485 1624 1544 omniuo
1646 1483 1815 1545 hominum
1840 1483 1942 1544 liceat

295 1583 361 1644 lica
378 1581 501 1658 scripta
525 1581 731 1651 mandamus,
754 1581 915 1656 quatenus
934 1579 1092 1656 inquisita
1146 1581 1233 1641 banc
1258 1581 1413 1658 pagiuam
1437 1581 1558 1642 nostrae
1577 1580 1799 1642 concessionis
1814 1579 1941 1640 intrin-

296 1693 395 1756 super
409 1677 461 1738 bis
474 1678 666 1754 diligentius
682 1677 832 1748 veritate,
850 1676 936 1753 quod
949 1676 1090 1737 canoni·
1145 1693 1223 1753 gere
1251 1678 1304 1738 vel
1323 1677 1355 1738 ei
1383 1693 1468 1738 ausu
1490 1677 1669 1740 temerario
1696 1677 1873 1739 contraire.
1903 1677 1940 1738 Si

296 1793 370 1838 cum
403 1775 513 1846 luerit,
541 1773 763 1852 appellatione
795 1773 989 1850 postposita,
1023 1774 1092 1834 sta·
1146 1775 1219 1851 quis
1250 1775 1360 1836 autem
1388 1775 1451 1835 boo
1476 1775 1639 1836 attentare
1675 1761 1938 1852 praesumpserit,

294 1873 406 1944 luatis,
430 1871 590 1933 facientes
610 1870 695 1948 quod
718 1871 933 1932 decreveritis
954 1869 1092 1931 tirmiter
1145 1870 1406 1946 indignationem
1415 1869 1647 1948 omnipotentis
1656 1871 1715 1932 Dei
1727 1874 1759 1932 et
1769 1870 1940 1932 beatorum

295 1969 475 2041 observari,
490 1967 591 2030 nullis
606 1967 725 2030 litteris
739 1967 885 2040 veritati,
907 1969 940 2028 et
950 1965 1090 2044 justitlae
1147 1967 1236 2030 Petri
1249 1970 1281 2030 et
1296 1969 1392 2030 Pauli
1414 1968 1637 2046 apostolorum
1658 1971 1731 2045 ejus
1755 1983 1792 2029 sa
1809 1969 1941 2030 noverit

294 2065 603 2145 praejudicantibus
631 2067 693 2126 etc.
731 2065 824 2137 Quod
862 2065 892 2125 si
919 2080 985 2125 non
1021 2079 1092 2124 om·
1146 2066 1365 2127 incursurum.
1388 2066 1505 2128 Datum
1521 2065 1676 2128 Laterani
1690 2067 1764 2127 xiv
1779 2065 1941 2126 kalendas

294 2181 364 2234 nes,
376 2165 452 2236 etc,
469 2163 534 2224 duo
546 2163 692 2224 vestrum
705 2177 745 2222 ea
759 2161 977 2222 nihilominus
993 2175 1092 2222 exse-
1142 2163 1291 2239 januarii
1301 2161 1513 2240 pontificatus
1528 2161 1633 2225 nostri
1648 2175 1736 2223 anno
1749 2163 1868 2238 primo.

295 2261 450 2338 quantur.
468 2261 587 2322 Datum
610 2258 765 2319 Laterani
780 2258 932 2320 kalendis
955 2257 1089 2320 decem-

295 2359 377 2431 bris,
395 2356 606 2434 pontificatus
620 2371 708 2417 auno
722 2356 831 2418 tertio.

637 2515 744 2601 LXII

292 2653 344 2710 Act
354 2652 536 2710 univorsos
549 2649 686 2710 abbates
697 2647 730 2708 et
740 2647 945 2708 conventam
959 2647 1090 2706 ordinis

566 2745 814 2806 cisterciensis.

565 2857 720 2916 idecemb.
739 2858 816 2916 1218.

409 2963 582 3030 [spicilegium
597 2963 769 3022 biberlanum,
783 2977 810 3028 p.
823 2961 877 3020 7³0,
891 2975 916 3012 n.
930 2961 982 3026 22]

293 3063 426 3136 Indulget
440 3077 476 3118 ue
491 3061 661 3134 Apostolicas
672 3059 752 3117 Sadls
762 3061 849 3132 legati
857 3067 1090 3133 procuratoresve

329 3151 509 3224 pecuniarias
515 3150 679 3206 exactiones
686 3149 720 3205 ab
733 3161 832 3205 eorum
843 3147 1024 3204 monasteriis
1034 3147 1091 3203 axi·

328 3253 399 3313 gere
414 3241 597 3310 presumant.

332 3345 500 3408 Honorius
508 3343 694 3422 episcopus,
709 3358 826 3404 servus
835 3357 1007 3405 servorum
1017 3343 1088 3414 Dei,

294 3441 423 3504 dilectis
437 3440 515 3501 illlis
527 3439 693 3502 universis
708 3437 882 3500 abbatibus
897 3439 931 3499 et
944 3453 1091 3499 conven-

1476 2304 1605 2390 LXIII

1224 2430 1276 2488 Λα
1303 2429 1535 2489 senonensem
1562 2430 1855 2502 oronnpmcopnm

1346 2523 1380 2586 at
1395 2525 1636 2601 suffraganeos
1653 2525 1739 2597 aus.

1411 2639 1427 2694 7
1443 2634 1574 2694 decemb.
1592 2625 1670 2694 1218.

1186 2731 1323 2798 [boensem
1334 2731 1391 2784 ileo.
1403 2731 1447 2782 des
1457 2731 1560 2792 ilistor„
1571 2737 1590 2782 t.
1600 2732 1669 2792 xix,
1680 2745 1706 2797 p.
1715 2731 1771 2784 671.
1782 2731 1889 2799 begeat„

1424 2811 1470 2862 us.
1486 2811 1528 2870 ιιι,
1541 2825 1580 2876 n.
1591 2811 1658 2878 ron]

1146 2899 1215 2960 Cum
1227 2900 1381 2960 Britannia
1397 2915 1495 2958 comes
1509 2901 1812 2960 excommunicationis
1825 2908 1940 2960 senten-

1181 2989 1219 3046 tie
1236 2989 1264 3045 ln
1276 2989 1398 3046 concilio
1410 2991 1569 3048 turonensi
1582 2988 1682 3047 suisset
1696 2991 1870 3063 perstrictus,
1885 3005 1940 3048 neo

1181 3077 1276 3134 mitior
1288 3075 1380 3135 tactus
1394 3076 1531 3136 adversus
1545 3079 1759 3136 Nannetonsem
1773 3079 1938 3148 molosiam,

1180 3165 1324 3238 publicam
1345 3163 1472 3222 extendit
1490 3164 1622 3223 eamdem
1645 3167 1817 3224 sententiam
1839 3168 1937 3224 llono·

1180 3253 1239 3310 rius
1261 3253 1291 3309 in
1313 3253 1475 3326 provincias
1499 3250 1705 3324 Senonensem,
1732 3255 1937 3326 turonensem,

1181 3341 1387 3400 bituricensem
1401 3349 1431 3399 et
1445 3343 1697 3416 Rotomagensem.

1185 3449 1351 3512 Honorius
1369 3449 1593 3528 episcopuss,
1608 3449 1853 3513 venerabilibus
1869 3450 1940 3512 ira-

294 3539 382 3602 tibus
397 3538 627 3599 elsterciensis
642 3537 779 3608 ordinIs,
797 3535 936 3598 salutem
952 3537 985 3596 et
997 3551 1091 3612 apos·
1144 3545 1252 3609 ninus
1276 3547 1460 3610 senonensi
1483 3547 1733 3628 archiepiscopo
1749 3545 1796 3629 (1)
1812 3548 1845 3611 ni
1865 3547 1937 3610 sni.

294 3636 428 3699 tolicam
444 3633 719 3696 benedictionem.

335 3737 415 3794 Cum
425 3735 733 3812 praeterpauperem
743 3731 866 3792 victum
879 3732 912 3791 et
924 3729 1090 3803 vestitum,

294 3833 406 3895 omnia
431 3831 518 3893 bona
534 3830 646 3891 vestra
660 3827 879 3904 hospitalitati
893 3829 926 3888 et
938 3827 1014 3888 aliIs
1028 3827 1092 3904 piis

294 3929 450 4006 operibus
476 3926 722 3989 officiosissime
746 3925 813 3985 sint
828 3925 990 4001 exposita,
1012 3924 1092 3985 satis

295 4028 478 4088 inhumane
500 4025 576 4085 aliis
593 4023 719 4084 anterri
732 4023 864 4084 videtur
878 4019 1094 4099 egenisquid-

296 4123 373 4203 quid
403 4139 423 4184 a
448 4121 542 4184 vobis
557 4121 716 4183 violentia
742 4119 795 4182 vel
816 4119 951 4194 iugenio
975 4119 1091 4179 extor-

296 4223 425 4300 quetur.
442 4221 512 4280 Nec
525 4218 605 4296 quia
618 4217 775 4278 Dominus
790 4229 948 4276 manuum
960 4217 1093 4276 vestra·

296 4336 371 4382 rum
385 4317 540 4396 operibus
551 4314 751 4376 benedicens
766 4313 924 4376 viaticum
939 4313 1092 4390 peregri-

297 4417 442 4479 nationis
455 4399 717 4489 vesuaenuanto
734 4412 839 4487 magis
851 4410 931 4470 illud
946 4410 1094 4472 fraterna

297 4514 436 4576 caritate
473 4512 507 4571 iu
543 4525 623 4571 usus
659 4522 841 4586 pauperum
876 4506 1092 4580 distribuitIs,

297 4613 389 4674 tanto
405 4609 511 4684 magis
526 4606 609 4669 illud
637 4607 765 4668 coelesti
790 4605 958 4667 alluvione
977 4605 1093 4666 multi-

297 4709 411 4788 plicat,
429 4705 509 4766 estis
532 4703 708 4764 deterioris
723 4699 922 4763 conditionis
938 4701 1092 4774 habendi,

299 4806 357 4869 sed
372 4803 482 4881 potius
497 4799 657 4870 melioris,
683 4814 757 4859 cum
776 4799 908 4860 nonnisi
924 4799 1015 4860 vasis
1030 4814 1094 4877 pa-

299 4903 382 4965 ratis
396 4899 539 4962 coelestIs
549 4897 665 4973 gratiae
676 4895 785 4956 oleum
793 4897 997 4968 infundatur,
1008 4896 1095 4973 quod

300 4999 456 5079 pauperis
478 4994 630 5056 mulieris
646 4993 873 5056 deficientibus
888 4995 978 5058 vasis
994 4993 1092 5055 stetit.

300 5096 393 5160 Licet
416 5095 528 5170 igitur,
545 5091 708 5166 largiente
720 5093 870 5165 Domino,
894 5091 1094 5152 monasteria

300 5195 411 5258 vestra
420 5189 599 5268 plussolito
609 5190 838 5265 temporalium
851 5189 990 5250 floreant
1003 5187 1096 5249 uber

299 5295 378 5363 tate,
390 5289 467 5366 quia
479 5289 591 5348 tamen
612 5287 733 5348 exinde
748 5285 946 5363 pauperibus
961 5285 1095 5346 uberius

302 5385 508 5453 subvenitur,
524 5399 584 5445 nos
598 5383 746 5445 volentes
761 5399 800 5444 eo
831 5397 889 5443 vos
904 5381 944 5443 de
959 5382 1095 5460 speciali

339 5534 381 5612 (l)
399 5537 482 5592 Petro
495 5531 530 5591 de
545 5532 684 5592 Corbolio.

337 5609 377 5679 tii
399 5609 512 5663 Petrum
526 5607 713 5662 brocensem.

337 5682 377 5750 ib)
399 5679 535 5734 Mernorat
557 5677 696 5732 llouorlus
716 5674 824 5731 litteras
844 5672 877 5732 ad
897 5674 1010 5730 Petrum
1031 5673 1091 5730 Bri-

1146 3643 1315 3720 iraganeIs
1331 3646 1414 3722 ejus,
1429 3644 1579 3718 salutem,
1597 3645 1658 3708 eto.

1187 3739 1345 3802 Volentes
1376 3739 1520 3802 nobilem
1548 3743 1656 3804 virum
1685 3741 1837 3804 comitem
1865 3743 1941 3804 Bri-

1146 3837 1269 3900 tanniae
1286 3835 1334 3917 (2)
1354 3837 1619 3900 commonitionis
1640 3839 1761 3902 divinae
1783 3839 1939 3902 tonitruIs

1147 3935 1313 4009 excitare,
1342 3951 1400 4008 ne,
1431 3935 1606 3998 oblivionis
1634 3936 1701 3998 alto
1725 3936 1855 3999 somnio
1880 3935 1940 3998 de-

1148 4048 1288 4104 mersus,
1301 4039 1367 4094 non
1383 4030 1519 4110 adJiciat
1536 4033 1572 4093 in
1591 4035 1756 4110 posterum
1770 4035 1807 4094 ut
1820 4049 1936 4095 resur-

1148 4131 1220 4206 gat,
1256 4145 1357 4207 quum
1392 4125 1634 4192 districtionem
1655 4131 1935 4204 ecclesiastIcam,

1148 4241 1257 4302 quam,
1288 4219 1449 4288 ancillare
1472 4227 1623 4288 conando
1645 4226 1820 4290 ecclesiam
1841 4230 1938 4290 Nan-

1148 4322 1329 4391 netensem,
1344 4323 1486 4384 incurrit
1499 4322 1676 4400 longojam
1690 4323 1849 4402 tempore,
1865 4339 1940 4386 oon-

1148 4414 1323 4481 temnendo
1339 4435 1398 4496 per
1412 4418 1654 4498 desperationis
1668 4419 1822 4482 videatur
1835 4436 1940 4482 vora·

1149 4516 1258 4592 ginem
1284 4514 1453 4577 absorberi
1483 4513 1543 4596 (3),
1573 4517 1817 4596 propterquod
1841 4517 1942 4583 habet

1149 4608 1290 4677 ecclesia
1312 4612 1398 4673 unde
1413 4609 1454 4674 de
1474 4613 1559 4675 tanti
1574 4612 1635 4674 11111
1649 4613 1834 4690 perditione
1855 4630 1941 4692 que-

1149 4711 1253 4781 ratur,
1270 4708 1473 4770 tbateruitati
1494 4712 1614 4772 vestrae
1633 4699 1846 4786 praesentium
1861 4727 1943 4772 auc-

1148 4807 1283 4869 toritate
1319 4805 1532 4878 mandamus,
1572 4807 1751 4883 quatenus,
1791 4807 1941 4868 eumdem

1149 4903 1302 4964 comitem
1322 4903 1445 4978 singull
1463 4905 1609 4964 vestrum
1625 4919 1684 4979 per
1695 4903 1855 4966 dioeceses
1870 4919 1943 4980 pro·

1143 4999 1240 5075 ‘prius
1252 4998 1575 5060 excommunicatam
1588 4997 1719 5076 publice
1732 4999 1940 5073 nunciantes,

1150 5095 1280 5157 faciatis
1294 5095 1370 5157 amn
1380 5096 1415 5155 in
1428 5093 1596 5172 praedictis
1608 5091 1805 5157 dioecesibus
1815 5097 1943 5158 arctius

1150 5193 1281 5266 evitari,
1305 5191 1448 5254 utitem
1469 5193 1557 5254 inter
1581 5193 1733 5255 homines
1748 5194 1886 5269 positus,
1911 5197 1944 5256 et

1140 5303 1263 5352 eorum
1276 5294 1393 5352 carens
1406 5289 1595 5377 solatiosi
1607 5291 1777 5352 (inustum
1792 5289 1942 5351 ecelesiae

1143 5391 1317 5464 sponsum,
1344 5387 1399 5464 tint
1423 5400 1498 5448 eum
1522 5389 1647 5464 genuit,
1670 5389 1705 5449 at
1726 5401 1823 5464 quem
1844 5385 1943 5447 dese-

1149 5535 1253 5592 tanuiae
1267 5511 1401 5590 comitem
1418 5535 1549 5606 scriptas,
1568 5533 1754 5608 quibuscum
1773 5531 1910 5592 determit
1927 5549 1943 5591 a

1149 5603 1316 5662 divexaudis
1339 5605 1532 5661 Nannatensis
1561 5605 1693 5662 ‘ecclesiae
1724 5599 1844 5663 clericis.
1868 5603 1942 5664 ‘vide

1149 5689 1238 5746 supro
1257 5676 1286 5731 io
1299 5673 1354 5730 hoo
1370 5682 1456 5744 tomo,
1469 5675 1521 5731 col.
1537 5674 1563 5730 3.
