3978 6292
100 407 157 470 393

99 561 336 636 suborientem
353 577 454 638 super
463 563 533 640 jam
547 560 719 638 acquisitis
734 575 833 638 quam
849 560 889 622 de

96 661 228 732 caetero,
247 659 346 722 dante
360 658 511 730 Βοιιιιιιο,
524 657 744 734 acquirendis,
758 658 888 734 plenam

97 757 158 835 ipsi
174 758 282 834 legato
298 753 449 834 (Pelagio
469 755 597 817 scilicet
618 755 773 831 episcopo
784 755 888 818 hiba-

98 855 203 926 nensi,
230 869 326 931 quem
346 852 446 931 paulo
469 853 546 914 ante
571 852 611 914 ob
637 851 889 914 similitudinem

97 951 242 1012 muneris
255 967 319 1027 quo
331 951 366 1011 in
381 950 440 1011 Dei
454 949 604 1010 exercitu
615 949 814 1025 apostolice
829 951 890 1010 Se-

97 1049 147 1109 dis
171 1049 305 1111 nomine
332 1047 544 1122 fungebatur,
570 1048 671 1108 desua
699 1045 890 1122 appellave-

98 1143 176 1224 rat),
193 1146 260 1208 tam
276 1145 311 1205 in
325 1143 562 1220 temporalibus
571 1159 669 1220 quam
682 1143 717 1204 ln
732 1143 890 1219 spiritua-

98 1242 185 1304 libus
198 1241 425 1307 commisimus
441 1241 635 1318 potestatem
656 1240 701 1302 lta
717 1241 753 1301 nt
767 1255 826 1316 per
841 1255 887 1314 se,

98 1341 153 1400 aut
173 1355 235 1417 per
259 1339 344 1400 alios
365 1337 470 1400 libere
492 1337 582 1400 illem
602 1337 767 1410 exerceat,
794 1339 890 1414 prout

97 1453 150 1498 res
170 1435 338 1500 videbitur
356 1435 537 1512 postulare.
556 1434 699 1511 Ideoque
718 1435 888 1496 universi-

97 1535 196 1598 tatem
215 1535 360 1598 vestram
379 1547 535 1608 rogamus
554 1532 712 1596 attentius
726 1533 759 1594 et
775 1532 891 1594 borta-

97 1649 186 1703 mur,
214 1646 275 1708 per
294 1629 601 1715 Apostolicalvobis
623 1630 746 1706 scripta
772 1631 891 1706 praeci·

99 1731 219 1808 piendo
238 1729 614 1804 mandantes,quatenus
629 1727 736 1789 eidem
750 1727 786 1787 in
801 1743 889 1804 prae-

62 1823 64 1830 '
99 1828 195 1890 dictis
213 1826 376 1890 'omuibus
399 1825 517 1887 devote
545 1839 584 1887 ac
607 1823 779 1887 humiliter
800 1840 890 1886 more

98 1925 194 1988 solito
207 1914 398 1986 intendatis.
414 1924 531 1984 ilatum
543 1921 682 1984 Vlterbii
696 1924 740 1982 vl
755 1921 886 1984 kalend.

99 2023 221 2094 martii,
239 2021 449 2099 pontificatus
465 2019 571 2080 nostri
588 2033 676 2080 anno
696 2021 749 2079 IV.

387 2196 602 2284 LXXXVII

126 2336 177 2394 Ad
197 2332 353 2394 abeodem
376 2331 409 2392 ar
423 2331 629 2392 conuentum
648 2331 863 2404 chiotntcn.

397 2443 433 2502 td
444 2441 499 2500 leb.
512 2441 590 2502 lito.

122 2554 243 2617 [Regnat.,
256 2551 303 2602 lib.
314 2551 356 2610 IV,
371 2550 443 2613 epist.
454 2547 508 2599 ccl.
521 2548 579 2598 llas.
591 2547 629 2598 La.
642 2549 715 2599 Porta
727 2549 761 2600 du
772 2547 865 2615 Thali]

101 2658 211 2716 lubibet
227 2671 263 2716 ns
280 2658 344 2730 quis
359 2655 567 2714 monachorum
584 2656 710 2727 ipsorum
725 2657 890 2714 monasterti

131 2749 194 2804 sins
202 2755 363 2804 censemus
369 2747 471 2804 litteris
483 2749 634 2821 pecuniam
650 2753 749 2805 mutuo
762 2746 891 2819 accipere

133 2836 237 2908 possit.

136 2945 318 3016 Honorius,
340 2945 416 3017 etc„
436 2946 566 3008 dilectis
590 2945 705 3008 liliis...
728 2943 840 3006 abbati
860 2945 893 3006 et

101 3041 276 3104 conventui
287 3041 508 3118 nquiclnten,
526 3042 677 3113 salutem,
693 3042 755 3102 etc.

128 3140 433 3212 Quiameliusestin
441 3140 588 3216 tempore
599 3153 784 3208 occurrere,
793 3152 890 3214 quam

102 3236 172 3312 post
185 3238 313 3298 exitum
327 3235 509 3307 vindicare,
524 3234 733 3298 indemnitati
742 3233 891 3296 ecclesiae

102 3335 218 3396 vestrm
239 3334 376 3408 paterna
398 3333 621 3394 sollicitudine
639 3331 813 3409 prouidere
827 3347 891 3392 vo·

102 3430 215 3502 lentes,
232 3431 429 3492 auctoritate
450 3429 664 3507 praesensum
688 3428 889 3498 inhibemus,

102 3543 140 3588 ne
155 3527 259 3588 alicui
272 3527 510 3588 monachorum
529 3526 722 3588 monasterii
738 3527 839 3588 vestri
855 3525 893 3586 li·

102 3626 174 3687 ceat
187 3624 363 3702 pecuniam
385 3624 537 3700 accipere
560 3626 673 3686 mutuo
702 3623 775 3684 sine
806 3639 890 3684 con-

102 3724 218 3784 ventus
235 3721 366 3792 litteris,
375 3721 409 3782 et
423 3737 573 3792 assensu,
587 3721 620 3782 et
634 3721 662 3781 si
677 3719 789 3782 forsan
800 3720 894 3796 quis-

104 3833 198 3894 quam
218 3819 335 3880 contra
356 3817 589 3880 inhibitionem
622 3819 770 3879 nostram
792 3831 892 3878 ucce-

103 3916 207 3990 perit,
250 3914 459 3976 decernimus
500 3913 739 3976 monasterium
773 3913 893 3976 exinde

103 4012 236 4072 minime
250 4010 402 4086 obligari.
418 4011 510 4072 Nulli
525 4027 616 4086 ergo,
633 4012 708 4078 etc„
725 4010 812 4071 banc
833 4025 895 4086 pa·

103 4109 215 4182 ginam
230 4108 352 4169 nostrae
364 4107 584 4180 inhibitionis
609 4108 671 4168 etc.
689 4107 725 4168 Si
743 4106 817 4184 quis
832 4123 894 4168 au-

103 4207 178 4272 tam,
193 4205 257 4268 etc.
273 4205 346 4266 Dat.
369 4204 521 4278 viterbii,
546 4203 662 4280 quinto
680 4203 746 4264 kal.
769 4203 891 4276 martii,

104 4300 312 4376 pontificatus
323 4301 428 4364 nostri
440 4317 529 4364 anno
545 4302 674 4380 quarto.

378 4478 616 4576 LXXXVIII

104 4621 152 4682 Ad
161 4623 321 4697 priorem
331 4621 365 4684 cl
378 4623 510 4696 fratres
518 4622 707 4694 conventos
718 4623 753 4684 s.
768 4623 895 4683 Marte

403 4721 444 4782 dc
470 4721 595 4780 Vincis.

396 4831 431 4890 27
450 4829 506 4889 leb.
524 4829 602 4890 tlte.

200 4935 317 5001 [etpollt
328 4935 396 4990 eall.
406 4937 461 4988 ord.
474 4935 590 4994 Prodit„
601 4935 656 4996 vll,
667 4951 697 4998 ιι,
706 4945 734 4988 ιι·
743 4935 795 5001 an]

105 5035 183 5106 lpsos
208 5033 306 5094 laudat
327 5033 402 5107 qmd
427 5032 527 5092 trahes
545 5033 653 5092 ordims
675 5033 894 5094 Predlcatorurn

138 5123 166 5182 in
179 5137 261 5182 sacra
276 5123 382 5196 pagins
394 5121 541 5182 studentes
559 5121 635 5197 apud
653 5123 780 5182 Parisios
794 5122 893 5182 oculo·

138 5219 233 5270 vesut.

142 5319 320 5393 Honorius,
334 5321 411 5392 ιιι..
428 5320 559 5384 dilectis
571 5319 650 5382 fllils
664 5319 771 5397 priori
781 5322 816 5383 ιι
831 5321 895 5383 lra-

106 5415 208 5478 trlbns
221 5420 452 5482 convenisse.
471 5419 587 5480 ldariae
608 5417 779 5480 devincis
798 5421 894 5482 ιιιιι

107 5513 236 5576 Portam
269 5515 432 5576 Parisien.
462 5515 661 5588 constitutis,
691 5516 834 5578 salutem
862 5517 895 5580 ιι

107 5611 316 5686 apostolmam
331 5611 606 5674 benedictionem.

146 5707 280 5772 Gratum
294 5710 439 5785 gerimus
454 5709 538 5786 quod
558 5709 695 5772 dilectos
718 5709 804 5772 tilios
827 5710 896 5772 lra-

714 403 941 464 EPISTOLAE.
965 404 1042 464 LlB.
1066 405 1120 464 lv.

1677 404 1736 462 394

944 560 1011 622 tres
1026 561 1153 624 ordinis
1176 561 1433 624 PraedIcatorum
1452 561 1486 623 in
1501 577 1597 623 sacra
1612 559 1734 638 pagina

945 657 1113 719 studentes
1128 658 1213 734 apud
1229 659 1376 720 Parisios
1390 659 1424 719 in
1439 656 1623 719 ulscerIbus
1644 657 1735 718 cari·

943 753 1021 814 tatis
1044 754 1175 822 vestre,
1205 753 1336 831 pietatis
1374 753 1493 815 clflciis
1521 753 1735 815 laudabiliter

943 848 1159 923 confoveatis,
1184 855 1246 914 etc.
1264 852 1419 913 Datum...
1451 853 1494 912 lv
1518 851 1586 912 kal.
1607 849 1731 922 Martii,

944 947 1155 1023 pontificatus
1170 949 1277 1010 nostri
1292 963 1380 1010 anno
1395 949 1524 1025 quarto.

1244 1142 1438 1230 LXXXIX

943 1275 996 1334 Ad
1028 1276 1196 1336 decentum
1220 1277 1339 1336 Sancti
1372 1276 1545 1350 stennone,
1581 1277 1738 1348 priorem

983 1371 1102 1432 Socctt
1112 1375 1224 1442 Ραιιιι,
1237 1373 1270 1432 ιι
1280 1373 1459 1434 cautorem
1473 1373 1591 1435 Soracte·
1606 1374 1737 1434 lodou-

982 1471 1039 1529 ιιιι
1053 1469 1322 1530 Βιιιιιιιῑιιιιιιιι.

1244 1591 1279 1648 28
1298 1589 1353 1648 [ab.
1376 1591 1455 1649 lato.

969 1703 1088 1768 [Regast.,
1100 1703 1145 1754 lib.
1157 1705 1199 1764 lv,
1211 1705 1285 1769 epist.
1297 1705 1353 1755 cll.
1369 1706 1426 1756 llss.
1439 1708 1475 1757 La
1488 1707 1563 1756 Porta
1573 1705 1608 1755 du
1617 1704 1713 1770 Tuan]

945 1815 1073 1874 Tutelsm
1096 1816 1247 1875 abbatisse
1275 1825 1303 1875 et
1327 1825 1486 1879 conveolus
1525 1817 1735 1878 Romaricensls

1043 1905 1180 1963 adversus
1190 1907 1376 1964 molestantes
1391 1909 1434 1963 eis
1447 1905 1639 1966 commendat.

986 2023 1164 2095 Honorius
1190 2025 1266 2096 etc,
1307 2023 1437 2086 dilectis
1468 2022 1583 2084 liliis...
1612 2022 1737 2084 decano

947 2121 1059 2182 Sancti
1080 2120 1276 2197 Stephani...
1299 2121 1405 2200 priori
1423 2121 1531 2182 sancti
1546 2120 1642 2182 Pauli
1665 2121 1734 2181 et...

946 2219 1075 2280 cantori
1095 2219 1221 2279 'Sancti
1248 2217 1410 2282 Jchanuis
1440 2217 1618 2288 Bisuntin„
1646 2217 1739 2278 salu-

945 2315 1102 2385 temeto.

988 2415 1166 2484 Succensa,
1181 2411 1272 2474 velut
1283 2412 1371 2488 ignis
1382 2411 1535 2488 impietas
1549 2411 1641 2474 tanto
1658 2427 1740 2472 con-

945 2509 997 2571 tra
1013 2507 1183 2582 ecclesias,
1206 2511 1239 2571 et
1252 2525 1413 2587 personas
1428 2509 1735 2570 ecclesiasticasva·

946 2605 1046 2666 lidius
1061 2606 1296 2677 inflammatur,
1311 2607 1432 2682 quanto
1445 2607 1591 2668 rariores
1609 2605 1664 2683 qui
1681 2621 1738 2668 aas

947 2702 1066 2764 eruant
1089 2701 1218 2763 invenit
1241 2701 1435 2778 objectores.
1457 2705 1565 2774 Quare
1587 2717 1659 2774 nos,
1680 2702 1738 2779 qui

946 2799 1141 2876 disponente
1165 2799 1314 2870 Domino,
1341 2799 1418 2860 licet
1442 2799 1598 2860 immeriti
1625 2814 1738 2860 curam

945 2897 1098 2956 tenemur
1110 2910 1225 2970 gerere
1240 2896 1441 2970 generalem,
1471 2895 1517 2956 ibi
1535 2895 1653 2956 lortius
1672 2911 1732 2957 re·

946 2992 1065 3054 sistere
1090 2991 1250 3066 cogimur,
1274 2991 1330 3052 ubl
1353 2993 1602 3068 persecutorum
1618 2992 1740 3052 imma-

946 3087 1033 3150 nitas
1060 3088 1279 3164 periculosius
1294 3089 1507 3150 excandescit
1528 3092 1561 3150 et
1587 3088 1738 3166 objectus

946 3184 1087 3248 debilior
1098 3185 1278 3248 invenitur.
1295 3186 1375 3246 Cum
1390 3186 1493 3262 igitur
1503 3186 1589 3248 sicut
1608 3186 1737 3248 dilectae

946 3283 981 3343 in
1006 3283 1136 3344 Christo
1160 3283 1274 3344 llliae...
1309 3282 1478 3344 abbatIssa
1497 3284 1530 3346 et
1556 3284 1739 3346 conventus

946 3379 1155 3441 Romaricen.
1197 3379 1292 3440 nobis
1331 3379 1473 3443 feliciter
1521 3380 1736 3452 intimarunt,

947 3477 1048 3538 llante
1061 3475 1191 3539 turbine
1205 3477 1370 3555 aquilonis
1384 3478 1652 3554 persecutionum
1669 3477 1740 3538 lor-

947 3589 1015 3636 nax
1037 3573 1197 3635 adversus
1214 3589 1270 3634 eas
1290 3575 1323 3636 et
1337 3590 1452 3636 earum
1465 3575 1643 3636 ecclesiam
1660 3590 1739 3652 sep-

946 3671 1075 3748 tuplum
1091 3686 1187 3748 quam
1215 3671 1370 3732 succendi
1388 3670 1493 3734 soleat
1518 3672 1738 3733 succendatur

947 3769 980 3829 et
989 3767 1116 3844 jugiter
1129 3767 1322 3840 invalescat,
1340 3784 1414 3830 cum
1435 3785 1476 3830 ex
1492 3785 1592 3830 sexus
1609 3768 1741 3844 fragili-

947 3865 1014 3926 tate
1026 3863 1224 3926 imbecillior
1236 3865 1279 3926 sit
1292 3865 1341 3927 eis
1360 3865 1505 3941 potentia
1519 3865 1738 3942 repugnandi,

946 3961 1741 4040 neantequamecclesiamipsamomninoexhau·

947 4059 1023 4130 riat,
1040 4059 1073 4120 et
1087 4060 1216 4130 exurat,
1230 4058 1261 4120 ai
1272 4073 1467 4120 succurrere
1486 4058 1693 4121 intendentes
1709 4062 1742 4124 ιι

947 4155 1214 4234 persecutoribus
1224 4155 1325 4218 eliam
1335 4157 1511 4218 consulere
1523 4157 1741 4219 nihilominus

948 4253 1158 4325 arbitrantes,
1176 4269 1218 4315 ne
1233 4269 1252 4314 a
1268 4253 1413 4314 fornacis
1423 4269 1520 4332 quam
1536 4251 1741 4316 succendunt

947 4350 1107 4427 voragine
1131 4366 1206 4412 cum
1227 4349 1391 4410 Chaldaeis
1416 4351 1574 4426 perpetuo
1599 4365 1739 4412 succen-

948 4448 1079 4519 dantur,
1103 4447 1295 4509 discretioni
1317 4449 1439 4510 vestrae
1471 4463 1531 4524 per
1550 4448 1741 4524 apostolica

949 4545 1072 4621 scripta
1094 4543 1317 4622 precipiendo
1337 4543 1548 4617 mandamus,
1578 4548 1741 4624 quatenus

949 4641 1135 4714 ecclesiam,
1154 4642 1188 4702 ιι
1208 4655 1366 4716 personas
1387 4641 1563 4717 praedictas
1584 4658 1644 4720 pro
1659 4643 1743 4706 viri-

950 4738 1011 4798 bus
1025 4735 1248 4804 defendentes,
1273 4735 1425 4814 quotiens
1446 4737 1487 4800 ab
1509 4737 1592 4816 ipsis
1611 4737 1740 4800 fueritis

949 4833 1100 4913 requisiti
1114 4831 1287 4910 quoslibet,
1310 4833 1367 4910 qui
1382 4833 1431 4894 ιιι
1451 4833 1486 4895 in
1509 4836 1670 4918 personis,
1687 4835 1740 4897 rel

948 4931 1048 4993 rebus
1062 4931 1336 5008 praesumpserint
1351 4931 1521 4994 molestias
1536 4933 1740 5011 velinjurias

950 5028 1112 5104 irrogare,
1126 5028 1161 5090 ut
1176 5027 1216 5088 ab
1227 5041 1342 5090 eorum
1355 5029 1500 5090 indebita
1512 5030 1741 5091 molestatione

949 5125 1121 5197 desistant,
1142 5125 1175 5186 et
1197 5124 1237 5186 de
1260 5125 1364 5188 illatis
1383 5125 1518 5203 inJ'uriis
1538 5124 1741 5188 satisfactio-

949 5239 1024 5286 nem
1037 5222 1085 5286 ιιι
1098 5221 1277 5286 exhibeant
1292 5225 1541 5299 competentem,
1559 5223 1740 5286 monitione

950 5319 1131 5397 praemlssa,
1141 5335 1202 5396 per
1217 5335 1392 5382 censuram
1404 5319 1664 5382 eccleslasticam
1680 5336 1742 5398 ap-

949 5417 1126 5494 pellatione
1147 5417 1274 5478 remote
1299 5417 1429 5478 ratione
1447 5417 1573 5493 praevia
1595 5418 1741 5496 compel-

949 5514 1036 5578 latis.
1051 5513 1142 5586 Quod
1157 5513 1186 5573 si
1197 5527 1262 5574 nou
1275 5525 1400 5584 omnes,
1413 5514 1491 5585 etc,
1506 5513 1736 5585 dnovestrum,

949 5613 1012 5674 etc.
1035 5611 1152 5674 Datum
1175 5609 1326 5682 Viterbii,
1351 5609 1496 5672 secundo
1520 5611 1586 5673 lsal.
1615 5611 1737 5686 martti,

950 5707 1165 5786 pontificatus·
1174 5707 1278 5770 nostri
1293 5724 1382 5771 anuo
1397 5709 1526 5786 quarto.
