4088 6306
137 325 213 386 213
767 323 994 386 EPISTOLAE.
1017 325 1095 385 LIB.
1120 325 1175 385 ΙΙΙ.
1735 325 1794 386 214

141 499 294 546 maerore
307 483 448 556 deliciet,
464 483 493 544 si
508 499 573 545 non
592 481 745 544 babuerit
758 483 942 561 adjutorem
998 499 1137 562 quorum
1163 483 1256 544 vobis
1280 482 1361 545 tides
1387 483 1486 561 atque
1514 483 1686 562 prudentia
1714 487 1792 547 nota

141 583 191 642 ad
220 581 499 657 comprimendam
527 580 684 657 apostatae
702 579 851 656 praedicti
866 596 943 641 ma·
999 581 1081 652 erat,
1102 581 1305 643 unanimiter
1319 582 1523 652 contulistis,
1540 583 1672 657 recepto
1685 581 1727 642 ab
1745 582 1794 642 ais

142 678 270 747 litium,
285 678 442 739 insistere
456 677 680 753 dignaremur.
697 676 858 750 Quocirca
872 677 944 737 dis·
999 679 1217 754 corporaliter
1233 679 1434 754 juramenta
1456 679 1541 755 quod
1561 679 1626 756 ipsi
1644 676 1794 740 ecclesiae

142 775 293 836 cretioni
308 778 427 838 vestrae
447 774 704 852 perllpostolica
717 774 839 850 scripta
849 789 945 834 man·
1000 791 1059 852 per
1070 775 1265 837 electionem
1281 792 1341 837 seu
1357 776 1611 853 postulationem
1624 774 1713 836 bona
1729 775 1795 838 fide

143 873 280 944 damus,
290 872 454 950 quatenus
462 871 583 933 dictam
592 871 944 933 excommunicationis
1000 873 1040 934 de
1057 887 1199 951 persona
1218 872 1338 934 idonea
1353 873 1527 949 providere
1549 874 1715 935 curarant.
1732 872 1795 946 Qui

144 971 352 1033 sententiam
369 969 592 1048 persingulas
611 970 736 1030 circ-nm
756 968 946 1044 adjacentes
999 970 1202 1032 unanimiter
1216 971 1483 1032 inreparabilem
1495 969 1630 1032 tratrem
1644 970 1794 1030 nostrum

142 1067 343 1145 provincias
363 1068 396 1129 et
410 1067 582 1139 dioeceses,
597 1067 736 1142 singulis
751 1065 866 1127 diebus
881 1065 944 1127 do·
1001 1068 1182 1144 Lingonen.
1209 1069 1410 1145 episcopum,
1427 1067 1534 1128 virum
1552 1066 1632 1138 vita,
1651 1065 1794 1127 scientia

143 1165 284 1226 mininis
299 1165 332 1226 et
346 1162 485 1236 festivis,
501 1163 639 1240 pulsatis
650 1163 820 1239 campanis
833 1163 947 1224 etcan-
1001 1166 1034 1226 et
1056 1164 1144 1231 lama
1170 1165 1381 1241 conspicuum
1412 1163 1660 1234 concordanter,
1687 1163 1795 1239 ipsum

143 1261 237 1323 delis
257 1262 420 1333 accensis,
448 1260 574 1322 tamdiu
599 1259 730 1321 metatis
750 1259 947 1322 auctoritate
1002 1261 1234 1340 postulandum
1254 1262 1434 1324 anobisin
1445 1261 1589 1340 capitulo
1604 1260 1797 1322 solemniter

145 1359 268 1420 nostra
285 1358 479 1420 solemniter
491 1356 665 1434 publicari,
684 1357 760 1418 loca
774 1356 809 1417 in
828 1355 946 1433 quibus
1002 1361 1226 1431 nominarunt,
1242 1360 1328 1438 quod
1342 1375 1401 1422 vos
1421 1360 1495 1436 pari
1509 1360 1585 1420 voto
1602 1361 1635 1420 et
1646 1356 1796 1419 unanimi

144 1456 269 1531 ipsaB.
284 1469 411 1518 moram
426 1453 542 1516 iecerit
555 1453 589 1514 et
603 1450 722 1514 dictam
744 1453 788 1512 M.
805 1452 947 1513 detineri
1002 1457 1166 1518 desiderio
1181 1459 1390 1534 acceptantes
1408 1457 1503 1518 nobis
1518 1455 1690 1516 humiliter
1712 1468 1796 1529 sup-

145 1551 340 1628 contigarit,
356 1551 580 1628 supponentes
596 1549 819 1611 ecclesiastico
838 1549 946 1610 inter·
1003 1554 1161 1632 plicastis,
1187 1555 1224 1615 ut
1245 1554 1393 1616 eumdem
1428 1554 1618 1630 episcopum
1643 1549 1738 1612 vobis
1762 1549 1797 1612 in

144 1649 253 1720 dicto,
265 1647 369 1710 donec
382 1647 529 1708 idemvir
541 1645 685 1722 iniquus,
698 1646 739 1707 ab
746 1660 861 1708 errore
874 1661 945 1719 suo,
1002 1653 1168 1728 pastorem
1179 1651 1360 1714 concedere
1370 1650 1595 1726 dignaremur.
1608 1649 1679 1710 Nos
1695 1647 1800 1722 igitur

147 1747 181 1806 si
210 1761 231 1808 e
254 1748 322 1806 Dee
348 1744 460 1806 (ieiuni
483 1743 595 1814 iperii,
620 1742 831 1820 resipiscens,
850 1744 948 1819 juxta
1004 1764 1194 1827 processum
1213 1750 1360 1809 restrum
1383 1761 1441 1824 per
1467 1747 1605 1808 dilectos
1630 1745 1718 1805 lilios
1741 1743 1796 1804 W.

146 1843 383 1919 praescriptam
400 1841 549 1912 sormam,
569 1838 691 1901 (liciam
704 1842 749 1900 M·
766 1839 830 1914 ipsi
845 1840 947 1900 resti·
1003 1847 1171 1907 cantorem
1181 1846 1214 1906 et
1226 1846 1412 1907 iohannem
1423 1843 1619 1906 canonicum
1627 1841 1735 1926 ipsius
1748 1854 1799 1901 ec·

146 1939 421 2009 tuatcomitissae,
436 1936 644 1998 satisfaciens
658 1951 803 2012 congrue
813 1935 853 1996 de
864 1951 950 1996 com·
1004 1943 1126 2016 clasiae,
1144 1957 1226 2019 quos
1249 1942 1383 2018 propter
1396 1941 1460 2002 boc
1479 1940 1519 2002 ad
1539 1941 1687 2000 nostram
1711 1952 1801 2013 prae-

147 2037 267 2098 missis
292 2037 325 2096 et
343 2035 385 2096 ad
406 2034 690 2096 conversationem
717 2033 891 2094 h0nesiem
917 2034 950 2093 ei
1004 2041 1145 2102 sentiam
1156 2039 1357 2110 destinastis,
1368 2037 1553 2099 examinari
1567 2037 1607 2097 de
1619 2049 1711 2096 more
1724 2049 1800 2094 curn

149 2132 401 2194 observantiam
423 2130 587 2192 clericalis
607 2128 735 2193 ordinis
749 2129 947 2191 revertatur.
1004 2137 1177 2213 diligentia
1207 2135 1382 2206 faciontes,
1409 2133 1665 2210 postulationem
1690 2131 1798 2206 ipsam

149 2231 268 2292 Dictus
294 2231 404 2291 autem
439 2227 569 2290 nobiles
597 2229 630 2288 ei
664 2226 749 2288 elios
785 2225 950 2303 quoslibet
1005 2235 1193 2297 invenimus
1209 2232 1403 2294 canonicam
1419 2231 1452 2292 ai
1472 2228 1680 2291 concordem.
1704 2225 1797 2288 Unde

149 2328 302 2388 seniores
327 2325 486 2406 epesieiee
522 2324 721 2402 supradicti,
755 2339 885 2385 pernen
917 2323 951 2384 ei
1005 2349 1079 2393 cum
1093 2329 1256 2408 praeclara
1274 2329 1341 2391 sint
1355 2327 1472 2390 marita
1483 2325 1654 2403 postulati,
1671 2339 1731 2385 nos
1743 2338 1825 2385 ec-·

150 2424 278 2486 dictem
301 2424 402 2485 etiem
422 2423 655 2496 Merssereienn
670 2421 699 2481 si
713 2422 805 2484 tenio
822 2419 950 2496 flagitio
1005 2429 1116 2490 clasiae
1126 2428 1364 2504 vestraa,quam
1379 2425 1517 2502 speciali
1529 2423 1669 2484 caritate
1682 2419 1799 2496 diligi-

151 2521 294 2583 invenie
314 2520 416 2582 feerit
434 2518 632 2591 censeriis,
649 2533 712 2579 ree
735 2517 860 2579 merite
880 2519 952 2578 eir·
1006 2542 1088 2598 mus,
1103 2526 1242 2604 paterna
1257 2522 1445 2600 satagentes
1457 2519 1680 2584 sollicitudine
1694 2515 1802 2596 provi·

151 2617 277 2686 (iperii,
307 2633 383 2678 erm
406 2615 559 2695 potnerit,
582 2631 602 2676 e
626 2630 686 2676 sue
705 2614 861 2676 recedere
875 2629 951 2675 rer·
1006 2622 1095 2696 dare,
1118 2622 1372 2700 postulationem
1384 2620 1491 2696 ipsam
1504 2617 1659 2679 duximus
1679 2613 1802 2677 admit-

152 2717 304 2792 ruptore,
322 2711 741 2792 perexcommunicationis
756 2711 951 2774 nominatim
1006 2720 1149 2792 modam,
1173 2719 1325 2781 eumdem
1346 2717 1537 2794 0p1500pum
1554 2728 1665 2776 arura
1682 2711 1802 2788 pingo.

152 2812 191 2878 in
206 2826 377 2890 personas,
399 2811 432 2872 ei
445 2810 481 2870 ir
501 2807 646 2871 semilies
668 2807 701 2870 ei
714 2809 822 2870 terres
836 2823 951 2869 eorum
1007 2817 1242 2879 nenecclesiae
1254 2809 1797 2888 absolutumrobisinpontiilcem

152 2908 326 2972 interdicti
341 2907 522 2969 sententias
535 2922 554 2966 a
567 2905 681 2968 lavore
695 2905 809 2982 ipsius,
822 2903 952 2966 sublato
1007 2914 1236 2976 corrodentes,
1264 2912 1424 2984 Quocirca
1450 2907 1660 2970 universitati
1678 2907 1799 2967 vestrae

154 3003 392 3083 flppellsiifflris
408 3003 590 3075 Obsieeuln
606 3002 834 3080 compescatis,
856 3003 889 3064 et
901 3000 952 3061 la·
1008 3028 1066 3089 par
1079 3010 1268 3089 Apostolica
1280 3009 1403 3086 scripta
1416 3006 1622 3078 mandamus,
1635 3003 1801 3080 quatenus

154 3103 256 3165 cisiis
269 3103 443 3178 pimenii
458 3099 655 3162 senisssiiem
669 3114 773 3175 usque
791 3098 833 3159 ed
849 3097 951 3160 reiis·
1007 3111 1038 3172 ai
1054 3113 1211 3186 tanquam
1226 3107 1313 3185 patri
1330 3107 1363 3169 et
1380 3105 1505 3184 pastori
1519 3103 1631 3166 rastro
1642 3113 1803 3163 reveren·

154 3199 336 3262 factionem
360 3195 556 3273 condignam
575 3194 815 3258 inviolabiliter
838 3193 955 3256 obser-
1008 3209 1087 3269 tiam
1104 3209 1137 3268 ot
1162 3203 1384 3267 obedientiam
1400 3202 1563 3272 devotam,
1586 3200 1619 3262 et
1642 3197 1802 3260 humilem

153 3297 248 3371 ierit
263 3293 419 3372 praefaiilss
430 3293 658 3354 secerdOiessi
668 3292 845 3356 elericosei
855 3292 951 3364 eli0⁸r
1008 3301 1214 3374 exhibentes,
1231 3301 1420 3364 salubribus
1432 3299 1577 3369 monitis,
1589 3298 1623 3358 et
1637 3293 1802 3356 mandatis

156 3393 188 3454 si
204 3393 262 3469 qui
280 3391 395 3452 forsan
411 3389 535 3450 similia
552 3389 743 3467 perpetrare
764 3404 952 3466 praesump-
1009 3401 1113 3479 ipsius
1134 3399 1315 3462 intenaaus
1336 3397 1517 3468 nominer,
1535 3395 1567 3456 et
1584 3393 1712 3455 oerore.
1737 3393 1805 3451 oa-

157 3489 277 3560 serini‚
297 3501 395 3565 perne
416 3486 589 3557 seperire,
619 3483 748 3548 reilleio
775 3484 955 3562 cujuslibet
1008 3501 1078 3561 tum
1102 3501 1215 3562 Romae
1234 3495 1321 3574 apud
1346 3496 1503 3558 Sanctum
1529 3493 1665 3554 Petrum
1686 3489 1804 3550 octavo

155 3584 432 3659 contradictionis
456 3583 489 3646 et
508 3581 745 3659 appellationis
770 3581 952 3654 obstaculo,
1009 3595 1170 3657 kalendas
1204 3593 1296 3667 maii,
1323 3591 1534 3670 pontificatus
1568 3585 1675 3650 nostri
1714 3597 1803 3646 anno

157 3681 388 3761 percellentes,
401 3680 591 3742 mandatum
606 3679 754 3740 nostrum
767 3679 880 3740 taliter
891 3679 956 3739 im·
1009 3689 1121 3752 tortio,

158 3779 295 3858 pleturi,
321 3777 406 3854 quod
435 3792 501 3838 non
525 3777 660 3854 possitis
686 3775 727 3837 de
753 3775 955 3852 negligentia
1348 3793 1470 3881 CCIII

157 3874 377 3952 reprebendi,
412 3874 446 3935 et
478 3887 539 3934 nos
571 3871 804 3944 sollicitudinis
833 3872 955 3934 vestrae

158 3965 955 4047 studiumdignispossimusinDominolaudibus
1389 4036 1394 4048 Ι

157 4065 403 4128 commendare.
412 4065 503 4138 Quod
515 4065 618 4126 sinon
628 4079 753 4137 omnes,
765 4065 828 4140 etc.
837 4064 955 4126 Datum
1284 4034 1320 4094 ²⁴
1336 4034 1433 4110 ‘¹1³‘ssli
1448 4033 1528 4092 ¹²¹9·

159 4165 287 4234 ΗΘΜ,
310 4161 398 4240 apud
424 4162 582 4222 Sanctum
609 4161 762 4231 Petrum,
790 4161 866 4221 vm
886 4158 953 4220 kal·
1040 4131 1778 4206 [liagast.,lib.lll,epist.ll2.llss.l.al’ortcdu'l'hsil.]

160 4257 255 4332 maii,
269 4258 479 4336 pontificatus
489 4256 594 4318 nostri
605 4271 693 4319 anno
705 4255 815 4318 tertio.
1098 4237 1215 4298 minist
1227 4248 1259 4299 ut
1272 4239 1381 4314 eligant
1395 4235 1528 4296 canonici
1538 4235 1718 4308 epitimium·

1050 4351 1228 4424 Honorius,
1240 4351 1315 4422 etc,
1331 4347 1461 4410 dilectis
1474 4344 1553 4406 filiis
1567 4339 1713 4418 capitulo
1723 4339 1806 4401 Lin-

1011 4462 1131 4524 gonen.

511 4441 612 4529 CCII
1052 4546 1157 4616 Quum
1192 4546 1327 4605 liemon.
1364 4539 1547 4618 capitulum
1580 4532 1806 4599 venerabilem

342 4585 394 4645 Aa
408 4583 792 4777 Rgzrffisssizfgmmm'
1012 4639 1148 4702 fratrem
1163 4640 1311 4702 nostrum
1331 4639 1385 4700 W.
1400 4637 1592 4715 episcopum
1603 4633 1751 4696 vestrum
1766 4629 1807 4691 ad

1013 4737 1162 4798 ecclesiae
1177 4751 1246 4797 suae
1267 4735 1418 4812 regimen
1437 4731 1639 4796 unanimiter
1659 4727 1810 4807 postula-

197 4820 315 4884 [ΗΘΜ
326 4817 370 4868 ¹¹¹³·
381 4818 424 4876 ¹¹¹¹
435 4817 510 4882 epist.
523 4815 644 4866 ΗΜ·
655 4817 691 4866 ¹⁴⁸
704 4814 821 4865 ⁹⁰¹²⁰d¹¹
832 4813 926 4878 ruat]
1012 4833 1091 4905 rint,
1108 4833 1141 4894 et
1154 4849 1215 4895 nos
1230 4832 1485 4910 postulationem
1500 4831 1608 4906 ipsam
1626 4825 1808 4888 admitten-

163 4922 390 4982 Translanonem
402 4921 530 4994 episcopi
545 4917 737 4993 lingonensis
749 4917 785 4976 ad
799 4915 956 4990 archiepis·
1011 4932 1073 5004 ωε,
1090 4929 1241 4992 eumdem
1259 4929 1450 5008 episcopum
1468 4927 1517 4990 013
1530 4927 1566 4988 in
1583 4921 1772 5002 pontificem
1787 4935 1808 4981 a

252 5017 387 5084 copatum
404 5007 575 5068 R⁰ffi⁴³¹¹⁸⁰¹¹¹
589 5005 878 5080 ⁸99¹⁰biii⁰⁰¹is⁶¹·
1014 5043 1092 5090 cura
1121 5027 1302 5104 lingonen.
1327 5024 1478 5088 ecclesiae
1507 5021 1704 5090 absolutum,
1731 5015 1809 5078 uni·

204 5135 384 5207 Honorius,
409 5134 486 5207 ato,
508 5131 639 5195 dilecfis
650 5130 731 5193 tiliis
746 5133 882 5195 Roman.
902 5143 960 5194 ca-
1013 5123 1295 5187 varsitativastrae
1310 5119 1567 5200 parApostolica
1581 5115 1706 5192 scripta
1719 5128 1810 5174 man·

164 5233 308 5313 pitulo...
1015 5221 1142 5296 damus,
1158 5221 1323 5299 quatenus
1337 5230 1607 5297 personamque
1622 5212 1713 5276 tanto
1728 5223 1810 5318 con·

205 5330 348 5392 Litteras
371 5328 501 5390 vestras
527 5323 714 5403 recepimus
739 5323 959 5394 continentes,
1014 5320 1113 5393 grunt
1137 5318 1232 5380 oneri
1257 5319 1290 5381 et
1321 5314 1452 5386 honori,
1468 5311 1563 5374 robis
1587 5307 1746 5372 canonice
1774 5319 1809 5366 m

143 5428 148 5440 '
165 5427 270 5506 quod,
286 5424 428 5487 ecclesia
450 5423 561 5486 vostra
582 5421 717 5500 pastore
727 5421 878 5492 vacante,
901 5435 960 5482 ros
1015 5417 1182 5496 pastorem
1193 5416 1226 5477 et
1239 5414 1431 5492 episcopum
1448 5408 1592 5485 eligatis.
1609 5407 1728 5470 Datum
1742 5407 1810 5467 Ro-

166 5519 402 5587 conranientes
417 5519 452 5582 in
465 5517 786 5581 unumdealectione
797 5516 961 5595 pontilicis
1016 5512 1180 5590 maeapud
1192 5513 1352 5574 Sanctum
1367 5509 1504 5570 Petrum
1519 5503 1635 5568 octavo
1650 5499 1810 5566 kalendas

166 5617 356 5691 tractaturi,
377 5619 455 5680 rota
475 5617 623 5679 omnium
637 5615 672 5676 in
688 5615 800 5677 decem
814 5614 961 5676 vostmm
1018 5609 1098 5673 maii
1111 5624 1199 5670 anno
1211 5607 1320 5670 tertio.

1148 3926 1201 3986 Ad
1225 3925 1412 3998 capitutum
1436 3925 1662 3997 hipponense.
