3952 6294
852 263 1029 332 HONORII
1051 261 1097 324 ΠΙ
1118 261 1267 366 OPERA.

240 273 302 334 475
1844 267 1907 325 tid

240 425 365 494 tlorrem
392 427 589 499 inciderant,
616 421 974 488 excommunicationis
1003 425 1036 485 et
1089 423 1248 485 vandum.
1270 423 1432 497 Quocirca
1446 423 1662 488 universitati
1684 427 1819 488 vestras
1845 441 1907 502 per

241 527 410 592 interdicti
421 525 595 588 sententiis
608 523 780 593 relaxatis,
790 524 823 585 et
835 525 884 584 sic
894 523 1036 600 captivis
1091 521 1279 597 apostolica
1296 521 1419 598 scripta
1444 521 1504 583 snb
1524 522 1634 585 debito
1656 521 1842 585 fidelitatis
1870 525 1906 583 et

241 624 394 688 omnibus
421 625 570 702 pristinae
603 619 742 683 redditis
777 621 923 683 libertati
948 620 1035 698 apud
1091 633 1189 695 poena
1207 619 1299 680 mille
1317 619 1476 681 librarum
1498 619 1648 682 districte
1665 621 1902 698 injungimus,

236 722 443 794 Mevaniam,
462 718 681 797 potestatibus
705 717 876 780 civitatum
901 717 934 778 et
957 733 1036 780 cas·
1091 717 1456 794 quatenussupradicla
1475 718 1587 778 omnia
1608 720 1642 780 et
1662 731 1723 778 vos
1748 717 1820 794 ipsi
1843 717 1906 777 iir-

240 821 369 886 trorum
390 818 460 878 iere
483 816 631 878 omnium
658 816 700 876 de
727 816 860 886 ducatu,
887 829 969 892 quos
994 814 1036 875 ad
1091 813 1189 875 miter
1212 813 1408 886 observetis,
1425 815 1459 875 et
1479 809 1520 875 ab
1535 815 1613 875 aliis
1633 814 1757 877 ditioni
1774 816 1905 876 vestrae

243 933 338 979 suam
360 915 571 992 praesentiam
587 913 818 984 advocaverat,
847 911 908 972 snb
927 910 1037 972 debito
1091 911 1259 990 subjectis,
1276 913 1436 989 quantum
1460 909 1495 972 iu
1518 911 1612 974 vobis
1627 912 1742 985 tuerit,
1762 911 1904 974 faciatis

241 1012 421 1084 fidelitatis,
435 1027 500 1088 quo
513 1011 670 1072 Ecclesiae
687 1013 844 1072 Romanae
868 1009 1033 1081 tenentur,
1091 1007 1273 1070 observari.

239 1114 274 1174 et
288 1126 387 1188 poena
409 1108 500 1170 mille
515 1107 677 1170 librarum
699 1107 858 1184 injunxit,
880 1109 918 1169 ut
929 1107 964 1167 in
979 1121 1038 1167 oc-
1131 1107 1248 1169 Datum
1264 1107 1351 1184 apud
1368 1105 1489 1168 Urbem
1501 1105 1901 1185 Veteremvidusjulii,

239 1209 326 1271 tavis
352 1205 584 1284 Apostolorum
611 1205 702 1267 Petri
722 1207 757 1267 et
769 1205 866 1266 Pauli
881 1204 1037 1282 quaelibet
1090 1203 1302 1280 pontificatus
1317 1205 1422 1266 nostri
1438 1219 1525 1266 anno
1541 1205 1670 1282 quarto.

239 1306 387 1383 potestas
402 1319 477 1365 cum
489 1302 597 1365 tribus
610 1303 663 1363 vel
676 1303 818 1380 quatuor
832 1302 872 1364 de
888 1317 1037 1362 commu·
1130 1321 1172 1380 17,
1194 1321 1352 1381 eumdem
1366 1321 1507 1380 modum
1526 1319 1685 1395 scriptum
1708 1321 1765 1380 est
1778 1323 1901 1396 potes.

240 1403 346 1464 nitate
371 1415 443 1474 Sila,
464 1399 572 1462 vicem
598 1401 746 1462 omnium
776 1398 985 1470 habentibuit,
1000 1413 1035 1459 80
1090 1415 1150 1476 tati
1176 1415 1210 1476 et
1235 1415 1356 1492 populo
1383 1415 1562 1492 Spoletano
1587 1419 1620 1477 et
1647 1414 1813 1477 omnibus
1842 1431 1903 1492 pei*

240 1498 327 1575 apud
340 1497 460 1560 Urbem
471 1499 617 1558 V0¹⁰i011¹
629 1497 742 1558 ¹¹08i1'0
755 1495 1037 1572 consiessiuilll'ae·
1089 1512 1243 1574 Tusciam
1268 1514 1302 1575 et
1330 1512 1485 1574 ducatum
1516 1513 1734 1590 spoletanum
1767 1515 1901 1574 consti-

240 1596 396 1668 seutaret,
414 1609 454 1656 ac
468 1595 602 1656 interim
625 1609 692 1671 pax
713 1596 774 1656 aut
799 1593 894 1656 lirma
918 1594 1035 1669 treuga

240 1694 433 1755 servaretur
456 1691 636 1753 hincinde.
654 1690 778 1763 Quibus
797 1691 839 1752 ad
861 1690 1035 1767 praefixum

239 1791 419 1853 terminum
438 1791 474 1851 in
495 1789 608 1851 nostra
634 1789 814 1866 praesentia
835 1787 1033 1859 constitutis,

239 1887 315 1964 post
341 1887 519 1950 tractatum
545 1885 709 1947 diutinum
734 1887 803 1946 tam
824 1901 927 1962 super
954 1901 1035 1962 pace

239 1985 330 2058 iuter
341 1984 432 2060 ipsos
444 1983 575 2060 plenius
589 1982 813 2055 reformanda,
826 1997 924 2059 quam
936 1997 1037 2059 super

239 2081 361 2143 ducatu
383 2080 557 2143 retinendo
579 2079 620 2141 ad
640 2095 758 2140 manus
780 2080 923 2150 nostras,
949 2080 1034 2156 qivod

239 2179 273 2242 et
297 2179 363 2256 ipsi
393 2176 545 2254 diligenti
572 2177 786 2240 meditatione
811 2177 1036 2238 tractaverant

238 2291 313 2338 cum
329 2275 530 2336 subdiacono
552 2275 733 2336 memorato
755 2294 763 2334 ε
780 2273 913 2336 tandem
929 2276 1036 2335 Peru·

239 2373 317 2445 sini,
333 2372 463 2443 Alisini,
476 2371 693 2446 Feliginates,
707 2371 868 2432 Nucerini
881 2373 915 2433 et
926 2373 1035 2433 Inter-

238 2485 426 2541 amneuses,
435 2469 533 2544 juxta
545 2467 735 2528 mandatum
749 2468 911 2540 nostrum,
924 2469 1036 2529 muni-

239 2567 358 2638 tiones,
388 2567 509 2636 casirs,
537 2563 681 2640 regalia,
709 2564 795 2627 sicut
822 2579 862 2625 ea
889 2579 1034 2641 unquam

239 2664 357 2726 babuit
384 2665 417 2725 et
447 2653 594 2739 possedit
618 2659 729 2739 aliquo
758 2664 907 2739 tempore
939 2662 1034 2726 bonae

238 2761 408 2824 memoria
446 2759 629 2828 conradus,
661 2759 697 2820 in
728 2760 853 2823 nostris
881 2759 1034 2821 manibus

238 2859 345 2922 libere
355 2858 580 2935 resignarunt.
603 2856 775 2934 Spoletani
798 2858 910 2919 autem
933 2873 1035 2934 super

238 2955 303 3029 his,
319 2973 393 3034 qua
411 2954 453 3016 de
465 2955 603 3017 ducatus
620 2954 773 3016 demanio
787 2956 901 3017 tenere
913 2954 1033 3016 dicun-

237 3055 303 3127 tur,
318 3053 431 3116 taliter
454 3051 707 3129 responderunt,
732 3051 817 3129 quod
842 3052 906 3114 hoc
924 3052 1035 3114 nulla

237 3155 347 3224 tenus,
363 3149 449 3227 quod
465 3150 501 3210 in
515 3150 667 3226 suijuris
680 3150 875 3228 praejudicio
888 3150 1035 3224 resigna·

238 3249 329 3316 bant,
356 3247 504 3308 maxime
529 3261 604 3308 cum
634 3249 752 3310 eontra
785 3263 843 3308 eos
868 3247 1033 3323 quondam

238 3347 307 3407 dux
332 3343 518 3414 conradus,
546 3343 576 3403 si
601 3357 641 3404 ea
668 3343 814 3419 possedit
835 3343 1032 3421 aliqnando,

238 3455 413 3520 possessor
435 3439 584 3503 extiterit
615 3439 806 3503 violentus:
832 3439 896 3503 boe
922 3442 1034 3502 iammu

238 3537 391 3616 promisit
415 3537 565 3608 tirmiter,
589 3537 676 3614 quod
705 3553 742 3598 se
766 3536 800 3597 in
830 3537 921 3599 nullo
951 3553 1032 3600 nos-

156 3693 163 3712 ,
237 3641 289 3700 tro
304 3635 420 3698 nuntio
440 3633 494 3698 vel
514 3635 636 3696 rectori
657 3636 849 3712 opponeret,
875 3635 931 3713 cui
950 3651 1033 3712 pos·

238 3734 420 3796 sessionem
456 3747 567 3794 rerum
602 3731 751 3808 ipsarum
786 3735 901 3794 nostm
930 3733 1034 3796 iratus

237 3831 436 3894 auctoritato
455 3830 606 3892 intraret.
627 3831 697 3892 Hoc
712 3829 978 3896 autemarticulo
991 3830 1033 3892 ad

237 3929 399 3990 bonorem
429 3930 586 3990 Romana
617 3925 774 4018 Ecclesiae
801 3941 841 3988 ac
870 3928 1030 4001 nostrum,

237 4041 367 4087 necnon
393 4025 427 4086 et
451 4025 552 4086 totius
582 4023 744 4096 ducatus,
779 4026 878 4100 prout
910 4025 1031 4098 decuit,

237 4123 403 4200 expedite,
418 4119 458 4182 ad
472 4135 586 4196 paoem
601 4119 634 4180 et
645 4119 919 4197 tranquillitatem
938 4121 1031 4198 ipso-

238 4237 312 4284 rum
327 4217 480 4294 diligenti
499 4216 725 4278 sollicitudine
739 4233 779 4278 ac
792 4218 937 4281 sollicita
951 4218 1033 4280 dili-

238 4318 350 4394 gentia
363 4315 584 4388 intendentes,
609 4313 844 4388 aTudertlnis,
861 4315 1035 4392 Puligina-

237 4415 339 4486 tibus,
356 4415 391 4475 et
403 4411 709 4475 interamnensibus
725 4428 785 4489 pro
797 4429 834 4474 se
846 4429 885 4476 ae
903 4412 1035 4490 adjuto-

238 4511 333 4572 ribus
352 4511 434 4584 suis,
456 4525 513 4572 ora
539 4509 685 4589 proprio,
705 4525 775 4574 non
799 4512 874 4573 sina
890 4511 1032 4584 cautela,

235 4606 387 4668 osculum
412 4606 504 4683 pacis
530 4608 719 4684 accepimus
742 4607 784 4672 ad
807 4606 951 4672 invicem
975 4607 1034 4670 dr-

237 4703 324 4765 mius
339 4701 567 4774 observanda,
584 4705 704 4781 cuibus
719 4705 945 4782 inpraesentia
960 4705 1032 4768 be-

237 4805 325 4863 trum
349 4799 539 4862 noseorum
571 4803 604 4862 et
638 4800 678 4864 de
711 4801 859 4879 ipsorum
892 4803 1033 4866 consilio

237 4901 368 4961 ilrmam
380 4912 495 4975 pacem
508 4897 548 4958 de
566 4899 686 4961 caeiero
706 4900 785 4962 bino
797 4901 877 4964 inde
889 4901 1034 4979 injunxi·

237 5012 312 5058 mus
324 4993 577 5065 observandam,
593 4995 628 5056 et
641 4995 689 5056 sic
701 4996 856 5060 ducatum
871 4999 904 5060 et
920 4999 1032 5060 omnia

238 5095 318 5167 alia,
341 5093 429 5154 sicut
449 5106 490 5154 aa
514 5090 661 5168 possedit
681 5093 715 5154 et
735 5092 854 5158 babuit
868 5095 1033 5173 quondam

238 5192 306 5252 dux
326 5188 509 5257 (teuredus,
531 5189 573 5252 ad
601 5189 837 5266 proprietatem
862 5192 895 5254 et
916 5191 1033 5256 doma-

239 5290 331 5350 nium
363 5289 523 5350 Romanae
555 5285 713 5350 Ecclesiae
743 5287 959 5362 reducentes,
975 5291 1033 5367 jus

238 5401 336 5447 sunm
351 5384 542 5462 uuicuique,
559 5399 634 5448 cum
648 5383 741 5446 locus
762 5385 795 5446 et
809 5386 938 5462 tempus
959 5387 1033 5448 iue-

238 5485 292 5554 ril,
309 5483 506 5558 proponenti
521 5497 632 5544 coram
648 5481 744 5544 nobis
760 5483 916 5548 duxiurus
927 5499 1032 5548 reser-

273 5585 316 5658 (ll
336 5585 485 5644 Guillelrno
499 5584 534 5642 de
550 5585 717 5660 siligniaco.

1090 1611 1182 1672 tntis.

1372 1717 1603 1804 CLXXVIII

1130 1843 1181 1903 Ad
1195 1844 1385 1914 Herceum,
1401 1841 1561 1904 comitem
1580 1843 1858 1904 Nivernenscm.

1385 1956 1419 2012 rs
1434 1954 1497 2030 jun
1518 1955 1597 2014 iseo.

1181 2051 1317 2118 [bouquet.
1330 2052 1433 2104 Reaueil
1445 2053 1488 2102 des
1501 2051 1576 2112 illst,
1589 2059 1610 2102 t.
1621 2051 1687 2109 xlx,
1697 2065 1725 2116 p.
1736 2049 1803 2112 tot;

1290 2123 1397 2185 Ragosl,
1411 2121 1456 2173 lib.
1470 2122 1513 2180 IV,
1526 2123 1600 2186 epist.
1611 2121 1679 2183 823]

1090 2211 1158 2270 Cum
1170 2211 1355 2269 Nivernensis
1368 2224 1467 2268 comes
1479 2209 1762 2268 Autissiodorensom
1780 2209 1895 2276 urbem,

1124 2299 1221 2359 statim
1257 2306 1341 2373 sique
1374 2299 1541 2358 Guillelmus
1575 2301 1729 2373 episcopus
1763 2299 1897 2358 Parisios

1125 2388 1191 2447 inde
1212 2389 1373 2459 transierat,
1391 2388 1479 2445 armis
1493 2395 1670 2462 occupasset,
1687 2389 1831 2446 comitem
1848 2387 1894 2444 lit·

1125 2476 1193 2534 teris
1203 2477 1301 2534 suiset
1311 2477 1397 2533 minis
1409 2474 1555 2533 deterrimi
1567 2490 1583 2532 a
1595 2475 1717 2534 oonsilio
1733 2476 1893 2542 Honorius,

1125 2579 1159 2622 sc
1179 2579 1279 2638 regem
1309 2563 1471 2637 Philippum
1500 2563 1666 2635 obtestatur,
1695 2570 1727 2621 ut
1752 2563 1893 2621 eumdem

1124 2660 1298 2727 compescat.

1129 2764 1296 2824 Honorius
1311 2763 1484 2840 episeopus
1497 2777 1613 2824 servus
1626 2776 1805 2823 servorum
1820 2759 1892 2831 Dei,

1088 2861 1208 2923 dilecto
1233 2860 1301 2922 lilio
1324 2861 1437 2923 comiti
1459 2860 1672 2933 Nivernensi,
1689 2859 1838 2922 salutem
1860 2861 1893 2919 et

1089 2957 1340 3036 apostololicam
1352 2956 1626 3020 benedictionem.

1129 3055 1164 3116 Si
1180 3055 1289 3118 menta
1309 3054 1453 3118 sollicita
1476 3057 1699 3130 putassemus,
1725 3052 1818 3132 quod
1834 3069 1891 3114 ec-

1088 3152 1191 3216 clesia
1214 3154 1248 3216 et
1270 3152 1390 3214 civitas
1422 3151 1724 3216 Autissiodorensis
1757 3151 1889 3213 hostem

1089 3249 1250 3312 baberent
1261 3249 1299 3310 in
1308 3249 1436 3324 januis,
1448 3250 1481 3310 et
1490 3248 1684 3311 hostilitatis
1696 3249 1778 3310 inde
1790 3249 1890 3311 tirne-

1088 3346 1162 3409 rent
1186 3346 1363 3418 excidium,
1393 3345 1481 3407 unde
1510 3346 1699 3408 securitatis
1721 3343 1889 3408 debebant

1089 3441 1271 3504 subsidium
1283 3447 1488 3519 exspectare,
1499 3444 1805 3520 quantumcumque
1820 3441 1887 3502 sol-

1089 3540 1226 3604 licitudo
1239 3541 1440 3604 Parisiensis
1455 3540 1617 3613 ecclesiae,
1630 3541 1746 3617 sponsi
1760 3540 1887 3602 dudum

1088 3637 1232 3700 viduat‘e
1253 3637 1383 3710 solatio,
1405 3653 1465 3700 nos
1487 3637 1657 3710 arctasset,
1680 3639 1886 3700 cavissemus

1088 3735 1213 3812 utique,
1228 3751 1271 3798 ne
1285 3735 1378 3796 illius
1392 3735 1539 3812 provisio
1559 3735 1595 3796 in
1612 3735 1751 3797 alterius
1767 3736 1884 3796 exter-

1089 3832 1226 3896 minium
1241 3833 1455 3896 rednndaret.
1478 3833 1543 3894 Sed
1556 3847 1635 3895 ecce
1650 3831 1752 3910 (quod
1768 3832 1886 3895 dolen-

1088 3934 1137 3994 tes
1151 3929 1341 4010 referimus)
1367 3931 1467 3992 nimis
1491 3931 1557 3992 cito
1578 3930 1821 3994 inconveniens
1835 3929 1883 3989 is-

1087 4028 1144 4091 tud
1159 4027 1255 4090 uobis
1270 4027 1414 4104 objicere
1424 4028 1622 4104 properasti.
1636 4027 1726 4100 dnm,
1740 4041 1884 4090 venera-

1087 4123 1146 4186 bili
1168 4125 1272 4188 iratre
1295 4128 1409 4188 nostro
1429 4125 1612 4188 Parisiensi
1648 4125 1806 4202 episcopo
1821 4121 1879 4201 (1),

1088 4222 1144 4299 qui
1172 4222 1214 4284 ad
1245 4221 1470 4284 defensionem
1499 4222 1644 4286 civitatis
1668 4222 1881 4299 praedictare

1088 4320 1261 4382 carissimo
1269 4319 1304 4380 in
1315 4319 1446 4382 Christo
1457 4318 1524 4380 lilio
1536 4321 1651 4382 nostro
1664 4321 1701 4382 Ρ.
1714 4318 1882 4400 (2),Cons·

1087 4417 1368 4494 ununopctttanc
1378 4417 1579 4494 imperatore
1592 4416 1718 4480 illustri
1729 4413 1879 4480 crucesi-

1088 4517 1198 4590 gnato,
1214 4513 1279 4576 sibi
1293 4517 1326 4576 et
1337 4513 1442 4576 nobili
1454 4514 1526 4576 viro
1544 4513 1688 4577 Roberlo
1703 4515 1745 4577 de
1760 4515 1879 4576 Curm-

1088 4611 1185 4674 niaco
1199 4611 1295 4674 fratri
1316 4613 1388 4688 ejus
1410 4611 1607 4684 commisse,
1629 4627 1695 4674 rnna
1712 4609 1876 4674 numellis

1088 4709 1224 4784 collegis
1245 4708 1315 4770 suis
1338 4723 1359 4768 a
1382 4707 1466 4770 Sede
1491 4707 1681 4783 sposunca
1705 4706 1877 4785 deputatus

1088 4805 1225 4878 exstitit,
1249 4821 1308 4883 pro
1332 4803 1521 4868 imminenti
1544 4805 1744 4868 necessitate
1772 4802 1875 4881 ipsius

1088 4903 1288 4966 Parisiensis
1321 4901 1472 4965 ecclesiae
1505 4901 1547 4964 ab
1580 4899 1876 4965 Autissiodorensis

1088 4999 1312 5062 sollicitudine
1325 4998 1487 5072 absoluto,
1512 5001 1545 5062 et
1565 4999 1606 5062 sd
1628 5003 1776 5062 nostrum
1792 5011 1875 5076 pre-

1087 5097 1228 5162 sentiam
1252 5095 1441 5168 accedente,
1470 5097 1505 5160 tu
1531 5097 1717 5170 confestim,
1747 5096 1873 5173 captata

1087 5198 1159 5271 ejus
1174 5193 1335 5266 absentia,
1350 5194 1517 5256 civitatem
1534 5193 1705 5270 praelatam
1725 5189 1872 5256 invasisti

1087 5291 1253 5354 bostillter
1267 5293 1301 5352 el
1313 5303 1371 5367 per
1383 5290 1575 5352 violentiam
1588 5292 1769 5369 occupasti,
1785 5289 1870 5351 clero

1087 5389 1120 5450 et
1129 5386 1250 5464 populo
1266 5387 1410 5448 civitatis
1427 5386 1575 5463 elusdem
1590 5403 1709 5464 graves
1724 5390 1757 5450 et
1779 5397 1872 5447 auom

1086 5501 1146 5548 nes
1169 5484 1311 5562 injurias
1333 5481 1524 5558 irrogando,
1545 5499 1611 5546 non
1627 5485 1740 5561 utique
1754 5483 1871 5557 absque

1123 5587 1164 5662 (ἱ)
1182 5589 1264 5646 Petro
1278 5584 1314 5644 de
1326 5587 1505 5646 Curleuiaco.
