4088 6306
124 385 183 442 lae

123 541 175 602 vel
210 541 409 602 conventum
444 537 514 600 sive
540 536 701 614 synodum
739 536 943 610 celebrare„

123 637 317 700 cathedram
343 636 518 708 collocare,
536 635 780 711 processionem
801 637 924 698 solem-

123 751 200 797 nem
215 735 327 796 facere
337 735 395 795 aut
404 733 550 810 exigere,
565 747 677 812 regem
688 749 849 795 coronare
864 749 923 796 seu

124 832 260 910 aliquod
276 831 466 908 episcopale
481 829 626 892 officium
648 831 683 892 in
698 830 810 908 aliqua
828 831 925 892 cella·

122 946 197 992 rum
211 945 351 990 suarum
365 941 522 990 exercere
535 927 775 1005 velbospitium
790 927 924 1004 exigere

123 1028 316 1106 praesumat.
332 1024 576 1088 Universaliter
590 1026 784 1096 statuentes,
800 1027 836 1088 ut
849 1026 926 1104 qui-

122 1141 265 1204 cumque
280 1122 439 1201 episcopi,
456 1121 711 1200 archiepiscopi,
741 1121 794 1185 vel
810 1138 924 1184 eorum

124 1223 241 1284 clerici
267 1223 325 1284 aut
345 1220 494 1284 ministri
517 1236 618 1298 super
634 1220 743 1298 ipsum
758 1224 926 1284 monaste-

122 1321 223 1392 rium,
245 1320 297 1382 vel
321 1335 422 1397 super
446 1318 549 1381 cellas
574 1321 607 1380 et
632 1318 807 1395 praedictas
826 1333 926 1394 paro-

123 1418 253 1479 chiales
263 1415 423 1478 ecclesias
446 1415 572 1478 nnllam
586 1416 796 1494 aliquatenus
809 1417 923 1492 potes-

123 1518 227 1578 tatem
249 1514 404 1586 habeant,
429 1529 492 1575 nec
518 1528 634 1575 earum
649 1511 926 1590 presbyterosvel

123 1612 265 1674 clericos
287 1625 513 1690 quoscumque
539 1612 610 1672 sive
631 1611 752 1683 laicos,
778 1612 836 1673 sed
864 1627 925 1674 nec

122 1710 289 1783 abbatem,
301 1710 431 1786 priores
445 1709 498 1770 vel
509 1709 689 1770 monachos
704 1707 745 1770 ad
764 1709 925 1786 synodum

123 1824 223 1868 suum
239 1806 292 1869 vel
307 1806 488 1884 capitulum
502 1821 687 1868 convocare
696 1806 749 1868 vel
759 1806 801 1868 ab
815 1806 925 1868 ofdcio

121 1905 239 1966 divino
264 1904 478 1980 suspendere,
504 1919 564 1966 seu
590 1903 723 1982 aliquod
749 1905 857 1966 ineos
872 1904 925 1968 vel

121 2003 300 2064 minimum
323 2005 380 2079 jus
405 2015 585 2072 exercere,
625 2003 683 2064 aut
704 2001 925 2082 parochianos

122 2116 205 2162 suos
221 2117 241 2162 a
256 2100 487 2162 communione
500 2099 634 2162 illorum
650 2099 826 2177 probibere
836 2116 925 2178 prae-

120 2199 269 2268 sumant,
286 2197 343 2258 sed
358 2197 470 2258 omnia
492 2197 697 2274 pontificalia
712 2213 826 2260 eorum
847 2201 926 2274 jura

120 2299 156 2358 et
164 2295 538 2373 quaecumqueecolesiae
549 2294 793 2358 Sanctiltlbani
801 2295 927 2358 fuerint

121 2393 256 2455 abbatis
298 2393 504 2454 solummodo
546 2391 696 2470 ejusdem
731 2395 926 2457 monasterii

121 2492 283 2568 potestati
293 2491 398 2552 libere
409 2491 584 2554 tractanda
598 2491 803 2568 subjaceant.
820 2491 927 2554 Nolu-

121 2605 201 2650 mus
230 2589 321 2650 enim
345 2588 381 2650 nt
403 2589 517 2661 alicui,
534 2589 601 2649 nisi
622 2590 752 2652 tantum
777 2592 926 2652 Romano

122 2685 292 2758 Pontifici,
305 2684 446 2749 debeant
457 2687 492 2748 in
503 2686 616 2764 aliquo
627 2688 840 2764 respondere.
857 2690 927 2750 Nec

122 2784 321 2846 monasterii
347 2785 450 2846 vestri
477 2783 579 2845 abbas
600 2786 653 2846 vel
689 2787 843 2849 monachi
867 2803 927 2848 seu

123 2881 288 2943 cellarum
305 2881 491 2943 vestrarum
508 2881 647 2944 ubilibet
661 2883 843 2960 positarum
858 2883 928 2946 fra-

122 2982 196 3040 tres
211 2994 271 3056 pro
285 2978 433 3056 qnalibet
454 2980 687 3042 interdictione
710 2982 764 3042 vel
786 2997 926 3044 excom-

121 3076 364 3150 municatione,
379 3078 510 3140 etiamsi
530 3094 704 3141 commune
714 3079 927 3143 interdictum

122 3177 224 3236 terrae
244 3174 356 3248 fuerit,
378 3176 566 3238 divinorum
586 3177 771 3238 ciliciorum
787 3193 928 3254 suspen-

121 3272 257 3334 sionem
271 3274 451 3350 patiantur.
465 3275 605 3336 Sedtam
618 3274 720 3336 abbas
729 3275 762 3337 et
771 3274 926 3338 monachi

122 3370 192 3448 ipsi
208 3387 306 3448 quam
320 3373 353 3434 et
363 3371 479 3433 famuli
495 3387 609 3434 eorum
624 3372 657 3434 et
672 3372 729 3451 qui
748 3389 783 3435 se
799 3388 928 3434 monas·

121 3469 202 3529 ticae
226 3468 426 3546 professioni
448 3469 664 3542 devoverunt,
681 3471 804 3532 clausis
819 3471 928 3532 eccle-

122 3567 255 3652 siarum
268 3568 395 3643 januis,
423 3583 490 3630 non
512 3567 668 3630 admissis
696 3569 928 3630 excommuni-

122 3664 924 3752 catisetintendictis‚conpulsatistintinnabulis,

122 3762 300 3824 humiliori
323 3778 405 3824 voce
433 3763 547 3826 divina
572 3763 740 3826 celebrent
763 3765 796 3826 et
816 3765 928 3843 sepul-

124 3862 211 3922 turae
239 3861 289 3922 eis
313 3860 423 3922 debita
456 3863 627 3938 peragant.
658 3861 772 3924 Liceat
796 3879 927 3941 quoque

122 3957 220 4018 vobis
237 3958 511 4036 quandocumque
534 3975 593 4021 vos
604 3958 778 4021 manifeste
792 3961 925 4036 gravari

124 4055 311 4126 senseritis,
329 4055 370 4116 ad
390 4055 574 4118 remedium
595 4054 829 4134 appellationis
844 4074 927 4120 con-

123 4153 253 4230 fugere,
271 4153 372 4214 etiam
385 4155 414 4215 si
427 4169 528 4216 cansa
539 4170 615 4245 quae
623 4157 739 4217 contra
748 4171 807 4218 vos
817 4157 928 4232 agitur

123 4250 307 4327 appellatio
341 4251 385 4313 sit
419 4253 558 4313 remota.
589 4252 668 4314 Post
700 4251 821 4315 factam
846 4269 927 4316 vero

123 4347 395 4426 appellationem,
411 4350 536 4411 nemini
552 4349 652 4412 liceat
665 4349 701 4412 in
714 4365 773 4412 vos
788 4353 925 4414 sanmu-

123 4446 207 4508 tiam
222 4445 313 4520 dare,
329 4446 382 4510 vel
395 4446 521 4526 aliquid
536 4447 709 4519 innovare,
724 4463 783 4510 seu
794 4465 853 4510 vos
869 4450 927 4512 aut

125 4544 355 4621 possessiones
365 4547 493 4608 vestras
509 4561 592 4607 ausu
601 4545 779 4608 temerario
795 4549 928 4624 pertur-

124 4641 218 4703 bare.
235 4643 284 4703 Ad
297 4642 370 4705 haec
384 4643 564 4715 sancimus,
581 4658 623 4704 ne
637 4644 712 4720 quis
721 4643 842 4707 fratres
856 4661 928 4707 ves-

124 4739 209 4808 tros,
227 4737 302 4814 post
315 4737 435 4800 factam
458 4739 493 4800 in
506 4739 709 4802 monasterio
723 4741 833 4802 vestro
849 4757 928 4819 pro-

125 4835 317 4908 sessionem,
325 4835 449 4913 absque
460 4835 590 4898 abbatis
607 4836 743 4900 licentia
757 4839 927 4916 suscipere

125 4932 249 4994 audeat
267 4933 320 4994 vel
335 4934 492 4996 retinere.
514 4933 705 4996 Inhibemus
726 4935 875 5014 insuper,
892 4940 928 5002 ut

126 5029 539 5093 nulliomninobominum
549 5031 926 5098 liceatincellisvestris

126 5126 252 5203 absque
273 5142 414 5190 assensu
436 5131 548 5191 vestro
571 5128 724 5192 abbatem
747 5131 927 5210 aliquando

126 5224 331 5286 constituere
342 5225 500 5288 Ecclesiae
519 5229 631 5290 autem
656 5229 691 5289 in
713 5229 832 5307 quibus
848 5234 926 5307 jura

126 5321 331 5398 pontificalia
345 5339 413 5384 non
429 5322 569 5396 habetis,
594 5324 666 5388 sive
694 5327 831 5404 capellae
850 5345 927 5392 ves-

127 5421 199 5492 trae,
217 5419 462 5492 etcoemeteria,
482 5421 587 5484 libera
611 5423 689 5496 sint,
719 5424 753 5487 et
775 5425 817 5488 ab
836 5429 933 5492 omni*

752 379 981 440 EPISTOLAE.
1006 379 1083 440 LIB.
1108 379 1163 438 ΙΙΙ.

1717 379 1772 436 1:31

960 538 1108 600 tamin
1128 535 1246 616 quibus
1275 537 1375 598 etiam
1401 535 1551 598 ecclesiis
1566 535 1618 598 vel
1638 535 1774 612 capellis

979 635 1177 712 liqeatvobis
1189 649 1249 696 seu
1264 634 1422 696 fratribus
1434 634 1554 696 vestris
1564 634 1774 712 presbyteros

978 733 1114 810 eligere,
1129 734 1176 795 ita
1191 735 1302 794 tamen
1329 733 1414 810 quod
1430 732 1472 794 ab
1483 733 1646 809 episcopis
1661 733 1715 793 vel
1734 731 1775 792 ab

978 831 1206 909 episcoporum
1222 830 1357 891 vicariis
1368 831 1555 892 animarum
1570 846 1684 891 curam
1700 830 1778 891 abs-

979 945 1043 1006 que
1058 928 1239 990 venalitate
1261 928 1455 1005 susoipiant.
1475 927 1599 1000 Quibus
1619 928 1775 990 nimirum

979 1025 1181 1104 presbyteris
1195 1042 1270 1086 carm
1283 1027 1411 1088 tantum
1424 1027 1676 1102 assignaveritis
1690 1027 1776 1088 unde

979 1123 1085 1185 victus
1101 1125 1134 1185 et
1145 1124 1284 1184 vestitus
1296 1125 1485 1185 necessaria
1496 1124 1625 1200 possint
1639 1124 1777 1186 honeste

979 1221 1161 1298 percipere,
1179 1221 1336 1298 quidquid
1362 1222 1531 1282 residuum
1553 1221 1653 1284 fuerit
1679 1223 1778 1284 liceat

978 1318 1074 1379 vobis
1102 1320 1136 1379 in
1164 1335 1244 1379 usus
1273 1319 1424 1396 proprios
1453 1320 1657 1381 convertere.
1671 1321 1706 1382 Si
1721 1320 1775 1398 qui

979 1417 1143 1491 praeterea
1175 1416 1322 1478 fidelium
1358 1417 1559 1478 monasterio
1585 1417 1695 1478 vestro
1721 1419 1778 1478 aut

980 1513 1073 1574 cellis
1087 1514 1128 1574 ad
1148 1515 1255 1591 ipsum
1270 1514 1512 1591 pertinentibus
1530 1515 1706 1578 ecclesiam
1721 1518 1778 1576 aut

980 1613 1223 1690 possessionem
1238 1611 1383 1690 aliquam
1402 1629 1461 1674 seu
1484 1612 1681 1674 beneficium
1706 1613 1777 1688 pie-

978 1710 1058 1773 tatis
1084 1710 1206 1772 intuitu
1233 1710 1385 1772 conferre
1398 1711 1551 1782 voluerit,
1569 1711 1682 1772 nullus
1707 1727 1779 1771 orn-

980 1808 1061 1872 nino
1076 1808 1198 1870 audeat
1211 1807 1384 1886 impedire.

1019 1907 1222 1983 Adiicientes
1244 1908 1344 1969 etiam
1368 1907 1566 1970 auctoritate
1587 1907 1777 1985 apostolica

979 2004 1205 2082 probibemus,
1223 2005 1259 2066 ut
1278 2005 1390 2066 nullus
1412 2005 1567 2066 minister
1587 2005 1776 2076 decaetero,

980 2101 1110 2181 dapifer
1121 2101 1286 2173 videlicet,
1303 2102 1356 2163 vel
1371 2103 1541 2178 pincerna,
1561 2105 1776 2173 camerarius,

980 2200 1201 2278 dispensator,
1215 2201 1353 2276 janitor,
1371 2215 1431 2261 seu
1446 2216 1506 2276 per
1519 2216 1652 2261 manum
1675 2201 1776 2275 regis,

979 2297 1034 2360 vel
1047 2299 1191 2376 alicujus
1205 2298 1378 2374 principia,
1392 2298 1597 2370 violentiam,
1614 2297 1709 2360 vobis
1721 2299 1777 2359 in-

980 2397 1059 2458 vitis
1082 2395 1118 2457 in
1137 2395 1247 2457 vestro
1270 2383 1484 2466 monasterio,
1507 2395 1560 2456 vel
1580 2395 1617 2455 in'
1639 2395 1721 2458 loeis
1737 2395 1776 2456 ad

981 2493 1090 2572 ipsum
1119 2491 1364 2572 pertinentibus
1399 2492 1581 2555 ordinetur.
1615 2493 1777 2570 Antiquae

981 2607 1111 2670 quoque
1134 2591 1391 2652 consuetudines
1415 2591 1448 2653 et
1472 2591 1619 2652 redditus
1641 2606 1778 2652 monas·
1831 2639 1834 2644 .

983 2689 1065 2752 terio
1087 2690 1198 2752 vestro
1219 2687 1359 2760 debitos,
1379 2688 1507 2750 scilicet
1526 2688 1561 2748 in
1577 2689 1673 2750 sexta
1695 2688 1777 2750 feria

980 2785 1778 2864 postAscensionemDominicam,deunaquaque

982 2899 1103 2946 caruca
1119 2883 1417 2964 Her[t]ei0rdensis
1442 2884 1617 2946 comitatus
1643 2882 1777 2945 obulum

980 2998 1085 3044 unum
1099 2982 1132 3043 et
1145 2982 1179 3042 in
1192 2982 1307 3043 eodem
1321 2980 1374 3043 die
1388 2980 1458 3042 sive
1471 2980 1676 3043 hebdomada
1692 2985 1779 3042 Pen-

981 3080 1122 3142 tecostes
1137 3095 1180 3142 ex
1193 3080 1262 3141 toto
1278 3079 1452 3141 comitatus
1467 3079 1713 3156 processionem
1728 3095 1778 3142 so·

981 3177 1135 3239 lemnam.
1152 3180 1189 3238 ln
1206 3176 1352 3238 secunda
1367 3192 1447 3238 vero
1462 3177 1671 3240 solemnitate
1688 3178 1775 3240 beati

980 3275 1111 3347 Albani,
1134 3273 1175 3335 de
1201 3290 1400 3352 unaquaque
1433 3290 1572 3336 carruca
1606 3291 1775 3336 nummum

982 3389 1095 3444 unum,
1121 3373 1268 3450 itemque
1293 3373 1408 3434 eodem
1435 3372 1552 3434 diade
1579 3389 1777 3450 unaquaque

982 3470 1078 3532 domo
1090 3470 1193 3532 totius
1214 3474 1310 3532 terrae
1334 3470 1447 3532 Sancti
1467 3471 1587 3532 Albani
1606 3487 1775 3532 nummum

981 3584 1084 3628 unum
1102 3567 1198 3630 vobis
1223 3568 1420 3632 auctoritate
1439 3569 1628 3646 apostolica
1650 3569 1775 3632 contir-

982 3682 1121 3734 mamns,
1137 3666 1171 3728 et
1186 3667 1356 3743 perpetuis
1373 3666 1577 3744 temporibus
1593 3667 1776 3728 inviolabi-

981 3764 1058 3826 liter
1067 3763 1690 3841 praecipirnusobservari.Decernimns
1698 3780 1777 3840 ergo

982 3861 1066 3922 nulli
1087 3861 1259 3922 bominum
1278 3861 1379 3922 liceat
1398 3861 1623 3938 supradictum
1640 3877 1776 3923 monas-

980 3957 1101 4018 terium
1118 3958 1241 4019 temere
1257 3957 1463 4034 perturbare,
1479 3958 1537 4020 aut
1556 3961 1627 4034 ejus
1640 3974 1776 4034 posses-

982 4055 1093 4117 siones
1104 4053 1247 4128 auferre,
1255 4055 1308 4116 vel
1315 4054 1445 4117 ablatas
1458 4055 1615 4128 retinere,
1627 4057 1776 4118 minuere

982 4153 1053 4215 sive
1068 4148 1269 4230 quibuslibet
1288 4152 1522 4214 vexationibus
1541 4152 1694 4230 fatigare,
1718 4155 1774 4216 sed

981 4249 1110 4312 illibata
1130 4251 1242 4312 omnia
1262 4253 1296 4313 et
1314 4251 1444 4327 integra
1470 4251 1697 4322 observentur,
1719 4267 1777 4312 eo—

980 4365 1055 4410 rum
1070 4365 1130 4426 pro
1145 4365 1285 4427 quorum
1302 4348 1543 4425 gubernatione
1558 4351 1591 4410 et
1606 4350 1775 4410 sustenta—

980 4447 1071 4509 tione
1083 4462 1241 4508 concessa
1256 4447 1333 4508 sunt
1348 4447 1462 4508 usibus
1477 4447 1675 4508 omnimodis
1693 4461 1774 4524 pro—

981 4543 1111 4619 futura;
1133 4545 1226 4606 salva
1242 4544 1276 4605 in
1292 4543 1443 4605 omnibus
1462 4544 1660 4620 apostolicae
1682 4545 1775 4608 Sedis

981 4641 1189 4705 auctoritate.
1220 4642 1268 4703 Ad
1297 4641 1458 4702 indicium
1487 4643 1597 4703 numm
1629 4642 1727 4722 hujus
1756 4660 1774 4704 a

983 4739 1067 4804 Sede
1085 4739 1276 4817 apostolica
1299 4740 1461 4816 perceptae
1484 4739 1658 4812 libertatis,
1675 4757 1774 4802 unam

982 4838 1114 4900 unciam
1129 4837 1203 4898 auri
1216 4836 1312 4898 nobis
1325 4837 1514 4914 nostrisque
1528 4838 1774 4900 successoribus

981 4935 1079 4996 annis
1098 4933 1239 5010 singulis
1259 4935 1467 5018 persolvetis.
1486 4935 1520 4996 Si
1540 4950 1605 5012 qna
1621 4937 1724 5012 igitur
1738 4937 1772 4996 in

981 5032 1128 5096 futurum
1151 5033 1377 5096 ecclesiastica
1400 5033 1773 5112 saecularisvepersona

981 5132 1069 5193 banc
1082 5131 1204 5193 nostrae
1224 5132 1471 5193 constitutionis
1493 5133 1647 5208 paginam
1665 5133 1773 5194 sciens

981 5230 1097 5291 contra
1118 5243 1192 5291 eam
1211 5231 1336 5290 temere
1362 5230 1477 5291 venire
1500 5229 1689 5301 tentaverit,
1719 5245 1775 5290 se-

981 5327 1088 5390 cundo
1108 5327 1249 5390 tertiove
1271 5327 1482 5394 commonita,
1499 5326 1565 5387 nisi
1585 5342 1771 5405 praesump-

979 5425 1103 5492 tionem
1118 5441 1213 5487 suam
1226 5441 1372 5501 congrua
1385 5423 1613 5486 satisfactione
1623 5441 1773 5487 correxe-

127 5517 303 5578 exactione
314 5517 476 5580 immunia
490 5519 612 5596 prater
625 5521 772 5600 episcopi
784 5539 927 5588 consue·
979 5522 1034 5595 rit,
1073 5522 1244 5602 potestatis
1286 5522 1489 5598 honorisque
1522 5522 1573 5582 sui
1612 5523 1772 5599 dignitate

127 5615 194 5674 mm
214 5615 410 5690 potestatem
428 5616 460 5678 et
480 5617 645 5693 justitiam
661 5619 695 5680 in
715 5617 925 5700 presbyteros
979 5622 1102 5694 careat,
1120 5635 1277 5698 reamque
1296 5635 1332 5681 se
1349 5619 1462 5682 divino
1479 5619 1606 5696 judicio
1626 5622 1772 5682 existere

129 5711 157 5770 si
171 5711 332 5778 adversus
353 5713 404 5773 sui
424 5713 551 5776 ordinis
562 5715 761 5780 offenderint
776 5718 923 5794 dignita·
979 5719 1020 5780 de
1029 5719 1222 5796 perpetrata
1238 5719 1412 5794 iniquitate
1426 5720 1613 5794 cognoscat,
1631 5721 1662 5780 et
1677 5734 1698 5778 a
1712 5734 1770 5778 sa-
