4198 6322
869 376 1044 437 HONORII
1067 375 1112 436 111
1134 375 1282 436 ophni.
1881 379 1901 434 8

625 563 682 653 VI
1105 535 1213 608 tenus,
1241 533 1388 597 extincto
1408 533 1497 596 sonte
1512 531 1702 596 divitiarum
1717 534 1900 607 hostilium,

1106 633 1255 696 universi
1269 633 1395 710 pariter
1408 631 1508 694 rivuli
1528 632 1750 703 exsiccentur,
1767 631 1809 700 et,
1828 633 1904 708 post

255 711 308 772 Λα
328 712 618 786 Burdefflussmm
647 708 961 784 Whisspssfflpuma
987 705 1049 768 αθ·
1105 731 1232 794 tantam
1255 730 1399 792 hostium
1425 731 1613 792 nostrorum
1639 729 1851 792 afflictionem
1869 731 1904 790 et

362 833 428 904 (nn.
443 831 522 902 lile,
539 845 639 890 mense
649 829 720 903 iulio
731 829 775 888 vel
789 827 935 902 augusto.)
1106 827 1535 898 mutilationem,terrenum
1542 826 1663 887 Christi
1675 827 1903 888 sanctuarium

347 947 481 1011 [bouquet.
492 945 649 998 acciendus
660 944 735 1004 ilisa,
746 945 842 1004 t.ii1x,
854 957 879 1008 p.
890 941 950 1002 ⁰⁶³3
1106 925 1211 1002 possit
1224 925 1265 986 ab
1279 925 1467 986 infidelibus
1481 924 1741 986 detentatoribus
1754 923 1902 984 liberari.

468 1027 576 1090 napis..
589 1025 635 1076 lib·
648 1025 692 1084 111,
707 1025 780 1090 0pisi.
793 1024 846 1088 38·]
1106 1022 1341 1100 Experimento
1364 1036 1506 1099 namque
1530 1021 1721 1098 passionum
1741 1036 1824 1097 quas
1846 1021 1904 1082 diu

254 1125 394 1198 Aesepus
409 1139 424 1181 a
438 1123 657 1182 christianorum
677 1123 803 1182 exercitu
821 1122 981 1180 Damietam
1001 1119 1051 1178 ob·
1106 1119 1333 1192 toleravimus,
1346 1119 1523 1180 didicimus
1534 1120 1568 1181 et
1583 1133 1641 1196 pro
1654 1121 1744 1180 certo
1753 1120 1904 1180 tenemus

292 1213 444 1271 sidentium
467 1213 576 1270 litteras
603 1213 688 1271 mittit
708 1213 860 1281 Honorius,
888 1217 919 1268 ut
945 1208 1053 1270 eisdem
1107 1217 1378 1309 (3110d‚quamdju
1399 1217 1464 1280 <1110
1488 1217 1716 1292 potentissima
1738 1230 1842 1292 regna
1871 1217 1907 1278 et

291 1301 658 1374 periclitantibusauxilium
672 1300 891 1374 diligentissime
909 1305 1054 1358 maturan-
1107 1314 1359 1392 opulentissima
1387 1317 1625 1376 Damascenum
1650 1314 1684 1376 eg
1708 1313 1905 1392 AEgypfium

291 1390 359 1447 ‘¹⁰⁰¹
376 1397 477 1448 ⁰¹¹¹⁰¹¹¹
490 1389 627 1462 θΡῙΒωΡῙ·
1108 1413 1168 1474 sub
1195 1427 1235 1473 eo
1264 1411 1411 1474 dominio
1434 1412 1591 1472 unientur
1613 1412 1730 1473 contra
1751 1410 1905 1471 inimicos

295 1503 1074 1584 Honoriusepiscopus...venerabilibustratri·,
1108 1510 1241 1582 Christi,
1267 1525 1332 1570 non
1358 1509 1539 1586 poterimus
1563 1509 1757 1584 praevalere‚
1774 1523 1848 1570 cuin
1862 1522 1906 1568 ex

254 1603 316 1664 bus
331 1604 581 1680 archiepiscopo
601 1603 852 1678 Burdogalensi,
869 1601 1054 1664 Parisiensi
1108 1607 1275 1669 contrario
1299 1607 1475 1682 contigerit
1505 1607 1539 1666 in
1564 1605 1769 1682 temporibus
1797 1605 1906 1666 retro-

254 1701 288 1762 et
308 1701 540 1778 andegavensi
569 1701 745 1776 episcopis,
769 1701 802 1762 et
826 1699 955 1762 dilectis
975 1698 1055 1760 tiliis
1108 1704 1192 1766 actis
1207 1703 1305 1781 quod,
1321 1703 1478 1780 quamdiu
1504 1702 1619 1764 eadem
1644 1718 1748 1779 regna
1771 1701 1905 1764 luerunt

255 1799 295 1859 R.
324 1796 374 1877 (a)
403 1797 490 1860 tituli
514 1800 546 1858 S.
577 1798 736 1873 Stephani
750 1799 785 1859 iii
815 1797 916 1858 coelio
945 1795 1055 1858 monte
1108 1801 1149 1862 ab
1174 1801 1316 1862 invicem
1339 1800 1446 1861 divisa
1469 1801 1502 1862 et
1521 1799 1582 1860 sub
1607 1800 1748 1861 diversis
1763 1799 1907 1862 dominis

255 1895 450 1972 presbytero
471 1894 645 1965 cardinali,
659 1911 697 1955 ac
710 1891 974 1956 nobilibusviris
989 1892 1054 1954 Ni·
1109 1897 1299 1970 constituta,
1322 1900 1459 1960 Terram
1474 1898 1629 1959 Sanctam
1650 1913 1717 1958 non
1739 1895 1908 1974 potuerint

253 1991 411 2054 vernensi
428 1989 474 2070 (b)
500 1993 532 2052 et
554 1991 712 2052 Marchiae
736 1989 782 2070 (c)
806 1987 994 2062 comitibus,
1015 2003 1055 2050 ac
1109 1995 1220 2056 hostes
1235 1993 1426 2055 obtinere.»

256 2089 412 2149 universo
440 2088 746 2162 crucesignatorum
777 2087 942 2148 exercitui
968 2085 1055 2163 apud
1148 2108 1167 2150 ii
1182 2093 1251 2153 Hoc
1265 2090 1377 2166 itaque
1391 2090 1529 2167 pensato
1544 2089 1696 2163 consilio,
1707 2089 1760 2150 his
1775 2105 1907 2166 quoque

253 2189 396 2248 danuam
408 2185 565 2245 existenti
581 2182 641 2262 (1),
658 2185 811 2256 salutem,
826 2183 888 2244 etc.
1109 2185 1362 2250 necessitatibus
1377 2186 1515 2256 inducti,
1531 2187 1731 2262 congregato
1756 2187 1905 2247 exercitu

297 2283 439 2344 Litteras
463 2280 892 2343 lideliuniexistentiumin
908 2279 1056 2357 partibus
1109 2301 1152 2346 ex
1164 2284 1267 2347 variis
1278 2283 1467 2346 nationibus
1482 2285 1642 2362 quantum
1655 2283 1832 2360 potuimus,
1849 2299 1909 2343 na·

257 2378 491 2442 transmarinis
506 2377 691 2456 recepimus
703 2377 836 2440 inhunc
849 2376 982 2439 moduni
997 2400 1004 2438 :
1109 2381 1235 2458 vigium
1251 2383 1286 2443 in
1299 2381 1427 2458 magnis
1440 2379 1596 2458 expensis
1611 2381 1803 2441 curavimus
1814 2379 1907 2440 ordi-

1104 2493 1191 2540 nare
1201 2479 1242 2540 de
1252 2477 1450 2540 confidentia
1460 2477 1531 2550 Dei,
1542 2477 1669 2538 cuinon
1684 2478 1735 2539 est
1746 2475 1906 2537 differen-

296 2572 545 2634 ‹Sanetissimo
574 2572 661 2649 patri
688 2573 721 2634 et
743 2571 875 2634 domino
896 2571 1053 2644 Honorio,
1071 2629 1077 2638 .
1107 2577 1156 2638 tia
1165 2575 1384 2652 superarevel
1392 2573 1567 2636 inmilibus
1575 2574 1627 2635 vel
1635 2573 1904 2650 inpaucis;acde

258 2670 432 2746 Deigratia
444 2661 1055 2748 summopodtitici,R.(d)patriarcha,
1074 2665 1078 2680 ''
1109 2674 1221 2735 vestra
1232 2671 1333 2734 celeri
1347 2669 1755 2748 subventionesperautes,
1767 2669 1846 2730 illud
1857 2672 1904 2730 at·

258 2771 289 2831 J.
307 2765 353 2846 (e)
369 2782 431 2828 rex
449 2766 763 2842 ierosolymitanus,
791 2767 826 2828 E.
839 2764 1056 2843 Nychosien-
1110 2769 1309 2833 tentavimus
1324 2769 1504 2844 negotium,
1520 2769 1599 2830 licet
1608 2768 1707 2830 rebus
1722 2783 1762 2828 ac
1776 2767 1903 2828 viribus

260 2865 307 2927 sis
319 2863 599 2941 archiepi800p118‚
614 2866 643 2926 J·
657 2863 703 2943 (f)
716 2863 936 2936 acconensis,
952 2865 990 2926 R.
1006 2861 1056 2942 (a)
1110 2869 1254 2946 impares
1269 2861 1457 2928 infidelibus
1472 2865 1628 2938 inimicis,
1641 2865 1727 2942 quod
1738 2880 1799 2926 nec
1815 2879 1835 2925 a
1851 2879 1909 2926 re-

257 2961 524 3024 Bethlemitensis
537 2961 751 3038 episcopi,'L.·
761 2957 812 3040 (h)
823 2960 891 3021 dux
901 2961 1055 3032 Austriae,
1110 2965 1217 3042 gibus,
1231 2962 1284 3025 vel
1300 2963 1340 3024 ab
1361 2962 1614 3040 imperatoribus
1631 2962 1782 3024 novimus
1797 2961 1907 3023 atten-

259 3063 297 3120 G.
315 3055 355 3138 (t)
372 3057 552 3134 Hospitalis
562 3059 594 3118 S·
608 3057 771 3119 lobannis
781 3055 1056 3136 Jer0801·2W·(j)
1110 3063 1224 3125 tatum.
1244 3045 1514 3138 significantibus
1527 3058 1575 3140 (2)
1591 3056 1798 3135 igiturvohis
1821 3057 1907 3135 quod

259 3155 388 3217 militiae
409 3154 548 3231 Templi,
576 3157 734 3215 Herman.
755 3155 935 3230 Hospitalis
948 3153 1059 3216 Theu-
1111 3159 1211 3237 primi
1236 3159 1432 3234 navigantes
1455 3157 1496 3218 de
1529 3156 1677 3218 exercitu
1704 3155 1906 3229 christiano,

259 3251 446 3315 ionicorum
474 3251 643 3326 magistri,
670 3251 704 3312 et
726 3251 875 3312 universi
902 3251 1056 3323 barones,
1110 3257 1209 3318 tertia
1222 3253 1306 3316 ieria
1316 3255 1467 3332 proxima
1478 3255 1555 3316 ante
1566 3253 1794 3324 Pentecosten,
1807 3253 1910 3330 appli-

259 3349 414 3424 totusque
429 3347 538 3409 clerus
552 3347 585 3409 et
599 3347 739 3424 populus
758 3347 792 3407 in
805 3346 977 3410 obsidione
993 3349 1059 3408 Da·
1111 3353 1251 3414 euernnt
1275 3351 1385 3428 portui
1413 3351 1593 3423 Damiatae,
1620 3351 1655 3411 in
1683 3365 1747 3426 quo
1772 3364 1909 3411 accessu

218 3518 229 3540 ³
261 3446 372 3508 miatae
398 3461 458 3522 pro
475 3445 613 3507 servitio
634 3446 714 3506 J'esu
738 3445 860 3506 Christi
888 3445 921 3506 et
946 3445 1058 3506 Terrae
1112 3449 1301 3510 misericors
1345 3449 1504 3510 Dominus
1538 3447 1708 3509 mirabiles
1744 3447 1909 3522 primitias

262 3543 392 3604 Sanctae
404 3541 707 3612 commorantes,·in
723 3539 861 3602 Domino
875 3541 1058 3604 salutem.»
1112 3546 1229 3623 gratiae
1250 3561 1318 3606 suae
1336 3545 1431 3607 nohis
1446 3545 1617 3622 impendit,
1638 3545 1671 3606 et
1690 3541 1836 3604 diturum
1852 3542 1909 3605 fa.

302 3639 529 3700 «Benedictus
545 3637 1059 3715 Deus‚patermisericordiarum
1112 3641 1294 3706 vorabilem
1320 3657 1356 3702 se
1382 3642 1536 3705 ostendit.
1561 3643 1646 3703 Nam
1674 3641 1790 3702 eontra
1816 3657 1907 3718 spem

261 3738 295 3798 et
319 3738 406 3797 Deus
428 3735 531 3798 totius
554 3735 808 3808 consolationis,
824 3737 881 3812 qui
903 3735 1059 3813 populum
1113 3741 1260 3802 omnium
1296 3738 1387 3800 niillo
1421 3738 1604 3801 infidelium
1638 3737 1830 3807 resistente,
1865 3737 1911 3798 li-

262 3833 480 3896 christianum
496 3844 557 3910 pro
574 3833 783 3894 restitutione
802 3834 913 3894 Terrae
930 3835 1059 3894 Sanctae
1113 3839 1166 3900 cet
1193 3837 1295 3899 multa
1320 3836 1426 3900 millia
1447 3837 1558 3898 essent
1579 3836 1615 3896 in
1640 3835 1772 3896 civitate
1794 3835 1827 3896 et
1845 3850 1909 3895 ex-

262 3931 319 3992 diii
335 3931 519 4006 fatigatum,
545 3929 588 4002 et,
612 3929 895 4007 peccatisnostris
917 3930 1059 4006 exigen-
1114 3937 1185 4008 tra,
1220 3937 1318 4013 pauci
1355 3933 1599 3996 descenderunt
1627 3930 1667 3992 de
1696 3931 1837 3993 navibus
1868 3931 1910 3993 ad

261 4028 361 4099 tibus,
377 4043 441 4088 non
453 4027 646 4098 admissum,
659 4026 930 4100 misericorditer,
943 4028 979 4089 ut
992 4042 1061 4088 cre·
1113 4035 1249 4106 terram,
1266 4034 1298 4096 et
1319 4034 1395 4095 ante
1424 4031 1596 4110 praelatam
1620 4029 1788 4090 civitatem
1801 4029 1910 4090 castra

261 4125 388 4192 dimus,
417 4137 506 4184 nunc
537 4123 683 4199 respexit
704 4123 739 4184 'et
767 4123 894 4184 salubri
920 4125 1060 4185 consilio
1114 4130 1218 4192 libere
1234 4129 1426 4207 posuerunt.
1452 4131 1498 4190 Eo
1520 4126 1652 4205 quidem
1673 4126 1821 4202 tempore
1845 4141 1911 4202 qno

262 4221 458 4294 illustravitt
475 4218 647 4296 Siquidem,
665 4219 787 4280 cumin
802 4220 938 4281 Terram
953 4223 1060 4282 Sanc·
1114 4227 1237 4288 latores
1261 4227 1475 4304 praesentium
1499 4224 1614 4286 nuncii
1635 4223 1740 4284 nostri
1760 4237 1913 4284 recesse-

262 4320 342 4391 tam,
367 4317 503 4396 propter
517 4316 638 4377 multas
666 4316 699 4377 et
722 4317 889 4380 maximas
913 4317 1059 4379 difficul-
1114 4325 1191 4386 runt
1210 4339 1230 4385 a
1249 4323 1357 4395 nobis,
1382 4323 1486 4385 statiis
1508 4321 1688 4384 obsidionis
1712 4318 1789 4382 talis
1814 4321 1909 4382 erat:

263 4417 359 4486 tates,
369 4419 467 4492 prout
481 4414 661 4491 expediret,
675 4413 1062 4492 hactenusnonpotnerit
1114 4417 1276 4496 siquidem
1293 4432 1506 4479 erexeramus
1522 4414 1693 4476 machinas
1717 4413 1848 4476 nostras
1869 4413 1910 4475 ad

262 4511 424 4589 proficere
438 4511 578 4588 populus
591 4510 804 4583 christianus
822 4511 863 4572 ad
879 4511 969 4572 illius
983 4513 1062 4572 tan·
1113 4514 1368 4592 expugnandam
1383 4514 1500 4578 turrim
1515 4509 1690 4589 quamdam
1708 4511 1806 4572 sitam
1820 4511 1911 4574 intra

264 4609 338 4669 dein
354 4608 486 4669 consilii
499 4608 695 4684 suffragium
711 4607 866 4669 duximus
880 4623 1060 4670 recurren-
1114 4612 1262 4684 fluvium,
1277 4612 1450 4673 brachium
1465 4609 1553 4687 Nyli,
1571 4607 1699 4669 scilicet
1712 4623 1732 4668 a
1745 4624 1811 4686 qua
1824 4608 1911 4668 turri

264 4707 353 4778 dum,
378 4704 464 4782 quod
484 4703 678 4781 jamdudum
704 4707 873 4782 provisum
888 4703 949 4768 luit
963 4706 996 4767 et
1009 4705 1062 4767 di·
1114 4709 1322 4786 protenditur
1347 4709 1464 4770 eatena
1489 4706 1598 4767 ferrea
1612 4721 1672 4783 per
1686 4703 1829 4766 medium
1846 4705 1913 4766 flu-

262 4803 444 4879 vulgatnm,
459 4802 538 4864 etin
556 4805 670 4863 sancto
682 4804 900 4864 lateranensi
918 4803 1060 4866 coneilio
1114 4805 1204 4868 vium
1231 4821 1335 4884 nsque
1363 4806 1404 4868 ad
1428 4805 1608 4874 civitatem,
1625 4803 1787 4879 praestans
1805 4801 1911 4878 impe-

264 4901 417 4962 novimus
440 4899 540 4960 etiam
572 4898 804 4976 approbatum,
835 4899 989 4964 videlieet
1025 4903 1061 4963 ut
1113 4904 1295 4965 dimentum
1309 4903 1431 4964 nostris
1445 4899 1585 4962 navibus
1597 4899 1799 4961 transituris.
1815 4901 1913 4961 Atta-

263 4999 454 5074 AEgyptum,
484 4995 606 5056 terrain
632 4995 761 5058 scilicet
787 4996 940 5059 omnihus
965 4999 1060 5060 bonis
1114 5016 1189 5061 men
1203 5001 1238 5060 in
1259 5015 1394 5062 recessu
1413 4997 1610 5058 nunciorum
1634 4997 1681 5058 ita
1700 5011 1913 5074 processera-

264 5094 433 5166 fluentem,
450 5109 523 5170 quae
534 5093 622 5154 vires
641 5093 804 5154 maximas
819 5095 941 5156 nostris
955 5095 1062 5157 hosti·
1115 5113 1187 5158 mus
1207 5097 1244 5158 in
1264 5097 1398 5172 negotio
1416 5097 1495 5157 Jesu
1513 5093 1646 5163 Christi,
1662 5093 1747 5170 quod
1761 5109 1863 5155 naves
1880 5095 1912 5156 et

264 5192 326 5254 bus
341 5191 580 5263 subministrat,
600 5191 781 5252 niteremur
795 5191 954 5264 obtinere,
973 5209 1059 5269 qua·
1113 5193 1218 5271 galeae
1230 5195 1356 5255 nostrae
1370 5190 1476 5268 galeis
1491 5191 1701 5252 inimicorum
1724 5191 1912 5252 nostrorum

302 5329 648 5413 (othoberiodecorzon.
687 5327 858 5404 (billerveoi
897 5327 1061 5404 (effingunt
1114 5303 1264 5416 deaceae
1278 5330 1503 5460 peregrinationi
1513 5329 1700 5397 accinxerint,
1716 5341 1801 5401 supra
1814 5329 1844 5386 iu
1857 5328 1913 5388 hoc

265 5401 560 5554 dessbiezliliiliiifflparare
582 5469 871 5552 christianisnauxilia
900 5471 1060 5556 damietam
1114 5404 1348 5556 voigmfflesupfu}
1361 5403 1543 5545 {discuties
1605 5469 1910 5554 iacobusdevitrieco.

264 5541 459 5625 obsidentibus
482 5549 627 5600 satereia
651 5543 794 5624 Honorius
819 5555 884 5600 cum
916 5543 1061 5626 Francicus
1149 5544 1182 5620 <p
1206 5547 1390 5626 Regneriuu
1414 5541 1566 5623 (tillieopo
1597 5555 1640 5598 us.
1680 5541 1712 5613 (i)
1725 5541 1912 5624 Guarinusde

262 5583 1062 5756 irretitaiiiiillitititillarunt
1116 5611 1795 5758 liiradiati>iiilliu3,.⁰⁸¹¹¹⁰‘0⁰⁸¹⁸·
