4088 6306
163 373 225 444 105
783 381 1011 441 amaseam.
1037 381 1113 441 nra.
1139 383 1194 442 111.
1237 426 1239 437 ,
1283 343 1294 378 '

162 543 248 602 locis
278 541 314 601 in
349 537 468 619 quibus
498 557 557 601 vos
592 539 782 617 hujusmodi
817 539 964 602 osticium
1373 569 1458 656 CIX

162 654 323 700 exercere
347 638 533 714 contigerit,
557 637 606 698 eis
627 636 683 713 qui
703 652 762 714 pro
786 635 964 713 injectione

161 753 323 797 manuum
338 735 497 806 violenta,
520 735 573 796 vel
595 735 694 795 etiam
712 750 769 810 pro
787 733 961 806 incendiis,

161 831 625 903 excommunicatihabentur,
643 831 670 890 si
682 834 796 892 contra
809 831 962 892 inimicos

162 930 245 992 fidei
271 929 479 1007 supradictos
505 928 554 990 ire
581 929 762 999 voluerint,
789 931 963 1006 postquam

160 1029 273 1104 passis
299 1027 458 1104 inJuriam
481 1025 705 1090 satisfecerint
727 1027 960 1102 competenter,

161 1124 383 1187 absolutionis
403 1124 599 1186 beneficium
614 1123 687 1185 vice
710 1124 822 1184 nostra
839 1125 964 1200 impen-

161 1223 243 1284 dere
266 1223 407 1284 valeatis
430 1224 525 1300 juxta
554 1222 696 1284 sormam
720 1221 869 1282 ecclesiae
889 1237 964 1284 con.

162 1323 315 1392 suetam,
351 1321 416 1380 nisi
446 1319 561 1382 forsan
593 1320 779 1397 aliquorum
805 1323 893 1380 esset
916 1319 962 1380 ita
1195 1296 1230 1354 Ut
1245 1293 1635 1354 ⁰⁰⁰⁸¹¹¹¹¹d³b¹ffl¹¹¹⁸⁰¹vfl¹¹¹·

160 1417 276 1492 gravis
288 1419 321 1479 et
333 1418 478 1478 enormis
491 1434 658 1488 excessus,
680 1415 766 1494 quod
781 1417 898 1478 merito
915 1433 964 1477 es·
1057 1421 1242 1493 Honorius,
1273 1423 1352 1494 etc,
1379 1421 1624 1484 venerabilibus
1652 1420 1811 1482 fratribus

162 1517 239 1578 sent
251 1515 293 1576 ad
307 1514 424 1576 Sedem
435 1515 658 1592 apostolicam
671 1513 870 1576 destinandi.
883 1515 964 1576 Con·
1018 1517 1184 1578 universis
1220 1519 1367 1595 praelatis
1408 1519 1624 1581 ecclesiarum
1655 1518 1811 1579 Ecclesiae

161 1612 314 1673 cedimus
335 1612 447 1684 etiam,
477 1613 524 1684 ut,
544 1611 572 1672 si
592 1611 659 1689 qui,
689 1610 893 1688 poenitentia,
910 1611 962 1672 vel
1019 1616 1176 1676 Romanae
1205 1617 1412 1677 censualium
1428 1632 1486 1693 per
1501 1615 1706 1692 Hungariam
1719 1631 1813 1676 cons-

161 1712 240 1771 voto
273 1709 315 1769 ad
337 1709 484 1770 laborem
514 1709 657 1785 alicujus
682 1708 962 1785 peregrinationis
1017 1711 1135 1784 titutis,
1152 1713 1303 1784 salutem,
1321 1714 1385 1775 etc.

162 1807 328 1878 adstricti,
346 1807 384 1868 ad
407 1822 602 1867 succursum
622 1807 673 1866 ire
694 1806 862 1867 voluerint
881 1806 964 1866 tide-
1058 1810 1315 1872 Universitatem
1329 1811 1474 1872 vestram
1489 1825 1662 1872 monemus
1679 1810 1711 1870 et
1733 1809 1814 1870 hor-

162 1906 247 1984 tium
282 1905 532 1981 praedictorum,
562 1903 655 1965 vobis
685 1903 786 1966 liceat
813 1903 964 1980 peregri·
1017 1906 1128 1967 tamur
1138 1907 1272 1978 attente,
1296 1924 1355 1984 per
1368 1909 1558 1984 apostolica
1576 1907 1670 1968 vobis
1690 1908 1813 1983 scripta

162 2003 317 2063 nationes
355 2003 504 2079 ipsorum
533 2001 569 2063 in
597 2000 744 2063 laborem
775 1999 963 2076 hujusmodi
1018 2003 1157 2066 tirmiter
1176 2006 1399 2082 praecipiendo
1424 2005 1631 2077 mandantes,
1649 2007 1812 2082 quatenus

163 2099 394 2172 commutare,
428 2099 730 2178 Hierosolymitana
766 2099 962 2175 peregrina·
1018 2117 1153 2161 censum
1169 2102 1326 2163 Ecclesiae
1349 2105 1506 2164 Romana
1524 2101 1668 2162 debitum
1693 2101 1814 2162 dilecto

1017 703 1070 760 Ad
1090 703 1274 764 urziversos
1282 703 1448 774 praelatos
1462 705 1684 766 ecclesiaram
1699 704 1814 762 Eccle-

1057 801 1814 876 stacRomaaceccrwuotiooapcrHunoariom

1057 897 1272 959 constitutos.

1315 993 1349 1052 ti
1361 992 1421 1066 Jan.
1436 993 1515 1050 1219.

1049 1094 1233 1160 [FeJar,Godex
1242 1098 1430 1162 diplomaticus,
1442 1098 1511 1159 lll,1,
1524 1097 1702 1156 illibatum,
1715 1098 1781 1148 lion.

1269 1178 1410 1242 ilungariae,
1426 1179 1446 1237 l,
1458 1179 1495 1236 ra,
1514 1177 1566 1242 au]

163 2197 255 2258 tione
278 2197 441 2258 duntaxat
462 2197 647 2273 exceptae
669 2210 733 2273 qua
754 2195 882 2256 nullum
903 2195 965 2256 ad·
1018 2197 1086 2259 tilio
1103 2200 1261 2274 magistro
1276 2199 1693 2261 Accuntiosubdiaconoet
1707 2199 1815 2274 capel·

163 2296 317 2356 strictum
353 2295 393 2356 ad
430 2295 522 2356 illam
553 2296 688 2372 propter
722 2294 785 2355 hoc
810 2295 962 2354 volumus
1018 2296 1231 2369 lanonostro,
1248 2297 1397 2375 quemad
1412 2295 1690 2374 hocprovidimus
1705 2294 1812 2356 desti-

162 2393 333 2453 excusari.
348 2393 463 2454 Datam
475 2391 641 2464 Laterani,
655 2391 776 2454 Xlkal.
790 2391 961 2464 februarii,
1018 2392 1174 2466 nandum,
1196 2395 1319 2472 singuli
1344 2395 1417 2456 sine
1451 2393 1645 2456 difficultate
1668 2392 1816 2470 qualibet

163 2488 377 2567 pontificatus
393 2491 498 2552 nostri
514 2489 722 2552 annotertio.
1019 2492 1226 2567 persolvatis.
1259 2495 1378 2554 Datum
1408 2492 1564 2556 Laterani
1593 2493 1638 2553 lX
1661 2489 1728 2552 kal.
1760 2491 1813 2552 ie-

498 2642 627 2728 GVIH
1018 2589 1156 2664 bruarii,
1174 2605 1261 2652 anno
1275 2590 1385 2653 tertio.

203 2767 257 2827 Ad
265 2768 496 2842 prepositum
506 2765 736 2840 canopitarum
747 2765 921 2838 Gulaeque·
1383 2771 1447 2857 CX

454 2865 682 2925 ‘mmm
1077 2905 1130 2964 Ad
1143 2903 1298 2964 aetatem
1313 2904 1346 2964 et
1356 2905 1560 2964 conveniam
1574 2905 1609 2966 S.
1622 2906 1756 2966 Tbomoe

325 3071 331 3084 ι
468 2975 503 3034 23
513 2973 574 3049 jan.
589 2975 667 3084 lili.
1270 3001 1311 3062 tle
1331 3000 1563 3062 Autrnrotaoc.

260 3073 386 3138 siberner,
403 3071 670 3135 bononiensem,
685 3073 703 3130 l,
718 3071 756 3128 tu,
770 3087 795 3121 n.
807 3073 860 3135 ta]
1315 3121 1349 3180 ²6
1361 3120 1422 3194 jan·
1438 3122 1515 3180 ¹²¹9⁸

195 3173 349 3230 Ulcertam
366 3170 495 3244 pecunie
509 3185 650 3228 summam
671 3169 765 3228 eidem
780 3131 928 3244 capellan'o
1115 3236 1120 3248 ⁵
1426 3238 1430 3248 ι

503 3257 629 3316 tradam,
1081 3237 1168 3302 [Liber
1182 3237 1207 3290 S.
1222 3237 1326 3290 Thomas
1341 3237 1373 3288 de
1384 3237 1564 3298 Abrrbrothoc‚
1576 3237 1631 3298 lec,
1646 3252 1671 3288 n.
1684 3237 1753 3304 m]

205 3357 384 3430 Honorius,
409 3358 485 3426 etc,
502 3357 630 3420 dilectis
652 3357 768 3419 tiliis...
784 3359 963 3436 praeposito
1019 3346 1100 3416 ¹9⁸oe
1121 3357 1186 3402 ‘ium
1206 3344 1339 3402 ⁰¹11¹11b¹¹⁸
1359 3343 1443 3402 bonis
1467 3344 1658 3418 if⁰i⁶8⁶¹¹d0⁸
1683 3346 1813 3418 suscipit,

163 3457 200 3516 et
212 3455 358 3531 capitulo
368 3454 726 3532 Quinqueecclosiensi,
738 3454 961 3528 salutemet&
1053 3433 1214 3505 specialiter
1229 3433 1546 3492 autemecclesiassuas
1560 3435 1603 3490 eis
1618 3432 1777 3492 conssrmat.

197 3551 964 3630 Gumsicutnobisestprocertorelatum,bonae
1059 3551 1239 3623 Honorius,
1270 3553 1345 3623 eto,
1378 3551 1507 3613 dilectis
1536 3551 1615 3612 liliis
1645 3550 1755 3613 abbati
1783 3553 1815 3614 et

164 3649 373 3712 memoriae...
398 3649 761 3727 Quinqueecclesiensis
790 3651 963 3729 episcopus
1019 3649 1197 3710 conventui
1211 3649 1322 3709 Sancti
1337 3647 1472 3710 Tbomae
1487 3649 1643 3726 martyris
1657 3649 1697 3712 de
1712 3649 1814 3711 Abir-

164 3747 417 3822 crucesignatus
457 3745 621 3810 dimiserit
660 3747 836 3826 quamdam
874 3763 966 3809 sum·
1018 3745 1167 3818 brotlroc,
1191 3746 1332 3808 salutem
1358 3749 1392 3808 et
1414 3746 1632 3824 apostolicam
1655 3746 1815 3808 benedic-

164 3859 254 3905 mam
273 3844 421 3921 pecuniae
440 3861 498 3922 pro
519 3845 667 3907 subsidio
687 3847 798 3907 Terrae
821 3847 962 3918 Sanctae,
1019 3843 1154 3904 tionem.

165 3941 290 4018 quaead
303 3942 963 4021 manusvestrasdiciturderenisse:quia
1060 3940 1279 4002 sacrosancta
1296 3943 1446 4004 Romana
1467 3941 1614 4004 Ecclesia
1632 3941 1767 4004 devotos
1783 3943 1815 4003 et

165 4039 398 4117 principaliter
429 4040 569 4103 interest
597 4041 711 4102 nostra
730 4041 837 4102 eidem
865 4042 963 4103 terrae
1018 4038 1162 4100 humiles
1189 4039 1275 4099 illios
1299 4055 1342 4100 ex
1370 4041 1512 4101 assuetae
1541 4038 1674 4116 pietatis
1703 4039 1813 4102 cilicio

165 4136 284 4209 modis,
304 4137 422 4216 quibus
454 4153 639 4216 possumne,
666 4137 854 4214 providere,
879 4137 964 4200 sicut
1020 4135 1216 4214 propensius
1232 4135 1409 4212 diligenter
1428 4136 1601 4199 consuevit
1617 4137 1650 4198 et
1674 4155 1715 4198 ne
1731 4154 1812 4214 pra-

166 4236 333 4298 exercitus
347 4234 748 4312 christianusspecialiter
760 4237 801 4297 ad
821 4252 881 4297 nos
894 4237 965 4297 cla·
1019 4223 1136 4296 vorum
1161 4235 1332 4296 hominum
1366 4235 1527 4296 molestiis
1559 4235 1726 4311 agitentur
1755 4251 1813 4296 eos

166 4334 252 4404 mat,
290 4349 472 4408 congruum
509 4333 699 4395 subdidium
738 4334 960 4410 postulando:
1018 4333 1174 4410 anquam
1191 4331 1245 4408 pia
1261 4333 1367 4392 mater
1381 4349 1449 4392 suae
1466 4333 1681 4408 protectionis
1697 4335 1811 4392 muni·-

165 4430 400 4492 discretionem
413 4431 557 4492 vestram
569 4445 739 4492 monemus
755 4431 891 4500 attente,
906 4447 964 4508 per
1018 4431 1107 4491 mine
1120 4429 1307 4490 contovere.
1331 4431 1376 4489 [ia
1395 4431 1540 4506 propter,
1559 4428 1672 4491 dilecti
1695 4429 1729 4489 in
1753 4433 1813 4490 llo·

165 4527 962 4606 apostolieavohisseriptafirmiterpraecipiendo
1018 4527 1106 4588 mino
1142 4527 1218 4598 tilii,
1251 4526 1371 4587 vestris
1400 4527 1501 4602 justis
1534 4527 1813 4603 postulationibus

165 4625 373 4698 mandantes,
401 4625 564 4702 quatenus
591 4625 766 4702 pecuniam
787 4625 895 4701 ipsam
911 4625 963 4685 di·
1016 4628 1111 4702 grato
1123 4623 1359 4686 concurrentes
1368 4639 1518 4695 assensu,
1532 4639 1691 4700 personas
1703 4625 1734 4686 et
1748 4642 1813 4686 mo-

165 4724 252 4786 lecto
272 4722 340 4784 tilio
362 4723 522 4798 magistro
539 4723 698 4784 Accuntio
727 4722 909 4784 sudiacono
930 4725 962 4784 et
1017 4721 1200 4784 naslerium
1213 4723 1359 4782 vestrum
1376 4737 1450 4782 cum
1465 4721 1618 4783 oninibus
1632 4722 1727 4784 bonis
1738 4739 1811 4799 quae

165 4819 340 4898 capellano
349 4823 473 4892 nostro,
488 4835 584 4897 quem
598 4837 657 4897 pro
672 4819 829 4881 vicesima
843 4823 875 4881 et
885 4819 962 4881 aliis
1017 4821 1051 4882 in
1079 4819 1330 4897 presentiarum
1358 4819 1602 4881 rationabiliter
1634 4821 1811 4897 possidetis

165 4919 207 4979 ad
214 4917 381 4995 praedictae
390 4919 487 4979 terrae
495 4917 963 4994 subsidiumdeputatistrans-
1017 4918 1126 4980 autin
1146 4916 1292 4978 futurum
1311 4917 1411 4993 justis
1433 4917 1537 4978 modis
1553 4919 1734 4994 praestante
1747 4921 1813 4979 Do-

165 5017 329 5078 mittimus
348 5015 557 5091 colligendis,
575 5015 703 5091 integre
724 5015 796 5078 sine
820 5015 963 5076 diflicul-
1018 5017 1107 5077 mino
1125 5014 1277 5092 poteritis
1299 5013 1440 5092 adipisci
1463 5035 1470 5074 :
1491 5014 1550 5076 sub
1574 5014 1661 5077 beati
1678 5015 1766 5077 Petri
1781 5019 1813 5077 et

164 5115 233 5176 late
257 5113 404 5190 qualibet
428 5113 605 5188 assignetis
631 5113 666 5172 in
694 5113 842 5190 ejusdem
864 5115 962 5175 terrae
1018 5114 1131 5175 nostra
1154 5113 1358 5190 protectione
1378 5113 1588 5188 suscipimus.
1615 5113 1812 5188 specialiter

165 5211 349 5276 subsidium
377 5209 617 5272 destinandam.
644 5209 800 5287 Alioquin
822 5225 963 5271 venera·
1017 5213 1128 5272 autem
1159 5210 1199 5272 de
1231 5208 1417 5281 Moniiodu‚
1446 5209 1486 5270 de
1512 5209 1743 5287 Stradechtyn,
1771 5211 1811 5270 de

164 5309 226 5371 bili
250 5308 347 5370 tratri
375 5313 533 5369 nostro...
570 5308 727 5384 episcopo
764 5307 961 5369 cenadiensi
1017 5308 1222 5377 Muraus,de
1246 5308 1453 5379 Kerimo,da
1480 5307 1722 5384 liinernyn,de
1743 5311 1812 5370 Ro-

165 5407 292 5468 nostris
318 5405 434 5468 damus
458 5405 578 5467 litteris
601 5405 634 5465 in
655 5405 832 5478 mandatis,
854 5406 890 5467 ut
904 5420 962 5466 vos
1017 5406 1119 5468 thuan
1141 5406 1174 5468 et
1195 5405 1235 5465 de
1254 5404 1456 5466 Abirkerdos
1472 5405 1633 5478 ecclesiis,
1656 5421 1729 5466 cum
1752 5424 1811 5468 ca-

165 5505 208 5565 ad
221 5505 254 5564 id
265 5519 325 5582 per
339 5519 515 5565 censuram
529 5502 802 5576 ecclesiasticam,
820 5501 963 5580 appella-
1017 5504 1125 5582 pellis,
1146 5503 1245 5566 terris
1259 5503 1291 5564 et
1306 5503 1382 5563 aliis
1400 5501 1610 5578 pertinentiis
1628 5504 1709 5577 suis,
1726 5506 1813 5566 sieut

165 5601 257 5664 tione
286 5603 424 5673 remota,
455 5599 640 5678 compellat.
659 5601 776 5662 Datum
806 5601 961 5663 Laterani
1017 5617 1056 5663 ea
1070 5600 1180 5662 omnia
1192 5603 1281 5677 juste
1301 5616 1340 5661 ao
1354 5599 1491 5676 pacifice
1508 5601 1703 5677 possidetis:
1718 5603 1811 5663 vobis

166 5703 197 5762 X
213 5698 281 5760 ital.
299 5697 470 5770 februarii,
485 5715 573 5762 anno
588 5697 696 5761 tertio.
1017 5702 1049 5761 et
1064 5715 1124 5775 per
1136 5715 1194 5760 ros
1211 5697 1347 5774 pearata
1362 5699 1563 5762 monasterio
1579 5701 1686 5761 restro
1703 5703 1812 5762 arrato·
