3978 6292
77 397 126 456 397
679 388 908 450 EPISTOLAE.
932 387 1010 446 LIB.
1034 387 1088 446 lv.

77 553 208 613 loturum
223 550 400 627 praestante
412 551 551 612 Domino
562 548 663 626 justis
675 547 781 608 modis
795 561 850 624 po·

1628 383 1701 464 aaa

906 545 1049 621 potentis
1059 544 1157 606 Deiet
1170 543 1343 606 beatorum
1352 542 1444 604 Petri
1455 544 1488 604 et
1499 540 1594 602 Pauli
1608 555 1702 620 apos·

76 649 144 710 terit
154 647 301 723 adipisci,
313 647 373 708 sub
387 647 493 710 sancti
502 646 593 707 Petri
606 646 638 707 et
651 647 764 707 nostra
778 659 851 722 pro·
904 643 1046 704 tolonum
1061 645 1133 720 ejus
1150 658 1186 704 se
1206 642 1336 704 novarit
1351 642 1578 701 incursurum.

77 745 207 807 echone
225 744 433 820 suscipimus,
452 743 643 822 specialiter
665 743 782 804 autem
795 757 851 802 ec-

77 843 199 904 clesiam
233 841 273 902 da
305 841 526 902 Stadelboven
554 855 630 902 cum
657 839 784 916 capella
814 838 850 898 in

77 937 299 1000 Schwartzhab
311 941 344 1000 et
355 938 431 1000 aliis
442 937 651 1016 pertinentiis
664 936 746 1008 suis,
756 934 850 997 vobis

75 1034 275 1100 avenerabili
287 1035 390 1096 tratre
400 1037 513 1098 nostro
522 1034 757 1112 argentinensi
768 1033 853 1110 epis·

75 1148 147 1208 copo
161 1132 200 1193 de
219 1132 357 1208 capituli
370 1133 575 1194 suiassensu
597 1131 734 1208 provida
750 1133 783 1193 et
796 1131 851 1206 pia

75 1228 262 1290 liberalitate
292 1229 465 1302 collatam,
488 1229 573 1290 sicut
595 1244 670 1290 eam
697 1230 790 1303 juste
812 1243 852 1308 ac

75 1325 200 1404 pacifice
227 1325 413 1402 possidetis
436 1330 469 1389 et
496 1325 531 1388 in
558 1325 680 1388 litteris
705 1324 851 1402 eJusdem

75 1423 208 1499 episcopi
234 1423 364 1484 exinde·
382 1423 542 1488 ccniectis
572 1422 704 1500 plenius
732 1421 853 1483 dicitur

75 1519 238 1586 contineri,
248 1519 343 1582 vobis
356 1520 455 1596 etper
466 1535 525 1584 vos
533 1519 640 1580 eidem
651 1519 852 1582 monasterio

74 1618 173 1678 vestro
193 1617 392 1678 anctoritate
409 1616 598 1692 apostolica
619 1615 853 1678 confirmamus

74 1713 851 1792 etpraesentisscriptipatrocinioocmmunimus.

74 1810 155 1872 Nulli
170 1826 260 1887 argo,
280 1812 355 1886 etc.;
370 1811 486 1888 siquis
514 1811 634 1882 autem,
652 1810 713 1872 etc.
735 1811 853 1872 Datum

76 1905 213 1979 viterbii,
232 1910 261 1968 li
280 1905 357 1968 non.
372 1909 495 1981 martii,
510 1907 721 1986 pontificatus
747 1907 853 1972 nostri

74 2019 151 2068 auno
165 2007 295 2081 quarto.

397 2119 519 2208 xciv

108 2255 155 2312 Ad
168 2253 322 2314 abbatem
337 2254 370 2314 ei
382 2254 589 2314 concentum
609 2253 814 2314 monasterti

213 2351 331 2414 Sancti
340 2353 480 2412 docebit
489 2353 531 2411 dc
545 2351 697 2412 Selinitis.

353 2473 371 2528 6
386 2478 468 2529 mart.
481 2472 560 2529 llio.

277 2587 374 2652 [spicil.
383 2587 476 2644 Liber..
488 2587 575 2648 le‚n.
586 2586 638 2652 ih]

74 2693 264 2752 Possessiones
292 2709 364 2766 qnae
401 2691 564 2750 Manlredus
597 2691 725 2754 marchio
758 2693 854 2752 Salutii

103 2790 193 2840 contra
216 2781 356 2856 iustitiam
378 2789 519 2851 tenuerat,
537 2781 587 2838 sed
602 2780 754 2838 liberaliter
772 2781 852 2837 resti·

105 2875 201 2940 tuerat,
215 2869 375 2928 coufirmat.

107 2979 269 3040 Honorius
285 2979 459 3056 episcopus
470 2994 586 3040 servus
596 2993 768 3038 servorum
782 2975 853 3048 Dei,

944 743 1065 800 Datum
1099 738 1253 811 viterbii,
1292 739 1399 816 pridie
1431 753 1537 798 nonas
1567 736 1696 808 martii,

906 836 1115 914 pontificatus
1128 836 1234 898 nostri
1249 851 1337 898 anno
1353 835 1482 916 quarto.

1252 995 1354 1082 XCV

1050 1131 1098 1190 Ad
1117 1132 1271 1190 henirace
1286 1132 1327 1190 dc
1347 1132 1553 1204 cotteporco.

1066 1277 1069 1284 ·
1198 1241 1309 1298 batert.
1328 1241 1407 1298 litt).

1118 1344 1214 1410 [spicil.
1226 1345 1320 1407 hiber,
1335 1345 1390 1404 itt,
1401 1361 1428 1398 n.
1441 1345 1492 1410 lb]

907 1441 956 1500 Eis
969 1440 1079 1500 inhibet
1091 1457 1129 1500 ne
1143 1443 1173 1500 in
1187 1442 1266 1516 sylva
1281 1443 1428 1516 hietque
1446 1441 1482 1500 ad
1494 1443 1700 1530 monasterium

940 1529 979 1588 de
1004 1529 1126 1588 trisulto
1147 1531 1301 1604 pertineat,
1326 1531 1446 1590 cedendi
1460 1532 1550 1604 ligna,
1570 1532 1616 1588 vel
1632 1545 1697 1604 pas·

942 1617 1026 1676 cendi
1041 1619 1187 1688 animalia,
1205 1619 1251 1676 vel
1264 1619 1339 1678 aliud
1349 1619 1462 1694 iusslbi
1477 1627 1652 1692 presumant
1665 1618 1701 1676 de
1808 1616 1813 1624 ’

942 1713 1045 1762 cetero
1060 1705 1215 1764 vindicare.

948 1813 1114 1876 Honorius
1127 1815 1431 1890 episcopusservus
1445 1831 1617 1876 servorum
1630 1815 1700 1886 Dei,

908 1909 1037 1970 dilectis
1051 1910 1130 1972 tiliis
1145 1911 1336 1974 hominihus
1346 1912 1387 1972 de
1399 1912 1702 1988 Collepardo,salu·

908 2009 974 2070 tem
986 2007 1019 2068 et
1039 2008 1255 2084 apostolicam
1269 2007 1544 2070 benedictionem.

949 2105 1036 2164 Satis
1047 2105 1213 2166 credimus
1229 2104 1321 2167 vobis
1336 2105 1480 2167 existere
1490 2106 1701 2166 manifestum

909 2203 1066 2278 quantum
1085 2201 1347 2264 laboraverimus
1369 2218 1428 2281 pro
1445 2203 1626 2280 questione
1642 2219 1701 2262 su-

910 2311 968 2372 per
979 2298 1073 2374 sylva
1086 2297 1154 2358 Eici
1165 2298 1237 2360 orta
1251 2298 1407 2359 intervos
1418 2299 1451 2359 et
1462 2298 1700 2360 monasterium

909 2393 949 2454 de
964 2394 1119 2466 Trisult0,
1136 2395 1323 2470 satagentes
1333 2398 1400 2472 jus,
1417 2395 1446 2456 si
1461 2395 1547 2472 quod
1562 2394 1702 2456 habuis-

909 2491 988 2552 setis
1014 2491 1049 2551 in
1073 2493 1166 2568 ipsa,
1192 2491 1287 2554 vobis
1308 2493 1476 2570 tamquam
1503 2493 1701 2570 specialibus

911 2588 1068 2677 Ecclesiae
1084 2592 1241 2651 Romanas
1255 2589 1333 2650 tiliis
1351 2591 1384 2652 et
1399 2589 1551 2651 fidelibus
1567 2605 1704 2652 conser-

909 2701 989 2746 vare
1004 2708 1012 2745 ε
1030 2686 1086 2747 sed
1102 2687 1301 2749 examinatis
1326 2687 1504 2764 diligenter
1517 2687 1702 2764 privilegiis

910 2786 942 2844 et
954 2783 1030 2848 aliis
1045 2783 1232 2856 ruminatis,
1249 2783 1368 2862 quibus
1383 2784 1557 2846 ostendere
1569 2784 1702 2845 niteba-

910 2880 991 2941 mini
1017 2896 1077 2942 vos
1109 2881 1143 2942 in
1170 2881 1264 2958 sylva
1285 2883 1342 2958 jns
1370 2881 1493 2942 habere
1521 2882 1700 2958 praedicta,

910 2976 994 3040 nilill
1022 2977 1211 3038 invenimus
1232 2993 1292 3055 per
1315 2979 1401 3056 quod
1430 2981 1541 3040 vestra
1563 2979 1702 3040 intentio

74 3073 190 3136 dilectis
216 3075 297 3136 liliis
327 3074 439 3136 abbati
464 3075 496 3136 et
519 3074 696 3135 conventui
723 3089 857 3134 monas-
910 3072 1115 3136 fundaretur.
1134 3077 1270 3136 Demum
1289 3090 1332 3135 ne
1353 3075 1543 3151 hujusmodi
1562 3077 1702 3152 quaestio

74 3171 139 3231 terii
165 3173 280 3233 sancti
304 3172 436 3234 Eusebii
461 3173 501 3234 de
530 3171 677 3242 Salutis,
704 3170 856 3232 dioecesis
910 3186 1041 3247 semper
1065 3171 1213 3234 indecisa
1233 3173 1392 3246 maneret,
1409 3172 1593 3235 venerabili
1607 3172 1703 3234 lratri

73 3269 292 3342 laurinensis,
308 3269 448 3330 salutem
470 3269 503 3330 et
523 3267 738 3346 apostolicam
755 3267 857 3330 bene-
911 3268 1025 3330 nostro
1037 3269 1194 3346 episcopo
1212 3269 1245 3330 et
1265 3269 1385 3331 dilecto
1401 3269 1469 3332 tilio
1484 3269 1628 3332 Orlando
1641 3285 1703 3330 oa-

73 3363 251 3428 dlctionem.
911 3365 1170 3441 pellanouostro
1185 3367 1347 3428 canonico
1367 3367 1537 3428 Ferentini
1552 3367 1703 3428 dedimus

107 3463 242 3534 Quuma
269 3463 365 3526 nobis
386 3462 744 3541 petiturquoojustum
760 3463 857 3524 estet
911 3461 946 3522 in
969 3462 1146 3534 mandatis,
1172 3464 1208 3525 ut
1235 3479 1338 3540 super
1362 3464 1704 3541 recompensationem

73 3555 248 3630 honestum,
264 3561 332 3622 tam
356 3561 452 3636 vigor
475 3560 640 3637 aequitatis
662 3575 760 3638 quarn
775 3559 855 3620 ordo
911 3573 1017 3636 quam.
1034 3559 1143 3622 felicis
1179 3561 1348 3626 memoriae
1374 3561 1592 3626 Innocentius
1619 3577 1703 3638 papa

73 3655 166 3732 exigit
185 3657 328 3720 rationis
341 3659 377 3720 ut
398 3658 430 3718 id
451 3673 509 3734 per
528 3657 789 3720 sollicitudinem,
805 3655 858 3717 ol·
911 3657 1135 3731 praedecessor
1144 3659 1273 3730 noster,
1282 3658 1413 3720 dedisse
1426 3659 1597 3722 dicebatur
1610 3659 1709 3721 vobis

72 3750 131 3812 icil
157 3755 263 3816 nostri
289 3755 331 3816 ad
357 3754 502 3816 debitum
527 3754 727 3832 perducatur
755 3754 857 3814 effec-
911 3768 969 3831 pro
994 3756 1072 3830 jure
1086 3755 1172 3830 quod
1198 3754 1234 3816 in
1258 3754 1373 3816 eadem
1386 3755 1491 3832 sylva,
1515 3757 1586 3818 sive
1599 3758 1702 3834 juste,

72 3849 143 3910 turn.
164 3853 215 3912 Ex
245 3853 339 3928 parte
365 3852 656 3929 siquidem-vestra
669 3850 732 3912 luit
746 3850 857 3910 humi·
911 3849 981 3910 sive
996 3849 1119 3926 injuste
1133 3865 1192 3910 vos
1207 3849 1331 3912 habere
1350 3849 1522 3923 dicebatis,
1548 3851 1702 3928 inquire·
1732 3852 1735 3860 ’

72 3945 139 4008 liter
163 3949 396 4026 supplicatum,
414 3951 451 4012 ut
475 3966 549 4012 cum
566 3951 665 4010 clarae
686 3949 856 4010 memoriae
910 3949 985 4008 rent
1000 3946 1144 4008 sollicite
1167 3947 1350 4008 veritatem.
1370 3947 1432 4018 Qui
1447 3948 1589 4024 receptis
1603 3963 1705 4026 super

72 4045 253 4109 llaniredus
268 4047 417 4108 marchio
429 4047 548 4109 Salutii
561 4047 602 4107 ad
618 4045 855 4108 conscientiam
911 4040 974 4104 hoc
999 4040 1138 4104 testibus
1164 4043 1254 4102 omni
1288 4043 1485 4120 exceptione
1519 4044 1704 4120 majoribus

72 4142 205 4216 rediens,
239 4145 336 4222 prata
364 4144 525 4222 quaedam,
548 4145 656 4206 terras
685 4144 718 4204 et
740 4144 856 4204 vineas
910 4139 1132 4218 depositiones
1147 4140 1293 4221 ipsorum
1310 4139 1405 4202 nobis
1420 4140 1481 4204 sub
1496 4141 1618 4216 sigillis
1632 4141 1703 4202 suis

71 4237 166 4313 ipsius
178 4241 385 4312 monasterii,
398 4257 471 4318 quae
484 4239 704 4316 cognoscebat
719 4255 756 4302 se
771 4255 854 4302 con·
909 4237 1165 4301 transmiserunt
1177 4237 1318 4300 tideliter
1341 4238 1551 4309 interclusas,
1572 4254 1614 4300 ex
1629 4238 1705 4314 qui-

72 4333 117 4397 tra
134 4338 299 4414 iustitiam
320 4339 478 4410 tenuisse,
502 4337 686 4399 liberaliter
711 4337 857 4398 restituit
909 4336 971 4398 bus
1003 4335 1224 4412 comperimus
1262 4335 1433 4397 evidenter
1476 4335 1562 4413 quod
1598 4335 1705 4396 dictus

72 4435 264 4498 monasterio
275 4436 468 4508 memorato,
484 4435 570 4496 siout
584 4435 619 4496 in
635 4434 755 4496 litteris
766 4437 857 4511 ejus-
911 4433 1256 4512 praedecessornoster
1269 4433 1363 4494 robis
1375 4449 1434 4510 pro
1446 4435 1523 4510 jure
1533 4433 1617 4510 ipso,
1634 4433 1706 4494 sive

72 4527 137 4590 dem
159 4531 364 4594 marchionis
392 4531 516 4594 exinde
542 4532 701 4594 conlectis
725 4531 856 4609 plenius
911 4530 993 4592 illud
1008 4529 1704 4608 injustepeteretis‚sivejuste‚.compensa-

72 4629 260 4702 continetnr,
277 4629 392 4691 eadem
414 4629 478 4706 ipsi
493 4629 695 4692 monasterio
706 4629 857 4705 dignare·
910 4628 1034 4694 tionem
1049 4627 1203 4690 idoneam
1215 4628 1409 4704 assignavit,
1424 4627 1579 4690 videlicet
1591 4629 1703 4704 ligna·

72 4737 137 4786 mur
151 4727 347 4790 auctoritato
358 4727 548 4804 apostolica
564 4727 772 4788 confirmare.
787 4727 856 4787 Nos
910 4724 1001 4799 glum
1014 4725 1048 4784 et
1067 4721 1262 4798 herbagium
1284 4723 1319 4782 in
1341 4726 1452 4784 monte
1472 4724 1530 4802 qui
1554 4724 1706 4786 Furmuli

71 4818 164 4894 igitur
188 4824 310 4886 vestris
331 4824 433 4900 justis
449 4823 737 4902 postulationibus,
760 4823 856 4900 grato
910 4821 1108 4898 appellatur,
1127 4819 1254 4883 iaciens
1267 4836 1326 4882 vos
1341 4821 1375 4882 in
1391 4821 1483 4882 illius
1499 4822 1710 4900 corporalem

72 4922 297 4984 concurrentes
305 4936 445 4981 assensn
453 4921 679 4996 possessiones
687 4921 854 4997 praelatas,
911 4918 1156 4996 possessionem
1169 4918 1293 4990 induci,
1311 4933 1352 4981 ac
1364 4918 1494 4981 dilectis
1507 4919 1585 4981 filiis
1601 4919 1706 4997 priori

72 5013 331 5093 sicutvosjuste
345 5021 381 5082 et
399 5017 536 5094 pacilloe
550 5017 738 5095 possidetis
761 5018 856 5080 vobis
911 5018 944 5078 et
968 5015 1126 5078 iratribus
1145 5015 1224 5078 dicti
1251 5017 1445 5078 monasterii
1464 5017 1648 5080 concedens
1663 5017 1708 5076 li-

72 5112 101 5171 et
112 5128 171 5188 per,
181 5131 240 5178 vos
254 5114 391 5192 praelato
407 5115 609 5177 monasterio
621 5115 732 5177 vestro
747 5117 857 5177 aucto·
910 5114 989 5174 bere
999 5128 1099 5190 super
1113 5113 1246 5176 dictam.
1260 5115 1289 5176 N
1293 5130 1329 5178 os
1340 5130 1419 5191 ergo
1435 5131 1550 5192 pacem
1560 5115 1593 5174 ct
1607 5113 1705 5189 quie-

72 5207 160 5271 ritate
172 5212 363 5288 apostolica
378 5213 624 5284 confirmamus,
639 5214 672 5273 et
682 5213 856 5288 praeseutis
910 5212 976 5273 tem
986 5211 1176 5272 eorumdem
1188 5212 1309 5288 prioris
1319 5212 1352 5274 et
1364 5211 1707 5288 fratrumpropensius

72 5306 177 5383 scripti
187 5310 373 5386 patrocinio
389 5310 641 5370 communimus.
666 5310 757 5370 Nulli
776 5325 856 5386 ergo
911 5309 1117 5380 affectantes,
1142 5308 1229 5384 quod
1256 5324 1356 5386 super
1370 5308 1412 5368 ils
1426 5307 1467 5368 ab
1490 5308 1562 5384 ipso
1578 5306 1708 5388 praede·

73 5404 196 5476 omnino
212 5405 383 5472 hominum
397 5406 496 5468 liceat
510 5407 597 5470 hanc
610 5407 766 5482 paginam
781 5422 856 5468 nos·
911 5421 1045 5467 cessere
1058 5408 1174 5468 nostro
1185 5405 1309 5468 sactum
1320 5405 1433 5466 existit
1443 5403 1665 5481 approbamus
1676 5407 1709 5466 et

73 5497 126 5560 trae
150 5503 411 5566 confirmationis
436 5503 631 5580 intringere,
651 5504 705 5566 vel
724 5505 756 5566 ei
771 5519 856 5566 ausu
911 5501 1005 5566 vobis
1016 5505 1210 5580 perpetuum
1225 5502 1395 5564 silentium
1412 5517 1513 5577 super
1530 5502 1626 5578 sylva
1640 5503 1709 5564 iru-

74 5597 240 5660 temerario
270 5601 448 5664 contraire.
467 5601 500 5662 Si
515 5602 589 5679 quis
604 5601 790 5663 autemhoc
805 5604 857 5663 at·
912 5601 1083 5676 ponentes
1108 5600 1242 5662 tandem
1268 5615 1340 5660 eam
1366 5598 1533 5674 praedictls
1554 5599 1657 5674 priori
1673 5603 1705 5660 ci

75 5693 192 5758 tentare
209 5698 456 5776 praesumpserit
469 5698 734 5774 indignationem
746 5699 856 5760 omui·
912 5697 1069 5760 iratribus
1099 5698 1295 5764 anctoritate
1314 5696 1503 5774 apostolica
1530 5697 1707 5758 conflrma-
