3988 6306
901 316 1076 378 HONORII
1098 317 1143 378 111
1163 319 1310 382 OPERA.

279 319 340 378 223
1865 327 1925 389 224

281 476 487 548 attentatam,
501 475 612 538 renuit
628 475 834 538 confirmare.
851 476 920 538 Nec
931 477 983 538 bis
994 493 1075 540 con·
1129 478 1219 540 orbis
1237 481 1335 542 terrae
1353 495 1413 556 pro
1428 483 1518 544 certo
1533 483 1686 557 scientes,
1701 487 1786 562 quod
1805 488 1835 547 si
1849 491 1925 565 ejus

280 577 362 639 tenti
384 575 426 637 ad
444 573 689 651 impediendum
708 572 924 635 executorem
939 591 1074 651 proces·
1129 576 1308 652 prudenter
1322 578 1508 655 receperint
1527 579 1748 658 disciplinam,
1765 585 1800 645 ut
1817 585 1850 646 et
1864 584 1927 646 be-

281 690 355 734 sum
370 670 526 734 dixerunt
539 687 576 732 se
590 670 762 748 praelatum
777 673 969 733 Massanum
984 673 1075 750 epis·
1128 673 1327 736 nedictionis
1360 692 1429 738 suae
1460 680 1651 740 mereantur
1674 680 1783 754 gratia
1807 681 1927 742 conio-

281 785 410 848 00001,
441 785 481 830 eo
507 769 592 846 quod
612 769 790 845 aliquando
813 772 884 846 ejus
910 770 1073 832 scholaris
1127 771 1210 843 veri,
1244 773 1336 833 nulla
1360 774 1409 834 eis
1432 774 1554 851 poterit
1577 791 1699 837 nocere
1724 777 1922 850 adversitas,

278 869 405 940 iuerat,
440 866 564 928 babere
593 867 798 942 suspectum3
826 867 860 928 et
885 867 933 927 sic
961 883 1072 928 coram
1128 868 1208 944 quin
1238 869 1419 946 procedant
1442 886 1615 948 prospere,
1644 874 1744 951 atque
1768 877 1922 950 regnent.

278 965 475 1042 quibusdam
498 963 635 1024 arbitris
660 962 701 1024 ab
727 964 776 1024 eis
800 964 832 1024 et
859 965 1073 1040 procuratore
1127 967 1198 1027 Hac
1212 967 1333 1044 itaque.
1346 965 1612 1030 consideratione
1631 968 1795 1043 inductus,
1811 972 1923 1044 nobis,

277 1063 383 1140 ipsius
415 1061 529 1122 electis
564 1061 663 1121 nimis
698 1061 822 1122 eisdem
856 1060 1072 1123 lavorabilius
1127 1064 1175 1124 dli
1190 1063 1372 1136 carissime,
1399 1061 1603 1140 supplicasti,
1620 1068 1656 1128 ut
1669 1067 1702 1128 te
1717 1067 1778 1127 sub
1791 1067 1924 1129 alarum

277 1159 456 1238 praedictus
477 1159 652 1236 episcopus
670 1161 703 1220 et
721 1162 793 1234 ejus
813 1158 950 1234 collegae
972 1175 1073 1220 recu·
1127 1165 1315 1222 nostrarum
1346 1157 1462 1222 umbra
1495 1161 1709 1237 dignaremur
1736 1165 1924 1241 protegere,

278 1257 341 1318 sati
364 1254 509 1317 luerunt.
533 1253 627 1316 Unde
648 1256 734 1316 idem
758 1255 897 1317 affectus
920 1255 1018 1317 taedio
1040 1257 1074 1317 et
1127 1273 1166 1319 ac
1182 1259 1397 1335 protectionis
1418 1259 1616 1335 Apostolicae
1635 1261 1751 1338 clypeo
1773 1276 1926 1322 commu-

277 1354 391 1416 labore
407 1346 448 1413 ad
463 1367 523 1412 nos
539 1353 657 1414 iterum
673 1367 848 1414 recurrens
864 1352 904 1413 ad
920 1369 978 1413 vos
993 1367 1075 1413 exe·
1128 1354 1212 1416 nire.
1235 1357 1304 1416 Nos
1328 1355 1431 1431 igitur
1456 1355 1557 1417 clerae
1580 1355 1766 1418 devotionis
1784 1357 1819 1418 et
1843 1357 1925 1419 fidel

277 1452 423 1514 cutorias
439 1466 459 1511 a
473 1449 568 1511 nobis
583 1450 712 1511 litteras
728 1451 920 1526 reportavit.
943 1451 1004 1512 Sed
1022 1449 1072 1510 illi
1126 1451 1315 1528 puritatem,
1339 1467 1437 1528 quam
1458 1449 1499 1513 ad
1515 1455 1618 1514 Deum
1634 1454 1667 1514 et
1680 1454 1787 1530 ipsam
1809 1455 1925 1516 eccle-

277 1545 417 1624 diifugla
447 1547 566 1609 frivola
591 1545 829 1619 mendicantes,
860 1547 1073 1624 exceptiones
1127 1549 1211 1609 siam
1226 1549 1454 1626 progenitores
1473 1551 1548 1611 tuos
1569 1549 1725 1611 habuisse
1744 1549 1924 1612 didicimus

279 1649 394 1708 contre
409 1644 634 1722 procuratoris
649 1647 721 1722 ejus
738 1659 924 1720 personam,
941 1646 973 1706 et
992 1644 1070 1715 alia,
1126 1647 1329 1717 recolentes,
1358 1645 1563 1709 attendentes
1590 1661 1739 1724 quoque,
1777 1647 1864 1724 quod
1887 1649 1924 1709 te

280 1759 353 1822 quae
363 1759 430 1805 non
440 1741 621 1817 tangebant
634 1739 817 1818 principale
828 1741 1007 1817 negotium,
1018 1741 1073 1802 cb·
1128 1743 1259 1821 inclytae
1278 1742 1519 1805 recordationis
1542 1745 1575 1804 M
1578 1787 1638 1804 .....
1654 1743 1771 1820 regina
1785 1747 1922 1820 Arago-

274 1841 447 1918 jecerunt;
462 1837 581 1916 quibus
597 1854 656 1898 vos
673 1836 746 1914 plus
765 1837 873 1899 debito
886 1836 1072 1900 deserentes
1127 1856 1206 1900 num
1221 1841 1328 1903 mater
1338 1841 1396 1902 tua
1410 1855 1485 1902 cum
1501 1840 1591 1902 terra
1605 1843 1638 1903 et
1651 1842 1729 1903 aliis
1743 1840 1839 1902 bonis
1852 1843 1923 1902 tuis

277 1937 469 1998 mandatum
483 1933 708 2011 Apostolicum
727 1933 836 1995 adbuc
851 1933 996 1996 finaliter
1008 1950 1072 1996 ex·
1126 1937 1234 1998 eidem
1249 1937 1400 1999 ecclesim
1410 1937 1669 2011 commendavit;
1684 1953 1786 2014 agens
1796 1939 1924 1999 dudum

278 2033 370 2110 sequi
394 2047 460 2093 non
484 2031 637 2102 curastis
661 2046 764 2107 quare
789 2031 861 2108 ipse
887 2031 927 2092 de
952 2031 1072 2093 litteris
1127 2034 1214 2111 apud
1231 2035 1348 2097 Sedem
1366 2033 1588 2112 apostolicam
1604 2037 1638 2095 in
1653 2037 1821 2108 extremis,
1835 2052 1923 2096 nos-

277 2130 400 2193 nostrls
420 2129 468 2189 nil
482 2128 615 2189 videtur
628 2127 694 2188 nisi
709 2127 839 2188 labores
855 2129 888 2188 01
901 2128 1072 2204 angustias
1126 2131 1187 2192 trae
1201 2130 1261 2192 tibi
1274 2130 1462 2192 dilectionis
1473 2131 1656 2207 praecordia
1669 2131 1803 2209 dignum
1814 2132 1921 2193 duxi-

276 2227 477 2304 reportasse.
497 2227 539 2286 Ut
550 2226 654 2300 igitur
668 2225 956 2308 sapientiavincat
970 2225 1071 2286 mali·
1126 2243 1199 2288 mus
1214 2228 1355 2305 aperire,
1377 2229 1539 2304 quatenus
1557 2228 1614 2304 qui
1633 2229 1668 2289 in
1685 2230 1782 2291 aetate
1805 2231 1923 2290 tenera

276 2324 369 2395 tiam,
385 2324 419 2384 et
433 2323 625 2383 devotorum
638 2321 824 2383 obedientia
840 2321 1071 2384 inobedientiae
1126 2339 1199 2386 esse
1223 2324 1429 2402 dignosceris
1453 2327 1661 2398 constitutus,
1690 2326 1768 2387 dum
1793 2325 1923 2388 favoris

279 2419 460 2497 prevaleat
478 2422 719 2495 protervorum,
744 2418 936 2481 discretioni
953 2421 1071 2481 vestrae
1125 2421 1305 2499 apostolici
1327 2421 1474 2483 brachiis
1494 2422 1698 2485 sustentatus
1721 2421 1836 2494 lucris,
1863 2439 1925 2484 ro-

277 2532 338 2594 per
370 2516 490 2578 iterata
519 2515 641 2592 scripta
675 2515 815 2576 firmiter
848 2515 1071 2593 praecipiendo
1124 2518 1248 2591 borari,
1264 2518 1442 2597 adjuvante
1457 2519 1607 2590 Domino,
1623 2519 1737 2580 valeas
1759 2521 1792 2581 et
1806 2520 1923 2581 susci-

276 2613 492 2684 mandamus,
524 2613 685 2688 quatenus
707 2611 907 2687 -bujusmodi
942 2611 1071 2674 frivolis
1126 2630 1204 2691 pere
1218 2614 1469 2696 incrementum.
1486 2615 1599 2690 Regiis
1623 2615 1735 2692 itaque
1750 2615 1925 2692 supplica-

278 2709 529 2787 ex'ceptionibus
552 2723 618 2770 non
642 2707 858 2781 obstantibus,
877 2708 966 2770 inira
988 2708 1071 2771 duos
1125 2711 1270 2773 tionibus
1288 2710 1450 2784 inclinati,
1467 2711 1760 2787 personamtuam,
1776 2726 1922 2787 regnum

279 2823 411 2871 menses
439 2806 513 2883 post
536 2804 777 2881 susceptionem
802 2806 1015 2882 praesentium
1035 2806 1071 2867 in
1124 2809 1318 2884 Aragoniae,
1352 2809 1477 2871 terram
1510 2809 1711 2882 cataloniae,
1739 2809 1855 2870 villam
1886 2811 1924 2871 et

277 2905 392 2966 eodem
426 2903 558 2978 negotio
584 2903 680 2978 Juxta
712 2903 858 2978 priorum
885 2903 1070 2965 litterarum
1124 2906 1248 2968 terram
1261 2907 1382 2968 Montis
1397 2905 1823 2968 Pessulenicumomnlbus
1838 2907 1920 2968 aliis
1992 2907 1993 2934 ²

274 3001 512 3062 continentiam
540 2999 737 3076 procedatis,
753 2999 968 3062 decernentes
992 2999 1072 3060 irri-
1124 2998 1220 3060 bonis
1238 2999 1316 3070 iuis,
1342 3013 1415 3075 quae
1436 2999 1471 3060 in
1493 2999 1745 3076 praesentiarum
1766 2999 1925 3061 rationa-
1992 3005 1993 3056 ζ

273 3099 342 3160 tum
366 3097 400 3158 et
420 3097 531 3167 inane,
556 3096 584 3157 si
611 3095 690 3172 quid
717 3095 849 3157 interim
873 3097 908 3157 in
930 3097 1070 3157 ecclesia
1125 3097 1236 3158 biliter
1248 3095 1408 3172 possides,
1417 3095 1470 3157 vel
1485 3097 1520 3156 in
1532 3095 1786 3173 luturumjustis
1796 3096 1920 3168 modis,

276 3197 411 3255 Lucana
426 3193 461 3252 in
479 3191 708 3268 praejudicinm
730 3192 880 3268 predicti
895 3193 1009 3255 clerici
1021 3195 1071 3255 est
1125 3194 1303 3271 praestante
1327 3193 1481 3264 Domino,
1511 3193 1635 3269 poteris
1665 3193 1823 3270 adipisci,
1854 3194 1920 3253 sub

276 3290 531 3367 praesumptum,
552 3287 812 3349 contradictores
828 3303 887 3365 per
912 3305 1070 3351 censuras
1123 3291 1213 3354 beati
1241 3291 1331 3352 Petri
1353 3291 1386 3352 et
1409 3292 1522 3351 nostra
1546 3290 1748 3367 protectione
1775 3291 1924 3366 suscipi-

274 3386 519 3448 ecclesiasticas
542 3385 763 3462 appellatione
782 3385 964 3462 postposite
979 3403 1071 3448 com-
1124 3405 1208 3461 mus,
1237 3387 1270 3449 01
1287 3386 1461 3464 praesentis
1485 3387 1600 3464 scripti
1620 3387 1806 3464 patrocinio
1826 3401 1924 3447 com-

275 3482 449 3561 pescendo,
462 3485 580 3544 Datum
597 3485 709 3542 Romae
728 3482 814 3558 apud
835 3483 990 3544 Sanctum
1006 3487 1071 3546 Pe-
1124 3485 1301 3547 munimus.
1323 3483 1414 3545 Nulli
1430 3499 1509 3561 ergo
1534 3467 1667 3546 omnino
1684 3483 1856 3544 hominum
1871 3484 1922 3545 li-

274 3583 373 3651 trum,
390 3595 466 3640 non.
482 3579 560 3640 maii
577 3593 664 3639 anno
678 3579 788 3641 tertio.

598 3774 750 3864 CCXIV

376 3913 428 3972 Ad
441 3913 604 3972 iacobum
618 3913 820 3986 Aroponom
834 3923 963 3986 repom.

574 4031 592 4088 8
605 4031 672 4088 maii
688 4031 766 4088 lale.

300 4129 303 4137 ¹
335 4143 769 4210 [1101101110110111101111001,
784 4144 828 4203 lll,
844 4144 898 4203 311),
915 4159 940 4195 n.
953 4145 1006 4210 bn]

273 4252 331 4312 Sub
353 4253 528 4326 protectione
550 4251 641 4308 sancti
660 4249 735 4308 Petri
750 4257 779 4307 et
792 4265 844 4308 sua
864 4252 982 4324 suscipit
999 4265 1066 4325 reg·

376 4355 444 4399 num
458 4341 626 4412 Aragonum
641 4346 670 4396 et
683 4346 789 4396 terram
802 4340 964 4398 catalonia.

313 4457 480 4518 Honorius
496 4458 672 4534 episcopus
687 4471 803 4517 servus
814 4471 984 4516 servorum
996 4457 1066 4529 Dei,

274 4553 447 4615 carissimo
463 4553 498 4613 in
512 4554 642 4616 Christo
658 4553 728 4614 fillo
742 4553 865 4615 Jacobo
878 4557 1068 4629 Aragonum

273 4650 344 4726 regi
367 4649 659 4718 illustrissimam
681 4651 713 4712 et
732 4649 948 4728 apostolicam
966 4649 1070 4712 bene-

274 4747 464 4809 dictionem.

313 4843 531 4906 sacrosancta
555 4845 703 4905 Romana
718 4845 865 4907 Ecclesia
884 4845 940 4924 pia
963 4845 1069 4908 mater

272 4942 407 5005 devotos
436 4941 469 5002 et
492 4939 634 5002 humiles
659 4940 747 5002 lilios
774 4943 815 5004 ed
840 4943 973 5020 pietatis
999 4960 1068 5006 suae

272 5039 434 5117 gremium
460 5038 682 5109 recurrentes,
707 5053 774 5100 non
799 5039 906 5100 solum
927 5039 1070 5102 honorat

272 5136 491 5216 amplexibus,
506 5127 735 5197 verumetiam
748 5137 907 5199 maternae
923 5137 1070 5199 consola·

1124 3585 1197 3644 ceat
1231 3584 1317 3643 lianc
1351 3580 1507 3659 paginam
1541 3582 1663 3643 nostrae
1700 3579 1921 3657 protectionis

1124 3680 1316 3756 infringere,
1330 3677 1386 3741 vel
1401 3677 1434 3738 ei
1447 3694 1532 3739 ausu
1543 3677 1721 3740 temerario
1736 3677 1921 3739 contraire.

1124 3779 1160 3840 Si
1174 3778 1248 3855 quis
1263 3777 1373 3838 autem
1392 3776 1455 3838 boc
1473 3775 1635 3837 attentare
1655 3775 1920 3851 praesumpserit,

1123 3875 1385 3952 indignationem
1406 3871 1640 3950 omnipotentis
1655 3871 1726 3943 Dei,
1742 3886 1782 3932 ac
1801 3869 1923 3933 beato-

1123 3989 1196 4035 rum
1211 3973 1302 4034 Petri
1317 3971 1350 4033 et
1364 3971 1459 4032 Pauli
1475 3969 1699 4048 apostolorum
1713 3971 1787 4046 ejus
1800 3983 1837 4028 se
1852 3983 1919 4029 no-

1122 4071 1208 4132 verit
1222 4071 1443 4130 incursurum.

1162 4167 1279 4229 Datum
1295 4167 1408 4227 Romae
1429 4163 1516 4241 apud
1532 4163 1688 4226 Sanctum
1703 4163 1838 4225 Petrum
1854 4179 1919 4224 oc-

1122 4264 1198 4325 tavo
1223 4263 1297 4324 idus
1326 4259 1422 4333 maii,
1453 4259 1666 4337 pontificatus
1693 4259 1800 4322 nostri
1827 4276 1920 4322 anno

1076 4405 1079 4410 -
1122 4360 1231 4423 tertio.

1454 4482 1585 4570 cdxv

1222 4609 1274 4671 Au
1291 4609 1454 4669 iacobum
1470 4611 1672 4683 Aropooom
1686 4619 1815 4682 rapam.

1415 4719 1450 4778 l0
1463 4717 1531 4776 maii
1546 4719 1627 4777 lale.

1278 4825 1388 4891 [leniet
1401 4827 1528 4890 Layettes,
1541 4823 1627 4884 1180,
1642 4839 1668 4874 n.
1680 4824 1762 4890 leit]

1157 4935 1261 4996 Villam
1278 4931 1538 5007 llontispsssulani,
1554 4947 1620 4990 cum
1635 4933 1736 4991 castris
1750 4931 1785 4990 de
1804 4932 1883 4992 Latis

1288 5029 1317 5080 et
1331 5021 1367 5080 de
1381 5021 1503 5091 Omelar,
1520 5021 1583 5094 regi
1597 5021 1770 5095 confirmat„

1162 5129 1330 5194 Honorius
1365 5130 1555 5207 episcopus,
1592 5143 1708 5191 servus
1742 5144 1919 5192 servorum

273 5236 374 5298 tionis
389 5234 495 5297 nutrit
509 5232 677 5302 uberibus,
695 5234 727 5295 et
738 5233 873 5306 exaltat,
889 5234 964 5295 illos
983 5235 1070 5296 dun·
1122 5231 1193 5303 Dei,
1206 5229 1380 5291 carissimo
1394 5228 1429 5288 in
1445 5227 1575 5288 Christo
1588 5226 1657 5288 illio
1671 5227 1807 5300 Jacobo,
1819 5227 1919 5288 illus-

250 5333 365 5394 -taxat
377 5331 582 5408 diligentiori
595 5329 704 5392 studio
722 5329 886 5402 refovens,
904 5347 985 5408 quos
997 5347 1069 5392 ma·
1122 5327 1166 5389 tri
1178 5326 1250 5402 regi
1268 5330 1469 5402 aragonum,
1489 5323 1629 5386 salutem
1649 5324 1683 5386 et
1700 5325 1919 5401 apostolicam

270 5430 322 5507 gis
338 5445 406 5490 suae
422 5429 640 5490 recreationis
656 5424 763 5490 cernit
775 5428 894 5490 solatio
905 5428 1066 5504 indigere.
1123 5423 1398 5487 benedictionem.

271 5529 378 5605 llujm
391 5541 508 5604 nempe
521 5527 637 5588 metris
651 5525 860 5588 dulcedinem
875 5542 943 5587 non
957 5526 1070 5587 imme·
1162 5522 1267 5586 iustis
1298 5521 1479 5599 petentium
1507 5519 1682 5582 desideriis
1706 5518 1842 5594 dignum
1867 5521 1920 5583 est

269 5627 334 5687 rito
355 5625 490 5701 gustare
515 5623 706 5686 desiderant
727 5639 824 5701 reges
847 5609 880 5686 et
900 5623 1068 5701 principes
1124 5637 1184 5682 nos
1198 5619 1329 5682 facilem
1345 5617 1494 5694 praebere
1509 5618 1917 5693 assensum,etvota,quae
