4090 6316
134 291 171 350 37
757 281 985 342 nrisronm.
1007 279 1086 342 tm
1110 281 1169 342 111
1742 290 1781 348 aa

135 447 274 526 gratiam
288 444 498 508 exhibemus.
515 441 686 520 Siquidem
701 443 817 504 eontra
834 441 969 502 natos
965 439 1092 515 posito
1112 440 1145 502 st
1169 441 1208 501 m
1235 437 1277 503 de
1292 439 1416 508 Cottum
1444 443 1606 512 oanouioo
1623 445 1781 510 Suessio-

138 548 174 608 ιιι
188 561 254 607 non
271 544 422 621 legitimo
437 541 660 603 matrimonio
668 541 809 601 diverse
827 555 932 601 cens
966 536 1093 608 ',nansi
1114 537 1256 604 salutant
1282 537 1315 602 st
1338 539 1554 614 apostolieum
1577 537 1819 610 benedictio-

135 641 334 706 titutiones'
321 657 361 702 ιιι
376 651 510 718 paenam
525 639 699 716 parentum
714 653 735 699 a
751 637 846 700 Sede
855 637 936 698 sunt
985 644 1072 696 nem

136 740 326 818 apostoliea
340 736 570 816 promulgataa,
587 735 644 796 sed
659 733 807 814 ejusdem
820 738 930 811 Apes·-
966 771 967 777 κ
993 759 996 768 ’
1025 734 1075 795 iix
1087 731 1184 808 parte
1194 731 1392 797 dilectorum
1405 732 1548 803 filiorum
1563 739 1734 814 praepositi
1749 743 1790 810 et.

137 839 241 901 tolioae
263 837 365 899 Sedis
386 835 575 912 benigniias
598 833 676 895 illos
695 837 935 909 nonnunquam
985 829 1202 906 quorumdam
1218 852 1222 862 ·
1240 830 1477 896 canonicorum
1509 834 1781 910 ambianensium

136 936 305 998 consuevit
321 935 364 996 ab
374 930 568 1012 hujusmodi
586 931 859 994 constitutionum
869 931 936 990 im¹
985 925 1267 1004 luitpropositum
1277 939 1389 990 eoram
1399 929 1506 1002 nobis,
1528 933 1614 1009 quod
1628 933 1662 994 S.
1676 951 1783 1012 quou-

137 1025 935 1130 pedimeutosubduoere,quusaparentumvitils
986 1024 1061 1102 dam
1078 1024 1205 1090 *dadano
1230 1024 1463 1092 ambianensis
1482 1029 1632 1094 emissis
1653 1032 1783 1096 sublato

137 1132 241 1207 gretia
271 1131 505 1224 preveniente
537 1125 717 1189 subductos
751 1125 937 1196 virtutibus
986 1122 1033 1184 ds
1040 1123 1160 1194 medio,
1181 1122 1267 1186 idem
1286 1125 1492 1201 praepositus,
1512 1142 1588 1190 eum
1607 1131 1727 1207 majori
1751 1133 1785 1192 at

139 1231 300 1308 eonspieit
328 1231 492 1300 eminere,
525 1227 645 1288 merito
672 1222 749 1286 ilios
768 1227 937 1301 tanquam
986 1219 1114 1283 saniori
1125 1221 1219 1298 parte
1240 1221 1539 1303 capituliejusdem
1559 1227 1788 1302 metastasin

139 1329 353 1404 legitimnum
364 1327 570 1389 Dominioam
586 1319 813 1386 haereditatem
828 1329 933 1387 essu

139 1440 244 1498 mens,
267 1425 442 1487 detentum
476 1415 737 1486 dissimulando
751 1416 937 1493 ιιιιιιιιιιιι,

139 1539 218 1603 quos
231 1524 427 1584 meritorum
442 1521 549 1598 gratia
564 1519 829 1596 insignitosipsa
844 1519 936 1595 legis

139 1623 240 1684 timet*
261 1621 485 1698 praerogativa
510 1609 682 1681 virtutum.
714 1618 818 1678 Liras
832 1611 934 1694 igitur

139 1719 290 1781 nonnulli
323 1709 476 1796 eplsra'pi
492 1717 526 1778 et
549 1716 695 1794 prelati,
728 1725 769 1777 ae
800 1716 934 1792 quidam

140 1819 238 1880 etiam
254 1805 471 1878 denaturare
486 1815 610 1876 nostra
625 1807 683 1890 eni
695 1815 787 1878 tuan
800 1812 934 1874 iussos

139 1915 180 1975 lis
208 1914 498 1977 conversationem
528 1911 661 1990 plenius
690 1911 931 1988 cognoverunt,

138 2011 319 2074 tibidevita
330 2012 364 2073 et
374 2009 514 2072 seientia
525 2005 752 2072 testimonium
767 2008 933 2070 laudabile

140 2099 362 2188 perhibentes,
384 2099 502 2169 bumili
522 2101 618 2170 nobis
633 2106 791 2168 instantia
807 2103 935 2184 suppli-

140 2209 256 2280 carint,
274 2209 311 2269 ut
324 2206 608 2283 impedimentum,
625 2204 711 2282 quod
726 2205 792 2266 tuae
807 2219 935 2281 promo-

140 2305 221 2368 tioni
244 2305 383 2383 opponit
409 2303 556 2366 delectus
584 2303 757 2374 natalium,
782 2302 934 2380 eoquod

142 2404 334 2466 canssimus
344 2402 381 2462 in
395 2400 629 2462 cbristo-tilius
644 2401 820 2462 nosterm..
838 2400 935 2464 illus-

141 2502 200 2563 tris
214 2515 278 2562 rex
298 2500 508 2562 Navanrmte
525 2499 653 2560 solutus
675 2498 793 2574 genuit
811 2497 855 2560 de
869 2513 936 2564 soi

142 2599 220 2670 luto,
248 2605 423 2660 removere
447 2595 492 2657 de
507 2595 721 2672 'benignitate
743 2596 934 2672 Apostolioa

142 2697 366 2773 dignaremur,
376 2709 437 2755 nos
446 2695 558 2756 tamen
573 2685 638 2754 non
648 2695 716 2754 tam
730 2687 935 2754 illorum'in-

141 2793 255 2856 elinati
273 2789 443 2871 preoibus,
461 2789 833 2869 quamvirtuttbustuoe
855 2800 935 2867 pro-

140 2891 252 2954 bitatis
279 2887 424 2962 inducti,
450 2903 526 2950 oum
554 2887 936 2965 deiectumlrujusmodi

141 2985 318 3049 multorum
346 2985 492 3046 redimas
515 2983 643 3046 tessera
670 2985 936 3054 merimrm;··et

141 3085 276 3160 dignum
291 3083 336 3144 sit
351 3084 387 3144 ut
401 3083 475 3160 plus
485 3081 553 3144 tibi
567 3082 697 3158 prosint
710 3082 845 3160 propria
863 3099 936 3143 me-

140 3183 215 3254 rita,
227 3195 328 3259 quam
343 3181 442 3256 eulpa
451 3179 700 3251 nooeatsliena,
711 3179 935 3255 tibiauetoria

138 3282 207 3342 tate
213 3275 429 3356 presentium
443 3293 504 3354 per
518 3277 776 3354 dispensationis
792 3278 936 3353 gratiam

138 3373 936 3451 indulgemnsjutquesdspiritneliuimpedimeni

139 3476 206 3535 tum
229 3471 292 3535 tibi
313 3472 400 3532 nibil
420 3471 935 3550 afficiat.memoratum‚1seuap

137 3587 204 3632 non
219 3571 384 3636 absente,
400 3569 504 3635 libers
524 3568 672 3631 retinens
682 3569 847 3632 benedoiu
862 3585 935 3648 quas

138 3669 230 3730 luisti
256 3667 418 3730 canoniea
445 3667 635 3739 aemonius,
660 3667 774 3730 valeas
797 3683 934 3746 promen·

138 3768 209 3827 veri
233 3765 276 3828 ad
298 3779 413 3826 sacros
428 3764 623 3837 ordines'et
637 3765 679 3826 ad
693 3765 935 3842 quaslibetsoe

139 3862 345 3934 elestastioas
364 3862 549 3938 ¹dignitates
571 3863 710 3936 assumi.
736 3863 829 3924 Nulli
850 3878 934 3940 ergo

139 3961 214 4034 ete,
230 3963 355 4022 nostras
370 3960 597 4023 oenoessionis
609 3959 935 4038 intringeresmuis

139 4061 263 4130 autem,
299 4057 367 4120 etei
391 4059 513 4119 Datum
541 4057 699 4118 lamnam
727 4060 747 4118 6
773 4057 934 4122 kalendas

140 4156 331 4218 novembris
342 4155 555 4232 pontilioatus
569 4155 677 4216 nostri
691 4170 779 4216 anno
791 4155 901 4218 tertio.

181 4445 233 4504 Act
246 4443 397 4504 Odonmu
409 4443 451 4502 de
463 4315 768 4514 ogffoecauum,
787 4455 891 4514 proe-

304 4539 460 4613 positum
476 4537 511 4600 ei
529 4541 570 4602 a.
586 4539 629 4600 de
643 4540 771 4602 codun.

416 4652 451 4710 ιι
467 4650 560 4710 ottob
579 4651 657 4710 lile.

293 4757 405 4823 [Netinos
416 4763 442 4808 et
453 4759 574 4816 Extreits,
587 4758 655 4816 xxi,
673 4771 703 4818 ιι,
713 4757 781 4824 ios]

138 4855 240 4914 Seribit
252 4872 285 4914 se
310 4855 482 4915 decanatum
503 4856 705 4914 Ambienensis
723 4857 856 4916 eoeleste
873 4869 933 4916 rna·

172 4939 297 5012 gistroi.
308 4935 653 5008 duxissemnierendum‚
666 4952 732 4995 eum
741 4938 938 4996 autemsbbas

173 5018 270 5076 Sancti
282 5017 405 5076 Victoris
415 5023 444 5074 et
458 5017 578 5091 eolle'gre
590 5016 653 5090 ejus
668 5017 696 5074 in
715 5019 898 5108 prepositum
908 5027 937 5077 et

174 5096 311 5170 quosdam
327 5097 482 5156 esnonieos
492 5096 701 5157 Ambianeuses
711 5101 937 5156 exeommunica-

173 5177 258 5234 tionis
273 5177 445 5234 sententiam
450 5175 614 5251 ,legitima
608 5193 733 5252 ipserum
747 5177 937 5250 appellatione

173 5261 347 5329 ιοιιιιιιιριι,
364 5257 605 5330 promulgassent,
624 5257 680 5315 illis
698 5257 826 5327 mandat,
842 5267 872 5316 ut
886 5273 934 5316 oa

173 5337 283 5392 nouieis
301 5333 443 5409 predictis
464 5337 652 5395 absolutionis
668 5337 935 5410 impendantbens·

174 5413 757 5478 netoernsuanmautieienterinsuuotan
765 5419 937 5493 Apostotioae

174 5493 404 5555 Sediremittant.

177 5602 356 5676 Honorius,
371 5603 447 5679 stc„
463 5605 594 5668 dilectis
608 5607 687 5669 tiliis
704 5609 841 5696 decano,
856 5627 938 5689 praa·

986 1317 1198 1380 deranumli
1212 1318 1254 1380 de
1275 1318 1371 1391 Rota,
1392 1323 1695 1398 paraverominor,
1712 1343 1804 1388 ma-.

986 1415 1128 1492 gistrum
1141 1418 1302 1482 ioannem
1312 1416 1354 1478 de
1366 1417 1504 1480 Abbatrs
1516 1421 1619 1493 Villa,
1644 1423 1786 1487 Ambio·-
1815 1437 1819 1444 ·

964 1587 965 1592 ἵ
986 1523 1109 1576 nenses
1124 1514 1314 1586 canonicos,
1326 1514 1517 1592 elegerunt3
1532 1534 1673 1596 eumque
1684 1537 1787 1598 super,

987 1611 1050 1674 boo
1064 1627 1177 1674 eoram
1192 1611 1375 1676 vonerabili
1389 1613 1493 1676 nstro
1510 1619 1625 1680 nostro
1649 1619 1787 1682 Ambia-

987 1709 1084 1772 nsnsi
1094 1709 1249 1788 episeopo
1257 1710 1371 1787 inritos
1385 1711 1567 1786 ordinario,
1584 1717 1674 1780 mota
1697 1719 1786 1784 esset

987 1805 1135 1883 qusstis.
1148 1807 1237 1888 inter
1260 1809 1388 1888 partes,
1406 1809 1514 1873 dietus
1536 1815 1734 1890 praepositus
1754 1816 1788 1878 et

987 1903 1117 1982 aliiqui
1131 1920 1262 1975 onmes
1275 1906 1310 1966 in
1331 1906 1407 1984 ipsa
1431 1908 1595 1974 eleotious
1621 1927 1787 1977 eonverta-

987 2002 1073 2073 ιιιιιι,
1090 2002 1285 2078 episcopum
1307 2002 1422 2079 ipsum·
1441 2005 1601 2085 babentes
1619 2011 1712 2072 serta
1725 2025 1787 2072 ra·

987 2098 1078 2161 tione
1087 2088 1294 2176 'suspectum
1306 2103 1553 2178 metropolitani
1572 2107 1625 2166 sui
1645 2107 1787 2170 audien-

988 2195 1069 2260 tiam
1079 2199 1313 2272 provocarunt,
1330 2199 1389 2260 sed
1408 2213 1486 2276 pars
1496 2201 1613 2274 altera,
1628 2203 1787 2268 frustato-

987 2293 1048 2358 riae
1074 2307 1189 2356 vorem
1210 2293 1253 2356 ad
1278 2309 1339 2358 nos
1362 2297 1595 2376 appellationis
1620 2299 1785 2375 emittens,

987 2403 1123 2454 eausam
1136 2391 1243 2468 ipsam
1258 2393 1442 2456 venerabili
1457 2395 1553 2482 tratri
1563 2399 1678 2466 nostro
1689 2401 1789 2462 Atre·

987 2487 1116 2560 batensi
1129 2489 1285 2566 episeopo
1293 2493 1327 2554 et
1339 2493 1567 2568 conjudicibus
1582 2495 1681 2561 suisa
1691 2497 1787 2558 nobis

988 2583 1456 2663 matiiutoengan„1nterim
1477 2596 1600 2664 autem,
1630 2593 1689 2656 lite
1704 2611 1788 2671 pen-

965 2725 966 2776 3
988 2682 1169 2760 deuterum
1182 2683 1452 2750 dilectumdllum
1465 2691 1615 2752 nostrum
1631 2693 1683 2764 it,
1697 2693 1787 2756 tituli

990 2781 1022 2843 S
1048 2780 1269 2864 stephanide
1292 2784 1403 2847 Coelio¹
1422 2787 1532 2850 monte
1559 2788 1787 2867 presbyterum

988 2877 1205 2960 cardinalatu.
1216 2879 1317 2948 mobis
1331 2884 1461 2947 exstitit
1472 2885 1669 2960 intimatum,
1687 2889 1786 2965 quod,

988 2974 1066 3060 dum
1086 2975 1169 3052 ipss.
1185 2976 1363 3052 legationis
1378 2973 1705 3056 iungereturoliioio,
1730 3004 1788 3052 su-

989 3072 1219 3149 prestetuna.
1236 3074 1397 3140 decanum
1407 3077 1448 3140 ab
1458 3079 1674 3146 ambianensi
1685 3086 1789 3148 socle-

989 3170 1041 3239 sia
1078 3171 1238 3256 unquam
1267 3173 1418 3242 innurem
1446 3178 1579 3253 penitus
1608 3197 1787 3253 amovens,

989 3269 1161 3336 eanoniois
1172 3269 1278 3347 ipsius
1290 3272 1454 3346 eeclesias,
1470 3291 1515 3338 ex
1527 3279 1668 3356 eorpnod
1678 3281 1788 3357 ipsum

991 3367 1023 3430 S.
1040 3365 1236 3434 illiteratum
1244 3370 1376 3435 statius
1389 3386 1527 3448 prorsus
1539 3376 1691 3440 insulem
1702 3395 1788 3444 eon«.

988 3464 1437 3534 traaasontaassmetmnas
1452 3471 1623 3548 elegeram
1636 3475 1672 3536 in
1688 3476 1789 3540 deoa-

989 3561 1171 3632 uuurnvtes
1185 3562 1243 3626 illa
1262 3563 1413 3642 eligendi
1434 3568 1597 3635 dodanum
1625 3575 1788 3648 potestate

989 3659 1128 3735 anuas
1145 3702 1172 3730 r·
1194 3659 1408 3727 cenationem
1436 3665 1616 3733 damnatus
1637 3671 1787 3746 ejusdem
1823 3735 1825 3738 .

990 3755 1249 3824 aeclesiarum
1265 3761 1471 3836 spostolus
1498 3768 1694 3839 reservavit,
1722 3769 1785 3833 boo

989 3865 1198 3930 nequaquem
1219 3868 1379 3932 expresso
1389 3861 1599 3939 guodrabteo
1607 3865 1647 3942 in
1661 3866 1788 3928 Bituri-

988 3951 1084 4016 oonst
1095 3952 1241 4028 capituto
1255 3952 1454 4020 abacorum
1467 3959 1638 4027 Gallinaria
1655 3963 1688 4024 et
1699 3979 1788 4040 prm·

988 4048 1085 4125 cipue
1107 4064 1129 4110 a
1154 4053 1370 4126 procuratore
1393 4055 1786 4138 ambianensisoaptuui

988 4147 1067 4212 aute
1081 4149 1190 4210 iuerat
1204 4150 1415 4226 appellatum,
1430 4156 1663 4233 stbujusmodl
1676 4161 1787 4236 appel·

989 4244 1069 4310 letio
1084 4246 1212 4308 exstitit
1224 4247 1467 4325 abbpostolios
1491 4255 1575 4318 Sede
1595 4258 1739 4332 recepta,
1755 4260 1787 4321 et

989 4342 1076 4420 quod
1090 4342 1179 4406 idem
1197 4344 1337 4420 legatus,
1361 4347 1402 4410 ad
1425 4351 1599 4426 prefatam
1622 4355 1785 4418 aoeedsns

989 4441 1176 4510 eeclesiam,
1192 4439 1281 4506 dioto
1294 4445 1329 4506 S.
1352 4445 1578 4511 tantummodo
1592 4452 1701 4514 astatis
1727 4453 1787 4516 de-

989 4537 1111 4602 tentum
1134 4540 1167 4601 at
1189 4541 1339 4616 eorporis
1362 4541 1626 4610 imbecillitatem
1652 4550 1784 4630 objecit.

991 4635 1084 4698 Unde
1096 4651 1167 4707 nos,
1182 4635 1224 4698 ad
1239 4639 1484 4713 suggestionem
1500 4643 1702 4722 brpusmodi,
1727 4651 1787 4712 de-

990 4731 1144 4794 sanatum
1157 4733 1350 4808 praedictum
1365 4739 1503 4814 praelute
1527 4744 1685 4820 magistro
1699 4750 1729 4810 J.
1746 4749 1786 4810 de

989 4828 1125 4895 abbans
1137 4830 1225 4894 Villa
1240 4832 1396 4896 duximus
1408 4837 1656 4915 eonferendum
1675 4844 1786 4908 abbati
1856 4847 1860 4859 '

991 4929 1024 4988 S·
1046 4927 1189 4990 Victoris
1213 4931 1246 4991 et
1268 4931 1405 5010 eollegis
1426 4937 1496 5000 suis
1520 4941 1643 5002 posuis
1671 4943 1786 5006 danim

990 5024 1158 5086 litterism
1179 5029 1355 5103 mandatis,
1375 5033 1420 5104 ut,
1437 5039 1615 5099 revocato
1607 5055 1642 5099 ιιι
1655 5039 1786 5104 irritum

990 5122 1149 5200 quidquid
1193 5128 1267 5202 post
1306 5132 1566 5194 reservationem
1606 5137 1787 5202 decanatus

990 5221 1139 5298 ejusdem
1155 5235 1174 5282 a
1198 5221 1362 5286 cardinali
1378 5229 1536 5304 praedicto
1550 5231 1671 5296 saetam
1687 5251 1788 5315 super

990 5319 1153 5381 decanatu
1176 5320 1364 5387 invenirent
1394 5328 1590 5390 attentatum
1616 5333 1785 5410 praedicto,

990 5416 1098 5495 ipsum
1120 5419 1314 5496 magistrum
1336 5424 1627 5492 nonobstantibus
1653 5431 1784 5506 litteris,

889 5569 892 5584 ,
922 5580 927 5587 ,
990 5531 1072 5592 quas
1100 5517 1233 5593 quidem
1252 5522 1404 5584 canonici
1426 5524 1665 5590 Ambianenses
1688 5547 1787 5608 super

990 5613 1154 5682 decanatu
1178 5617 1282 5692 praeis
1283 5619 1318 5680 to
1341 5621 1382 5682 ad
1400 5621 1524 5685 dictum
1538 5625 1787 5692 atrebatensem
