3946 6304
889 375 1063 436 HONORII
1084 377 1130 436 111
1151 377 1300 440 OPERA.
1846 376 1896 437 tlt

309 535 378 596 Sua
389 533 485 596 nobis
496 535 719 610 scenignense
731 533 912 612 capitulum
925 533 1061 612 querela
1115 535 1296 612 procedere
1311 550 1376 596 non
1398 533 1560 606 sinentes,
1586 534 1703 597 oontm
1734 534 1896 596 canonicas

270 633 498 695 monstrarunt
510 632 608 710 quod,
621 631 743 694 nobilis
758 632 811 692 vir
822 632 984 694 comoedo
997 631 1061 693 nl·
1116 631 1307 693 sanctiones
1328 647 1425 710 ιιιιοιιι
1440 631 1541 693 vultis
1563 629 1733 692 intruditis
1748 630 1783 690 in
1801 631 1895 692 ecele-

270 728 444 791 denbusen
477 727 728 790 Albertadensis
758 728 912 790 dioecesis
946 743 1061 790 eorum
1116 728 1199 789 siam
1214 728 1396 800 viduatam,
1411 728 1521 790 dando
1543 727 1673 790 intruso
1696 726 1849 788 ananum
1867 730 1895 790 et

270 825 465 903 quibusdam
480 825 654 886 ecclesiam
667 823 931 903 possessionibus
945 825 1061 888 contra
1115 825 1269 886 baculum
1284 826 1496 902 pastoralem.
1519 824 1659 896 Quidem
1674 825 1776 886 etiam
1797 840 1894 886 saecu-

265 922 430 1000 justitiam
446 921 611 1000 spoliavit,
622 937 721 999 super
733 922 839 984 bocet
852 921 929 983 aliis
941 922 1061 985 damna
1116 922 1344 998 laresjudices
1360 937 1472 985 sacros
1493 935 1638 984 canones
1657 923 1893 984 contemnentes

269 1021 318 1080 eis
339 1020 455 1096 gravia
470 1019 654 1082 inserendo.
680 1019 842 1091 Quocirca
868 1019 1061 1081 discretioni
1116 1019 1149 1080 in
1165 1020 1399 1082 contrahendis
1415 1019 1447 1082 et
1458 1018 1654 1081 dirimendis
1675 1019 1893 1090 matrimoniis,

269 1121 388 1178 vestrae
410 1131 470 1194 per
492 1116 682 1194 apostoliea
704 1117 827 1194 scripta
851 1115 1060 1188 mandemus,
1116 1119 1149 1179 et
1171 1117 1205 1178 in
1227 1117 1302 1178 aliie
1328 1133 1426 1195 quam
1455 1115 1616 1194 pluribus,
1640 1120 1696 1194 jos
1720 1117 1895 1193 episcopale

268 1215 431 1292 quatenus
445 1215 598 1278 comitem
611 1213 719 1291 ipsum
735 1215 771 1276 nt
789 1214 895 1276 eidem
909 1214 1061 1276 ecclesiae
1115 1214 1179 1275 sibi
1190 1213 1423 1276 damnabiliter
1433 1215 1644 1292 usurpantes,
1651 1215 1810 1276 ecclosias
1819 1230 1895 1290 pres·

268 1312 494 1388 possessiones
509 1311 685 1389 praedictas
698 1311 853 1374 restituat
865 1313 898 1373 et
912 1312 953 1374 de
968 1311 1063 1374 dam·
1115 1310 1240 1387 byteris
1253 1311 1333 1374 dent
1345 1313 1380 1373 et
1393 1311 1549 1373 auferunt
1558 1310 1692 1388 quando
1703 1310 1827 1382 volunt,
1842 1327 1895 1373 nec

268 1409 321 1470 nis
331 1407 525 1482 satisfaciat,
535 1410 624 1472 omni
637 1409 725 1471 serie
736 1409 963 1471 admonitione
975 1425 1063 1486 prae·
1100 1409 1322 1472 attendentes
1336 1410 1421 1486 quod
1442 1421 1560 1471 servus
1574 1423 1636 1470 suo
1648 1409 1784 1470 domino
1798 1409 1857 1470 stat
1868 1409 1897 1471 et

267 1506 455 1582 missaper
469 1504 1059 1582 censuramocclesiastioam,appel-
1115 1505 1214 1578 cadit,
1238 1507 1379 1568 clericos
1401 1521 1460 1568 aue
1481 1505 1609 1586 judicia
1632 1505 1743 1566 subire
1762 1507 1897 1583 compel-

267 1600 394 1664 latione
410 1603 547 1675 remota,
559 1601 724 1664 mediante
737 1602 868 1680 justitia
880 1601 1062 1679 compella·
1115 1602 1196 1665 lunt
1225 1605 1295 1666 Noe
1321 1603 1424 1680 igitur
1446 1605 1515 1666 tam
1534 1603 1782 1681 depressionem
1796 1603 1895 1664 eccle·

268 1698 328 1759 ris.
349 1699 463 1762 restes
487 1701 596 1760 autem
617 1699 675 1776 qui
698 1697 822 1760 luerint
842 1698 1015 1770 nominati,
1032 1699 1061 1759 si
1115 1701 1259 1762 siastioae
1282 1699 1456 1772 libertatis,
1480 1715 1581 1779 pram
1604 1702 1791 1762 animarum
1812 1701 1895 1778 peri-

266 1811 303 1856 se
316 1797 436 1871 gratia
453 1796 529 1858 odio
542 1797 594 1857 vel
609 1797 727 1859 timore
743 1795 983 1868 subtraxerint,
1002 1812 1062 1873 per
1115 1798 1190 1860 cula
1218 1813 1261 1860 ex
1292 1797 1344 1858 bie
1377 1797 1565 1860 evenientia
1593 1797 1769 1859 manifeste
1798 1798 1895 1858 debito

269 1907 444 1955 censuram
471 1894 632 1966 eamdem,
653 1893 877 1971 appellatione
896 1895 1059 1966 cessante,
1115 1893 1228 1955 lavore
1241 1893 1398 1966 zelantes,
1413 1893 1649 1956 celsitudinem
1664 1894 1792 1969 regiam
1803 1907 1895 1968 roga-

269 1991 396 2066 cogatis
432 1991 565 2052 veritati
606 1992 833 2053 testimonium
871 1991 1057 2068 perbibere.
1114 2006 1198 2063 mus,
1214 2007 1397 2063 monemus,
1410 1991 1773 2062 ethortnmnrattente,
1787 1993 1894 2069 quate-

270 2088 360 2159 Quod
374 2088 402 2148 si
418 2103 483 2149 non
499 2075 613 2150 omnes
628 2088 680 2148 bis
695 2088 917 2167 exsequendis
941 2089 1061 2166 potne-
1114 2105 1177 2150 nus
1191 2089 1372 2166 prudenter
1385 2089 1571 2162 attendens,
1593 2089 1678 2166 quod
1698 2088 1805 2150 bonor
1816 2089 1895 2164 regis

265 2185 339 2246 ritis
354 2185 527 2256 interesse,
543 2180 608 2248 dno
621 2187 768 2248 vestrum
786 2199 826 2248 ea
839 2184 1058 2247 nibilominus
1113 2188 1174 2258 est,
1200 2186 1237 2248 ut
1259 2186 1424 2264 justitiam
1447 2187 1575 2263 diligat,
1600 2201 1673 2264 quae
1688 2202 1724 2248 se
1747 2185 1895 2262 diligitei

242 2273 500 2359 'exsequantur
517 2283 635 2346 Datum
661 2283 829 2354 Laterani,
858 2283 903 2344 Ill
923 2282 1057 2344 kalend.
1113 2283 1227 2359 dirigit
1241 2283 1428 2359 diligentes,
1446 2297 1514 2346 non
1534 2284 1641 2346 solum
1657 2282 1897 2360 ipseabbujus-

266 2378 430 2454 novemb,
446 2375 658 2458 pontificatus
668 2380 773 2442 nostri
785 2395 873 2442 anno
889 2379 1017 2458 quinto.

289 2760 292 2781 Ι
383 2673 435 2734 ,ιιι
452 2665 642 2739 loannem
661 2687 780 2748 recem
800 2673 938 2734 aeetae.

560 2786 663 2844 dnov.
684 2785 766 2844 libb

356 2890 502 2956 [Liljepren
514 2891 624 2944 Sveneirt
635 2891 753 2956 diplom
762 2890 845 2951 l„loe
858 2904 884 2942 ιι.
898 2890 966 2957 let]

263 2989 903 3064 ltonetponttlexnerexetprincipeaeJ'usres
911 2990 1059 3048 ecclesias

299 3079 371 3138 does
384 3085 569 3147 contrectent,
586 3093 624 3136 ne
642 3076 859 3152 apprehendent
870 3077 943 3137 bona
955 3078 1055 3138 cutbe-

299 3167 432 3238 dralinm,
443 3167 467 3223 si
480 3167 669 3240 contingatur
680 3173 796 3236 vocent,
804 3181 840 3225 ne
853 3167 948 3224 sinent
959 3175 1057 3225 contre

296 3255 452 3312 canonicas
475 3255 641 3314 sanctiones
659 3270 745 3328 quem
760 3255 848 3314 velim
862 3253 1036 3312 intrudere'
1029 3270 1058 3312 ιιι

298 3343 448 3402 eeclesiam
461 3341 615 3402 vidualem.

301 3452 470 3513 Honorius
480 3469 565 3530 papa
580 3453 697 3515 tertius
707 3452 830 3515 illustri
840 3453 912 3528 regi
924 3451 1056 3514 Svotiae.

303 3549 346 3610 Ut
369 3547 556 3626 potentibus
578 3549 678 3628 bilius
699 3550 814 3612 saeculi
837 3551 997 3612 Dominus
1020 3551 1056 3611 in

263 3645 415 3708 ecelesiis
439 3649 472 3708 et
497 3645 597 3708 rebus
621 3647 872 3719 ecclesiasticis,
896 3663 969 3724 qnae
993 3647 1057 3710 sibi

246 3743 399 3822 ¹speciali
414 3743 511 3806 titulo
529 3747 607 3807 sunt
625 3743 813 3821 adscriptae,
838 3761 968 3807 omnem
983 3762 1057 3807 om-

262 3842 343 3904 nino
357 3835 572 3905 interdiceret
586 3843 791 3920 potestatem,
818 3843 917 3904 ozam
939 3858 998 3920 pro
1017 3857 1056 3904 eo

263 3939 348 4017 quod
359 3955 448 4002 arcae
462 3939 608 4012 ioederis,
620 3940 769 4002 sanctam
779 3939 961 4001 Ecclesiam
976 3955 1058 4017 prae·

263 4037 426 4113 signanti,
456 4052 591 4099 manum
614 4037 777 4114 apposuit,
802 4038 839 4099 ut
861 4034 1056 4099 inclinatam

1113 2380 1201 2441 modi
1225 2379 1384 2442 abusibus
1410 2395 1547 2458 prorsus
1574 2381 1764 2449 abstineas,
1790 2396 1896 2442 verum

1112 2477 1213 2538 etiam
1236 2477 1399 2555 quoslibet
1427 2477 1489 2540 tibi
1512 2477 1673 2549 subditos,
1698 2478 1819 2540 tradita
1838 2477 1896 2538 sibi

1112 2575 1243 2637 coelitus
1267 2577 1431 2653 potestate
1454 2575 1632 2649 abstinere,
1667 2577 1843 2653 compellas
1868 2577 1897 2636 te

1112 2688 1152 2734 ac
1167 2673 1250 2735 alios
1272 2672 1314 2736 ab
1333 2673 1535 2752 occupandis
1555 2673 1652 2736 bonis
1672 2673 1896 2734 ecclesiasticis

1112 2770 1308 2844 cohibendo,
1332 2774 1366 2834 et
1392 2772 1611 2849 permittendo
1635 2771 1813 2834 electiones
1836 2786 1896 2832 va·

1111 2868 1264 2932 cantibus
1278 2868 1430 2930 ecclesiis
1446 2867 1551 2932 libere
1568 2867 1744 2940 celebrari,
1767 2870 1800 2930 et
1819 2867 1896 2928 alias
1968 2883 1969 2950 ι

1112 2965 1530 3044 personaseooleeiasticas
1543 2965 1708 3028 servando
1730 2966 1766 3025 ln
1789 2966 1893 3027 omni·
1968 2953 1969 3028 ζ

1113 3063 1209 3125 mode
1230 3063 1393 3136 libertate,
1415 3063 1462 3126 ita
1477 3063 1564 3141 qnod
1587 3062 1749 3126 offensam
1762 3035 1897 3124 redimes
1968 3069 1969 3086 ²

1112 3161 1363 3237 praecedentem,
1377 3160 1436 3224 et'
1427 3175 1462 3222 ιιι
1481 3160 1624 3237 gratiam
1636 3161 1672 3222 te
1684 3159 1829 3220 adducas
1841 3175 1896 3236 po-

1112 3258 1242 3330 tiorem,
1259 3274 1298 3320 ao
1319 3273 1380 3320 nos
1395 3258 1684 3320 mansuetudinem
1695 3258 1822 3334 regiam
1833 3271 1898 3334 pos·

1113 3355 1216 3416 simus
1242 3356 1360 3418 merito
1386 3355 1628 3418 commendare.
1657 3357 1775 3417 Datum
1804 3356 1896 3416 Late·

1112 3454 1198 3526 rani,
1214 3455 1259 3515 lli
1271 3468 1379 3516 nonas
1393 3453 1593 3526 novembris,
1609 3467 1698 3515 enne
1715 3453 1843 3530 quinto.

1143 3749 1195 3809 Ad
1209 3747 1435 3808 Bertcdtctum
1444 3621 1642 3821 ἓρΧιΞοίοξιιηι
1658 3749 1869 3810 scalconem.

1376 3857 1538 3917 dnovemb.
1556 3857 1635 3916 ilat.

1222 3955 1367 4021 pstremo,
1378 3954 1488 4008 svenne
1500 3953 1575 4020 dipl,
1587 3955 1607 4014 ι,
1622 3953 1678 4014 no,
1690 3969 1716 4006 n.
1729 3955 1798 4022 rea]

1111 4053 1227 4112 llandat
1238 4062 1270 4112 ut
1286 4054 1406 4112 clericos
1421 4052 1590 4122 homicidas,
1607 4055 1665 4126 qui,
1681 4053 1793 4128 objecto
1808 4053 1895 4112 ιιιιιιιι

262 4136 464 4198 sustentaret
482 4135 632 4198 eumdem
658 4135 805 4210 graviter
828 4150 907 4196 mox
921 4149 1057 4212 percus-
1145 4141 1281 4212 olerioeli,
1294 4141 1387 4214 potam
1401 4139 1439 4198 de
1454 4139 1530 4199 lacto
1540 4140 1671 4199 duxerint
1682 4155 1797 4210 urerer,
1809 4143 1837 4200 io
1849 4141 1892 4198 oli·

262 4231 321 4307 sit3
338 4232 516 4295 ostendens
531 4233 687 4309 quantem
702 4231 782 4295 velit
795 4231 951 4292 Ecclesiae
965 4245 1057 4292 reve
1145 4230 1249 4304 ouibus
1275 4231 1455 4288 monesnrlle
1481 4228 1518 4288 ed
1537 4227 1680 4303 agendam
1706 4231 1894 4304 penitentiam

260 4331 401 4392 rentiam
414 4329 577 4397 exbiberi,
596 4327 673 4390 dnm
687 4343 762 4390 eum
776 4329 831 4406 qui
848 4344 1055 4405 arcamque
1145 4319 1308 4393 wffllflllat
1967 4391 1968 4394 ,

262 4426 367 4503 ligura
381 4429 453 4489 erat
466 4426 633 4497 Ecclesiae,
648 4441 713 4486 non
725 4427 761 4487 nt
775 4425 984 4502 deprimeret,
997 4426 1055 4488 sed
1150 4426 1317 4488 Honorius
1329 4425 1513 4502 episcopus,
1524 4437 1640 4488 servus
1651 4438 1824 4488 smvorum
1833 4424 1892 4494 bei,
1967 4441 1968 4504 ι

262 4525 439 4596 attolleret,
465 4525 575 4600 tetigit
598 4535 642 4585 ex
666 4539 705 4584 eo
727 4521 946 4596 solummodo,
970 4524 1055 4601 qood
1110 4522 1292 4585 vonerabili
1307 4521 1442 4584 tratri„
1456 4524 1612 4600 episeopo
1628 4523 1797 4596 Scarenm
1814 4523 1894 4584 salu·
1967 4519 1968 4548 ³

261 4621 304 4684 ad
318 4622 507 4700 hujusmodi
529 4617 749 4684 ministerium
774 4637 840 4684 non
855 4624 928 4684 erat
941 4621 1056 4683 addic-
1107 4621 1175 4682 tem
1190 4622 1224 4682 ot
1236 4620 1454 4697 apostolicam
1467 4620 1744 4684 benedictionem

258 4723 324 4794 tus,
348 4719 471 4782 acriter
495 4720 699 4798 eic'pnnivit.
722 4721 819 4782 Nunc
840 4719 919 4781 tacu
942 4735 1055 4780 sumus
1148 4717 1343 4780 Audivimus
1362 4719 1725 4796 quodquidamclerici
1739 4720 1805 4782 tuae
1819 4717 1893 4779 dioe·

257 4817 375 4880 doloro
390 4814 499 4878 cordis
513 4818 728 4888 intrinsecus,
740 4816 827 4898 qued
842 4817 929 4878 sicut
942 4817 984 4878 ad
999 4832 1056 4878 an·
1109 4817 1196 4877 cesis
1224 4816 1260 4876 in
1284 4817 1390 4877 sacris
1415 4815 1591 4878 ordinibus
1622 4817 1817 4889 constituti,
1844 4813 1891 4892 qui

256 4915 419 4978 dientiam
434 4916 583 4976 nostram
604 4917 767 4992 pervenit,
781 4917 820 4976 tu
834 4915 867 4976 et
887 4915 1055 4992 principos
1106 4913 1287 4990 aliquando
1303 4914 1373 4974 sive
1388 4915 1517 4991 sponte,
1543 4915 1615 4976 sive
1629 4927 1710 4976 casu
1735 4911 1890 4976 homicidii

261 5016 295 5075 et
315 5015 486 5089 magnates
508 5012 555 5075 tui
580 5011 653 5074 baeo
674 5011 810 5073 minime
836 5012 1052 5085 attendentes,
1108 5011 1235 5073 crimen
1268 5011 1453 5083 incurrant,
1493 5027 1582 5083 mox,
1623 5011 1753 5088 abjecto
1790 5009 1890 5072 babitu

261 5111 421 5172 eeclesias
433 5111 466 5172 et
480 5125 535 5172 ree
547 5109 794 5172 eoclmiastioas
813 5109 913 5170 nimis
927 5109 1056 5172 irreve-
1107 5109 1268 5180 clericali,
1281 5108 1390 5185 palem
1401 5109 1442 5172 de
1461 5107 1549 5171 lacto
1572 5109 1698 5171 ducunt
1720 5125 1848 5176 uxores,
1864 5106 1891 5167 et

259 5211 389 5280 reumr,
414 5207 518 5270 invito
546 5207 699 5280 Domino,
724 5207 951 5279 munemne,
975 5207 1054 5268 dnm
1109 5207 1143 5268 in
1158 5207 1327 5283 apostasia
1337 5205 1889 5286 damnabilitergloriantes,iactant

257 5307 350 5368 inter
368 5306 435 5367 alia
456 5305 577 5384 quibus
601 5304 748 5381 gr'avatis
768 5304 912 5377 easdem
926 5305 1054 5382 quoties
1108 5305 1267 5380 somogia
1284 5319 1382 5383 quam
1408 5307 1509 5366 antea
1531 5305 1651 5367 llorere
1671 5304 1889 5384 temporalium

261 5402 437 5463 ecclesiam
463 5402 689 5466 cathedralem
723 5415 845 5463 vacere
870 5402 1052 5478 contingit,
1107 5401 1270 5475 ubertate,
1300 5417 1366 5464 non
1389 5403 1601 5475 attendendo,
1630 5404 1717 5480 quod
1747 5403 1827 5466 nibil
1848 5399 1889 5462 est

261 5497 1075 5585 vos,bonisvacantisecclesitenimisrepreben·¹
1108 5498 1276 5560 infelicius
1299 5499 1459 5562 felicitate
1486 5501 1706 5578 peccantium.
1733 5503 1782 5562 Ne
1800 5499 1889 5576 igitur

262 5595 404 5658 sibiliter
430 5594 667 5674 apprehensis,
693 5595 875 5672 capitulum
903 5596 944 5657 ad
967 5591 1074 5676 qnod*
1107 5595 1192 5658 tales
1207 5595 1247 5658 de
1261 5612 1322 5658 sua
1345 5595 1480 5660 valeant
1502 5598 1630 5661 malitia
1650 5599 1798 5675 gloriari,
1823 5609 1886 5658 cum

260 5693 379 5756 electio
400 5693 542 5770 pertinet
562 5693 775 5766 successoris,
800 5692 841 5754 ad
856 5693 1075 5756 electionem·
1109 5694 1185 5755 licet
1208 5693 1335 5755 ordinis
1362 5696 1516 5758 executio
1537 5697 1720 5769 emittatur,
1753 5695 1888 5758 caracter
