4088 6306
286 371 344 430 119

283 545 360 591 cere
373 544 538 606 expensas
553 544 613 605 pro
626 527 724 590 tertia
740 527 845 604 parte,
856 527 888 588 et
902 526 965 588 boc
978 541 1081 604 usque

285 627 327 688 ad
362 626 476 688 decem
505 641 620 698 annos
651 625 728 702 quia
751 620 959 686 baec‘omnia
982 639 1082 700 supra

287 724 410 801 scripta
432 725 510 786 sunt
534 722 575 785 ob
590 722 811 784 reverentiam
832 723 955 782 sanctae
969 720 1083 782 Eccle-

284 822 356 893 siae,
369 823 561 892 etvestram,
572 824 824 898 vestrorumque
837 835 1080 890 successorum,

287 919 401 981 nostra
417 934 551 989 amera,
567 917 664 990 bona,
682 917 827 994 propria,
848 933 888 978 ac
900 919 1082 994 spontanea

285 1015 455 1080 voluntate
467 1014 789 1094 nobisplacuitdare‚
800 1015 1083 1086 tradere,etcons-

285 1114 417 1186 tituere,
434 1129 473 1175 ac
484 1114 649 1175 ordinare.
666 1130 684 1173 a

326 1213 497 1288 «insuper
513 1210 745 1288 promittimus,
761 1210 794 1271 et
808 1208 992 1286 obligamus
1008 1225 1080 1280 nos,

286 1309 483 1386 nostrosque
503 1323 715 1370 successores
738 1305 774 1368 in
788 1307 852 1370 boc
869 1307 980 1370 officio
994 1307 1083 1369 exti-

285 1407 390 1478 turos,
406 1408 440 1470 et
453 1406 610 1483 populum
630 1407 910 1467 interamnensem
935 1403 1028 1466 vobis
1043 1407 1080 1466 D.

288 1503 456 1580 ltaynerlo
484 1504 638 1581 episcopo
665 1504 875 1575 interamna,
906 1503 938 1564 et
962 1500 1082 1564 vestris

286 1597 553 1670 successoribus,
585 1598 749 1675 praesente
782 1597 940 1673 magistro
969 1597 1081 1658 Gratia

287 1696 460 1772 capellano
488 1699 526 1757 D.
544 1699 642 1772 Papae
666 1695 867 1772 supradicto,
886 1694 1023 1758 verbum
1048 1695 1082 1755 in

284 1793 445 1855 concione
461 1809 562 1870 super
576 1793 754 1871 praedictis,
772 1794 805 1855 et
826 1793 902 1853 aliis
921 1792 963 1854 ad
978 1809 1084 1870 popu·-

286 1890 355 1951 lum
367 1893 579 1969 proponente,
594 1895 627 1952 et
642 1890 844 1952 unanimiter
858 1891 978 1968 populo
998 1905 1082 1952 cou-

285 1989 450 2050 senttente
468 1990 555 2050 hanc
570 1988 781 2068 chartam0et
795 1989 961 2050 dationem
977 1988 1080 2060 datis,

285 2086 432 2146 ornatum
441 2087 674 2163 praedictarum
688 2101 811 2158 rerum,
823 2087 1081 2164 possessionum,

285 2183 484 2255 reddituum,
500 2201 539 2246 ao
552 2184 750 2246 statutorum
771 2199 902 2262 semper
915 2185 949 2245 in
966 2199 1085 2261 perpe-

283 2282 376 2342 tuum
392 2281 520 2342 tirmam
534 2284 659 2356 tenere,
689 2284 722 2344 et
748 2283 865 2344 contra
879 2282 971 2343 nullo
987 2281 1083 2344 modo

285 2379 412 2440 venire.
430 2379 520 2451 Quod
539 2380 670 2458 quidem
681 2381 711 2442 si
726 2381 812 2442 banc
827 2379 988 2452 chartam,
1002 2379 1084 2440 etea

287 2491 360 2552 quaa
385 2478 574 2553 supradicta
598 2478 675 2548 suut
698 2491 851 2554 rumpere
879 2477 932 2538 vel
949 2477 1082 2550 falsare,

287 2573 392 2634 antin
408 2575 519 2652 aliquo
534 2575 711 2637 immutare
733 2575 948 2646 voluerimus,
977 2576 1035 2636 aut
1056 2575 1084 2636 si

285 2671 358 2732 haec
382 2672 540 2749 praedicta
565 2674 601 2734 in
629 2673 734 2745 curia,
753 2673 807 2734 val
835 2671 930 2734 extra
956 2673 1084 2734 curiam

286 2767 460 2845 litigando,
474 2771 531 2832 aut
542 2771 627 2832 alias
643 2771 848 2832 molestando
869 2770 984 2832 venire
1009 2771 1085 2832 ten-

287 2867 481 2941 taverimus,
498 2868 551 2930 vel
566 2869 662 2930 sires
675 2869 851 2946 praedictas
866 2867 1085 2945 quandocum-

156 2951 170 2967 “
287 2981 351 3042 que
377 2966 410 3026 et
424 2965 621 3044 ubicumque
641 2982 776 3028 necesse
801 2965 900 3027 luerit
927 2964 969 3026 ab
995 2967 1084 3028 omni

285 3062 432 3134 bomine,
446 3065 533 3139 jnre,
550 3067 583 3125 et
596 3065 696 3126 etiam
714 3065 854 3140 pervim
879 3079 944 3125 nou
966 3062 1085 3125 deleu-

284 3159 451 3232 deremus,
467 3162 545 3237 quia
564 3161 781 3232 noluerimus,
810 3163 948 3222 autnon
964 3162 1084 3238 potue-

284 3257 401 3328 rimus,
419 3273 655 3334 componemus
675 3258 765 3336 ipsas
778 3273 845 3330 res,
863 3273 936 3335 quae
951 3259 1085 3320 evince-

287 3356 403 3416 rentur
430 3355 465 3415 in
488 3354 622 3432 duplum
650 3356 783 3417 nomine
811 3371 915 3428 canae,
940 3357 1085 3433 etpoena

286 3451 407 3524 soluta,
435 3452 506 3514 baec
530 3453 662 3526 charta,
697 3453 730 3515 et
755 3453 865 3514 omnia
896 3454 1084 3530 supradicta

287 3548 506 3611 nihilominus
532 3550 627 3612 firma
652 3565 792 3628 semper,
816 3551 849 3612 et
867 3549 1087 3628 illibateper-

286 3649 453 3709 maneant.
468 3649 536 3710 Nos
552 3649 670 3710 Petrus
681 3648 860 3725 capitanus
875 3649 1030 3725 potestas,
1053 3651 1086 3712 et

285 3745 430 3807 Jacobus
448 3747 652 3808 camerarius
672 3747 822 3823 predicti
837 3763 911 3807 cum
933 3747 1083 3820 consilio,

285 3844 320 3904 et
343 3845 540 3906 auctoritate
565 3845 834 3907 consiliariorum
850 3846 1084 3906 luteramnen-

285 3940 384 4013 stum,
399 3941 485 4004 sicut
497 3958 598 4020 supra
613 3943 744 4019 legitur,
762 3941 863 4003 scribi
880 3943 1083 4019 rogavimus.

288 4039 355 4113 Ego
380 4041 527 4100 loannes
550 4040 717 4116 imperiali
740 4041 833 4100 curia
857 4041 1019 4111 notarius
1046 4039 1086 4101 de

288 4135 456 4208 mandato,
465 4138 500 4198 et
513 4136 676 4213 precibus,
685 4137 923 4199 et-auctoritate
939 4139 1085 4199 omniurn

285 4233 552 4309 supradictorum
569 4235 655 4296 banc
670 4233 830 4306 chartam,
849 4237 883 4296 et
901 4235 1012 4296 omnia
1028 4251 1087 4296 su-

288 4331 438 4408 pradicta
454 4332 584 4409 scripsi,
597 4335 631 4394 et
644 4332 679 4394 in
697 4331 862 4410 publicam
876 4332 1016 4394 formam
1030 4349 1087 4395 re-

287 4429 404 4505 degi.»

328 4525 420 4587 Nulli
432 4543 512 4604 ergo
526 4529 661 4590 omnino
676 4528 857 4599 hominum,
875 4530 936 4589 etc.

328 4626 447 4686 Datum
472 4627 627 4688 Laterani
655 4627 800 4688 secundo
829 4627 904 4688 idus
926 4625 1086 4687 februarii

289 4721 498 4798 pontificatus
514 4725 619 4785 nostri
634 4739 721 4786 anno
736 4723 846 4787 tertio.

637 4917 737 5004 CXX

428 5061 480 5120 Ad
496 5062 691 5134 episcopum
714 5063 944 5137 Ertpottameu.

586 5183 619 5240 li
637 5181 692 5240 leb.
710 5183 788 5242 lm.

321 5299 440 5362 [Regest.,
451 5297 495 5348 lib.
508 5297 551 5355 lll,
559 5297 632 5362 epist.
646 5297 701 5348 205.
716 5299 771 5348 llss.
782 5299 818 5348 La
827 5299 903 5348 Parte
914 5297 947 5350 du
959 5297 1053 5360 Tacit]

288 5403 1085 5480 Utinpresbyterumrbonam,rnonachumsnmantn,

585 5502 782 5568 promoveant.

329 5603 507 5676 Honorius,
532 5605 606 5676 etc,
634 5603 818 5666 venerabili
843 5602 974 5668 bairi...
997 5605 1087 5682 epis·

288 5697 605 5780 ‹copollngolismen

900 367 1076 428 HONORII
1097 367 1141 425 111
1164 367 1312 428 OPERA.
1338 422 1342 430 .

1878 369 1935 428 120

1176 526 1318 588 Thomas
1351 525 1533 587 monachus
1571 515 1684 588 Sancti
1716 527 1861 588 Amantii
1894 528 1935 588 da

1135 623 1243 684 Buxia
1258 622 1430 700 proposuit
1442 639 1554 684 coram
1571 624 1680 696 nobis,
1699 623 1785 701 quod
1809 640 1884 685 cum
1900 625 1934 684 in

1137 720 1235 780 annis
1250 721 1337 781 esset
1354 720 1538 798 puerilibus
1557 722 1766 795 constitutus,
1783 722 1936 800 quaedam

1136 816 1235 879 barra
1261 817 1370 880 terrea
1399 834 1500 895 super
1527 819 1672 880 dexterae
1687 835 1756 880 suas
1780 819 1936 897 pollicem

1136 915 1271 977 fortuito
1299 931 1381 976 casu
1404 915 1538 987 cadens,
1567 917 1728 992 ungulam
1740 917 1862 978 evulsit
1889 917 1936 977 ab

1135 1029 1187 1073 ea.
1204 1015 1283 1074 Cum
1303 1014 1414 1075 autem
1438 1013 1615 1087 desideret,
1638 1015 1724 1076 sicut
1743 1015 1875 1086 asserit,
1899 1016 1936 1074 iu

1137 1109 1336 1170 sacerdotali
1359 1109 1470 1171 allicio
1490 1110 1629 1172 Domino
1654 1109 1822 1182 famulari,
1839 1109 1937 1172 uobis

1137 1207 1522 1285 humilitersupplioavit,
1538 1211 1686 1285 utperte.
1699 1210 1755 1286 qui
1769 1211 1842 1286 ejus
1856 1208 1939 1269 dioe·

1136 1319 1277 1366 cesanus
1285 1305 1413 1377 existis,
1426 1307 1615 1383 promoveri
1627 1321 1703 1368 eum
1716 1306 1750 1366 in
1761 1305 1944 1383 presbyte-

1136 1418 1209 1462 rum
1222 1403 1466 1464 mandaremus.
1481 1403 1642 1475 Quocirca
1654 1402 1863 1465 fraternitati
1868 1404 1938 1464 tuae

1137 1501 1395 1576 parapostolica
1406 1501 1529 1577 scripta
1541 1501 1746 1573 mandamus,
1757 1502 1936 1578 quatenus,

1137 1598 1165 1658 si
1178 1597 1220 1658 ad
1227 1597 1444 1673 frangendum
1458 1597 1700 1659 Eucharistiam
1712 1597 1756 1658 sit
1769 1598 1805 1658 in
1813 1598 1943 1674 pollice

1136 1697 1209 1772 ipso
1216 1696 1343 1772 potens,
1352 1697 1384 1757 et
1396 1694 1485 1756 aliud
1493 1696 1689 1757 canonicum
1702 1711 1770 1756 non
1779 1695 1933 1768 obsistat,

1137 1794 1271 1870 propter
1299 1792 1539 1854 deformitatem
1568 1791 1758 1870 buJusmodi
1786 1809 1854 1854 non
1878 1793 1937 1853 di-

1137 1890 1248 1952 mittas
1272 1889 1352 1968 quin
1380 1905 1455 1951 eum
1484 1889 1525 1950 ad
1554 1890 1703 1952 ordinem
1738 1905 1942 1967 promoveas

1138 1987 1331 2050 sacerdotis.
1363 1989 1480 2050 Datum
1506 1988 1662 2050 Laterani
1689 1987 1835 2050 secundo
1859 1989 1940 2048 idus

1138 2083 1298 2148 fabruarii
1313 2099 1401 2147 anno
1411 2084 1521 2147 tertio.

1476 2236 1595 2322 cxxi

1178 2362 1231 2422 Ad
1249 2361 1405 2422 abbatem
1419 2361 1453 2422 et
1466 2359 1672 2422 convenam
1687 2360 1900 2422 murustertt·

1244 2459 1381 2520 Sancite
1394 2461 1522 2520 Martia
1534 2460 1576 2519 de
1596 2460 1831 2520 Woltetderos.

1431 2571 1464 2628 l3
1478 2569 1548 2628 lebr.
1567 2569 1644 2628 lili.

1228 2675 1309 2741 [aad.
1324 2675 1453 2740 Rudolpbi
1467 2677 1553 2727 Gotlra
1563 2675 1737 2741 diplomatica,
1751 2676 1783 2736 ll,
1792 2673 1862 2740 Μ]

1139 2777 1220 2847 Ipsos
1235 2773 1427 2848 protegendos
1442 2775 1560 2847 suscipit
1578 2789 1735 2846 omnesque
1750 2788 1850 2832 mum
1868 2789 1938 2845 pos·

1165 2863 1310 2920 sessiones
1324 2877 1359 2919 ac
1369 2862 1454 2932 bona,
1466 2863 1531 2935 iura
1541 2871 1569 2920 et
1582 2863 1731 2936 privilegia
1747 2861 1910 2920 coinfirmat.

1179 2972 1357 3042 Honorius,
1380 2971 1456 3040 etc,
1473 2971 1602 3033 dilectis
1622 2971 1701 3031 filiis
1723 2969 1833 3032 abbati
1859 2985 1939 3031 mo-

1140 3069 1278 3131 nasterii
1305 3069 1346 3130 de
1369 3068 1587 3132 Volkolderos
1612 3071 1748 3146 eJ'usque
1764 3067 1935 3138 iratribus,

1139 3169 1206 3229 tam
1233 3165 1450 3243 prasentibus
1477 3181 1574 3243 quam
1600 3165 1720 3226 tuturis
1745 3165 1938 3241 regularem

1140 3265 1241 3326 vitam
1255 3263 1423 3340 protessis.
1440 3265 1464 3324 l.
1480 3264 1520 3323 N.
1540 3265 1575 3323 P.
1594 3265 1630 3324 P.
1647 3263 1691 3323 bl.

1180 3361 1383 3437 Religiesam
1413 3360 1515 3422 vitam
1544 3359 1743 3434 eligentibus
1774 3359 1942 3436 apostoli.

1140 3475 1214 3521 cum
1239 3459 1393 3519 convenit
1415 3457 1533 3519 adesse
1554 3457 1757 3534 praesidium,
1783 3473 1826 3518 ne
1850 3455 1939 3517 torte

1140 3555 1318 3634 cujuslibet
1338 3555 1533 3617 temeritatis
1566 3555 1721 3615 incursus
1750 3558 1807 3615 aut
1832 3569 1890 3615 eos
1918 3569 1938 3613 a

1139 3653 1309 3731 proposito
1328 3653 1472 3725 revocet,
1499 3651 1557 3714 aut
1576 3651 1690 3724 robur,
1711 3651 1798 3728 quod
1819 3652 1936 3711 tamen

1140 3751 1237 3822 absit,
1254 3765 1359 3812 sacrae
1372 3748 1543 3824 religionis
1559 3749 1729 3824 infringat.
1760 3750 1938 3824 Quaprop-

1138 3850 1201 3920 ter,
1227 3846 1338 3909 dileoti
1364 3847 1398 3907 in
1426 3847 1565 3908 Domino
1592 3845 1665 3918 tilii,
1691 3845 1812 3906 vestris
1834 3845 1939 3922 Justi‘s

1139 3943 1417 4023 postulationibus
1431 3944 1611 4005 clementer
1625 3943 1803 4004 annuimus
1818 3945 1851 4004 et
1864 3958 1942 4002 mo-

1140 4043 1323 4104 nasterium
1340 4043 1462 4103 sanctae
1478 4041 1538 4102 Dei
1553 4039 1724 4118 genitricis
1740 4043 1773 4100 et
1787 4038 1938 4115 Virginis

1140 4141 1255 4202 Mariae
1279 4141 1319 4201 de
1339 4137 1558 4200 Volltolderos
1582 4137 1617 4198 in
1637 4154 1702 4214 quo
1723 4136 1836 4198 divino
1857 4137 1939 4198 estis

1141 4238 1299 4316 obsequio
1314 4236 1494 4313 mancipati
1505 4235 1566 4296 sub
1578 4234 1667 4296 beati
1680 4234 1769 4296 Petri
1780 4237 1813 4296 et
1823 4235 1939 4294 nostra

1141 4335 1345 4413 protectione
1363 4334 1562 4411 suscipimus
1582 4335 1614 4394 et
1632 4331 1805 4409 praesentis
1820 4331 1937 4407 scripti

1140 4433 1317 4512 privilegio
1333 4431 1585 4493 communimus.

1181 4533 1217 4592 ln
1247 4529 1363 4607 primis
1393 4529 1554 4606 siquidem
1579 4528 1766 4589 statuentes·
1788 4529 1824 4588 ut
1854 4525 1938 4586 ordo

1141 4629 1356 4698 monasticus,
1383 4627 1439 4703 qui
1464 4625 1646 4686 secundum
1667 4627 1770 4684 Deum
1790 4627 1823 4685 et
1847 4623 1938 4684 beati

1141 4725 1311 4788 Benedicti
1330 4723 1480 4800 regulam
1496 4725 1594 4799 atque
1610 4721 1851 4784 institutionem
1864 4721 1940 4781 Cis·

1141 4823 1357 4886 tercieusium
1373 4822 1408 4882 in
1419 4821 1533 4882 eodem
1547 4819 1749 4880 monasterio
1768 4818 1939 4879 institutus

1141 4939 1215 4984 esse
1229 4919 1434 4996 dignoscitur
1449 4918 1616 4995 perpetuis
1633 4917 1755 4978 ibidem
1772 4915 1937 4992 tempori-

1142 5019 1202 5080 bus
1219 5017 1456 5080 inviolabiliter
1471 5015 1676 5078 observetur.

1182 5119 1348 5178 Praeterea
1364 5130 1588 5192 quascumque
1601 5111 1840 5190 possessiones,
1850 5127 1940 5188 quae-

1141 5230 1281 5292 cunique
1296 5213 1380 5274 bona
1393 5211 1479 5273 idem
1491 5209 1728 5273 monasterium
1739 5210 1774 5270 in
1788 5223 1940 5286 praesen-

1139 5313 1263 5375 tiarum
1286 5313 1377 5389 juste
1400 5327 1440 5371 ac
1461 5311 1622 5370 canonice
1649 5307 1807 5384 possidet,
1822 5307 1878 5367 aut
1903 5305 1939 5368 iu

1142 5411 1289 5473 laturum
1305 5407 1522 5469 concessione
1539 5405 1742 5485 pontificum,
1759 5403 1940 5480 largitione

1141 5523 1257 5583 regum
1271 5507 1323 5568 vel
1337 5505 1534 5582 principum,
1546 5503 1713 5566 oblatione
1723 5502 1869 5563 fidelium
1879 5518 1940 5562 seu

1142 5607 1219 5667 aliis
1232 5603 1453 5683 justismodis
1469 5603 1647 5680 praestante
1663 5601 1802 5661 Domino
1818 5599 1941 5677 poterit

1142 5703 1294 5780 adipisci,
1313 5703 1406 5764 tirum
1421 5700 1513 5762 vobis
1531 5701 1715 5776 vestrisque
1731 5698 1940 5760 successori-

1885 5791 1909 5824 Q
