<?xml version="1.0" encoding="UTF-8"?>
<!DOCTYPE html PUBLIC "-//W3C//DTD XHTML 1.0 Transitional//EN"
    "http://www.w3.org/TR/xhtml1/DTD/xhtml1-transitional.dtd">
<html xmlns="http://www.w3.org/1999/xhtml" xml:lang="en" lang="en">
 <head>
  <title>
</title>
<meta http-equiv="Content-Type" content="text/html;charset=utf-8" />
  <meta name='ocr-system' content='tesseract 3.04.00' />
  <meta name='ocr-capabilities' content='ocr_page ocr_carea ocr_par ocr_line ocrx_word'/>
</head>
<body>
  <div class='ocr_page' id='page_1' title='image "./mediiaevibiblio01bottgoog_0254.png"; bbox 0 0 3946 6304; ppageno 0'>
   <div class='ocr_carea' id='block_1_1' title="bbox 80 167 1722 304">
    <p class='ocr_par' dir='ltr' id='par_1_1' title="bbox 80 167 1722 304">
     <span class='ocr_line' id='line_1_1' title="bbox 80 167 1722 304; baseline 0.001 -22"><span class='ocrx_word' id='word_1_1' title='bbox 80 223 134 282; x_wconf 75' lang='lat'>481</span> <span class='ocrx_word' id='word_1_2' title='bbox 692 219 922 280; x_wconf 73' lang='lat' dir='ltr'>erraneum.</span> <span class='ocrx_word' id='word_1_3' title='bbox 946 220 1024 280; x_wconf 80' lang='lat' dir='ltr'>urs.</span> <span class='ocrx_word' id='word_1_4' title='bbox 1048 222 1102 282; x_wconf 83' lang='lat' dir='ltr'>iv.</span> <span class='ocrx_word' id='word_1_5' title='bbox 1186 298 1189 304; x_wconf 18' lang='lat' dir='ltr'>y</span> <span class='ocrx_word' id='word_1_6' title='bbox 1338 167 1346 196; x_wconf 45' lang='grc'><strong>“</strong></span> <span class='ocrx_word' id='word_1_7' title='bbox 1662 223 1722 283; x_wconf 72' lang='lat' dir='ltr'>aaa</span> 
     </span>
    </p>
   </div>
   <div class='ocr_carea' id='block_1_2' title="bbox 81 376 1727 2203">
    <p class='ocr_par' dir='ltr' id='par_1_2' title="bbox 81 376 1727 1728">
     <span class='ocr_line' id='line_1_2' title="bbox 83 376 1716 458; baseline 0.002 -18"><span class='ocrx_word' id='word_1_8' title='bbox 83 376 869 455; x_wconf 83' lang='lat' dir='ltr'>utilledemumpraepositushabereturinquem</span> <span class='ocrx_word' id='word_1_9' title='bbox 924 379 1104 448; x_wconf 88' lang='lat' dir='ltr'>canonicis,</span> <span class='ocrx_word' id='word_1_10' title='bbox 1127 380 1184 456; x_wconf 91' lang='lat' dir='ltr'>qui</span> <span class='ocrx_word' id='word_1_11' title='bbox 1205 379 1294 442; x_wconf 91' lang='lat' dir='ltr'>circa</span> <span class='ocrx_word' id='word_1_12' title='bbox 1318 381 1381 441; x_wconf 91' lang='lat' dir='ltr'>hoc</span> <span class='ocrx_word' id='word_1_13' title='bbox 1403 397 1468 442; x_wconf 93' lang='lat' dir='ltr'>non</span> <span class='ocrx_word' id='word_1_14' title='bbox 1493 381 1716 458; x_wconf 89' lang='lat' dir='ltr'>deliquerunt,</span> 
     </span>
     <span class='ocr_line' id='line_1_3' title="bbox 82 474 1720 556; baseline 0.002 -18"><span class='ocrx_word' id='word_1_15' title='bbox 82 493 202 548; x_wconf 90' lang='lat' dir='ltr'>omnes,</span> <span class='ocrx_word' id='word_1_16' title='bbox 218 477 272 537; x_wconf 85' lang='lat' dir='ltr'>vel</span> <span class='ocrx_word' id='word_1_17' title='bbox 284 490 360 552; x_wconf 89' lang='lat' dir='ltr'>pars</span> <span class='ocrx_word' id='word_1_18' title='bbox 373 478 480 552; x_wconf 88' lang='lat' dir='ltr'>major</span> <span class='ocrx_word' id='word_1_19' title='bbox 493 477 526 535; x_wconf 92' lang='lat' dir='ltr'>et</span> <span class='ocrx_word' id='word_1_20' title='bbox 541 475 655 536; x_wconf 88' lang='lat' dir='ltr'>sanior</span> <span class='ocrx_word' id='word_1_21' title='bbox 667 474 868 536; x_wconf 81' lang='lat' dir='ltr'>conveniret.</span> <span class='ocrx_word' id='word_1_22' title='bbox 925 477 988 553; x_wconf 91' lang='lat' dir='ltr'>ipsi</span> <span class='ocrx_word' id='word_1_23' title='bbox 1005 477 1154 538; x_wconf 89' lang='lat' dir='ltr'>ecclesiae</span> <span class='ocrx_word' id='word_1_24' title='bbox 1175 477 1216 537; x_wconf 93' lang='lat' dir='ltr'>de</span> <span class='ocrx_word' id='word_1_25' title='bbox 1240 479 1418 555; x_wconf 88' lang='lat' dir='ltr'>praeposito</span> <span class='ocrx_word' id='word_1_26' title='bbox 1446 494 1505 556; x_wconf 91' lang='lat' dir='ltr'>per</span> <span class='ocrx_word' id='word_1_27' title='bbox 1524 479 1720 542; x_wconf 85' lang='lat' dir='ltr'>electionem</span> 
     </span>
     <span class='ocr_line' id='line_1_4' title="bbox 82 571 1719 653; baseline 0.001 -18"><span class='ocrx_word' id='word_1_28' title='bbox 82 578 198 636; x_wconf 84' lang='lat' dir='ltr'>Verum</span> <span class='ocrx_word' id='word_1_29' title='bbox 213 577 392 651; x_wconf 91' lang='lat' dir='ltr'>antequam</span> <span class='ocrx_word' id='word_1_30' title='bbox 406 571 601 634; x_wconf 86' lang='lat' dir='ltr'>scrutinium</span> <span class='ocrx_word' id='word_1_31' title='bbox 613 572 869 633; x_wconf 81' lang='lat' dir='ltr'>factumesset...</span> <span class='ocrx_word' id='word_1_32' title='bbox 926 574 1174 646; x_wconf 89' lang='lat' dir='ltr'>canonicorum,</span> <span class='ocrx_word' id='word_1_33' title='bbox 1194 574 1323 637; x_wconf 89' lang='lat' dir='ltr'>sublato</span> <span class='ocrx_word' id='word_1_34' title='bbox 1343 576 1578 653; x_wconf 85' lang='lat' dir='ltr'>appellationis</span> <span class='ocrx_word' id='word_1_35' title='bbox 1603 575 1719 638; x_wconf 89' lang='lat' dir='ltr'>obsta-</span> 
     </span>
     <span class='ocr_line' id='line_1_5' title="bbox 81 669 1723 751; baseline 0.002 -19"><span class='ocrx_word' id='word_1_36' title='bbox 81 672 178 732; x_wconf 90' lang='lat' dir='ltr'>abbas</span> <span class='ocrx_word' id='word_1_37' title='bbox 194 671 344 748; x_wconf 74' lang='lat' dir='ltr'>eiusdem</span> <span class='ocrx_word' id='word_1_38' title='bbox 359 669 436 742; x_wconf 90' lang='lat' dir='ltr'>loci,</span> <span class='ocrx_word' id='word_1_39' title='bbox 449 685 514 730; x_wconf 92' lang='lat' dir='ltr'>non</span> <span class='ocrx_word' id='word_1_40' title='bbox 531 669 701 745; x_wconf 83' lang='lat' dir='ltr'>requisitis</span> <span class='ocrx_word' id='word_1_41' title='bbox 717 670 873 730; x_wconf 86' lang='lat' dir='ltr'>volunta·</span> <span class='ocrx_word' id='word_1_42' title='bbox 927 671 1013 744; x_wconf 90' lang='lat' dir='ltr'>culo,</span> <span class='ocrx_word' id='word_1_43' title='bbox 1039 671 1206 749; x_wconf 86' lang='lat' dir='ltr'>provideri</span> <span class='ocrx_word' id='word_1_44' title='bbox 1230 671 1400 746; x_wconf 84' lang='lat' dir='ltr'>iacientes,</span> <span class='ocrx_word' id='word_1_45' title='bbox 1425 673 1510 751; x_wconf 91' lang='lat' dir='ltr'>qnod</span> <span class='ocrx_word' id='word_1_46' title='bbox 1532 675 1723 736; x_wconf 85' lang='lat' dir='ltr'>decreveri-</span> 
     </span>
     <span class='ocr_line' id='line_1_6' title="bbox 83 765 1724 850; baseline 0.003 -21"><span class='ocrx_word' id='word_1_47' title='bbox 83 769 164 831; x_wconf 91' lang='lat' dir='ltr'>tibus</span> <span class='ocrx_word' id='word_1_48' title='bbox 192 768 423 844; x_wconf 79' lang='lat' dir='ltr'>singulorum,</span> <span class='ocrx_word' id='word_1_49' title='bbox 449 781 510 827; x_wconf 91' lang='lat' dir='ltr'>nec</span> <span class='ocrx_word' id='word_1_50' title='bbox 533 767 689 828; x_wconf 80' lang='lat' dir='ltr'>revocata</span> <span class='ocrx_word' id='word_1_51' title='bbox 713 765 873 843; x_wconf 81' lang='lat' dir='ltr'>potestate</span> <span class='ocrx_word' id='word_1_52' title='bbox 926 769 970 831; x_wconf 89' lang='lat' dir='ltr'>tis</span> <span class='ocrx_word' id='word_1_53' title='bbox 985 784 1044 846; x_wconf 84' lang='lat' dir='ltr'>per·</span> <span class='ocrx_word' id='word_1_54' title='bbox 1058 771 1724 850; x_wconf 87' lang='lat' dir='ltr'>censuramecclesiasticam,appellatio·</span> 
     </span>
     <span class='ocr_line' id='line_1_7' title="bbox 82 863 1722 954; baseline 0.002 -26"><span class='ocrx_word' id='word_1_55' title='bbox 82 866 184 928; x_wconf 86' lang='lat' dir='ltr'>tribus</span> <span class='ocrx_word' id='word_1_56' title='bbox 200 880 360 927; x_wconf 88' lang='lat' dir='ltr'>concessa</span> <span class='ocrx_word' id='word_1_57' title='bbox 373 865 414 926; x_wconf 90' lang='lat' dir='ltr'>da</span> <span class='ocrx_word' id='word_1_58' title='bbox 430 864 637 941; x_wconf 87' lang='lat' dir='ltr'>singulorum</span> <span class='ocrx_word' id='word_1_59' title='bbox 649 863 873 954; x_wconf 85' lang='lat' dir='ltr'>¹voluntatibus</span> <span class='ocrx_word' id='word_1_60' title='bbox 928 882 970 928; x_wconf 93' lang='lat' dir='ltr'>ne</span> <span class='ocrx_word' id='word_1_61' title='bbox 981 870 1118 940; x_wconf 89' lang='lat' dir='ltr'>remota,</span> <span class='ocrx_word' id='word_1_62' title='bbox 1136 867 1276 930; x_wconf 82' lang='lat' dir='ltr'>tirmiter</span> <span class='ocrx_word' id='word_1_63' title='bbox 1287 868 1468 930; x_wconf 87' lang='lat' dir='ltr'>observari.</span> <span class='ocrx_word' id='word_1_64' title='bbox 1485 870 1598 932; x_wconf 82' lang='lat' dir='ltr'>Testes</span> <span class='ocrx_word' id='word_1_65' title='bbox 1610 872 1722 932; x_wconf 90' lang='lat' dir='ltr'>autem</span> 
     </span>
     <span class='ocr_line' id='line_1_8' title="bbox 82 961 1722 1042; baseline 0.003 -18"><span class='ocrx_word' id='word_1_66' title='bbox 82 963 300 1041; x_wconf 85' lang='lat' dir='ltr'>inquirendis,</span> <span class='ocrx_word' id='word_1_67' title='bbox 322 966 358 1024; x_wconf 88' lang='lat' dir='ltr'>P.</span> <span class='ocrx_word' id='word_1_68' title='bbox 374 963 525 1039; x_wconf 91' lang='lat' dir='ltr'>nepotem</span> <span class='ocrx_word' id='word_1_69' title='bbox 548 977 654 1034; x_wconf 86' lang='lat' dir='ltr'>suum,</span> <span class='ocrx_word' id='word_1_70' title='bbox 670 961 815 1023; x_wconf 91' lang='lat' dir='ltr'>nondum</span> <span class='ocrx_word' id='word_1_71' title='bbox 839 961 874 1021; x_wconf 94' lang='lat' dir='ltr'>in</span> <span class='ocrx_word' id='word_1_72' title='bbox 929 965 985 1042; x_wconf 91' lang='lat' dir='ltr'>qni</span> <span class='ocrx_word' id='word_1_73' title='bbox 1001 964 1124 1026; x_wconf 86' lang='lat' dir='ltr'>inerint</span> <span class='ocrx_word' id='word_1_74' title='bbox 1136 966 1308 1038; x_wconf 90' lang='lat' dir='ltr'>nominati,</span> <span class='ocrx_word' id='word_1_75' title='bbox 1325 966 1354 1026; x_wconf 89' lang='lat' dir='ltr'>si</span> <span class='ocrx_word' id='word_1_76' title='bbox 1374 982 1409 1028; x_wconf 91' lang='lat' dir='ltr'>se</span> <span class='ocrx_word' id='word_1_77' title='bbox 1421 967 1540 1042; x_wconf 78' lang='lat' dir='ltr'>gratia,</span> <span class='ocrx_word' id='word_1_78' title='bbox 1564 967 1651 1040; x_wconf 89' lang='lat' dir='ltr'>odio,</span> <span class='ocrx_word' id='word_1_79' title='bbox 1668 965 1722 1029; x_wconf 84' lang='lat' dir='ltr'>vel</span> 
     </span>
     <span class='ocr_line' id='line_1_9' title="bbox 83 1057 1725 1142; baseline 0.002 -20"><span class='ocrx_word' id='word_1_80' title='bbox 83 1061 181 1122; x_wconf 90' lang='lat' dir='ltr'>sacris</span> <span class='ocrx_word' id='word_1_81' title='bbox 197 1059 373 1122; x_wconf 82' lang='lat' dir='ltr'>ordinibus</span> <span class='ocrx_word' id='word_1_82' title='bbox 395 1060 621 1131; x_wconf 88' lang='lat' dir='ltr'>constitutum,</span> <span class='ocrx_word' id='word_1_83' title='bbox 639 1059 693 1120; x_wconf 92' lang='lat' dir='ltr'>cui</span> <span class='ocrx_word' id='word_1_84' title='bbox 709 1057 748 1120; x_wconf 92' lang='lat' dir='ltr'>ad</span> <span class='ocrx_word' id='word_1_85' title='bbox 765 1058 876 1135; x_wconf 83' lang='lat' dir='ltr'>digni·</span> <span class='ocrx_word' id='word_1_86' title='bbox 928 1062 1047 1124; x_wconf 88' lang='lat' dir='ltr'>timore</span> <span class='ocrx_word' id='word_1_87' title='bbox 1062 1061 1297 1134; x_wconf 81' lang='lat' dir='ltr'>subtraxerint,</span> <span class='ocrx_word' id='word_1_88' title='bbox 1319 1079 1461 1124; x_wconf 90' lang='lat' dir='ltr'>censura</span> <span class='ocrx_word' id='word_1_89' title='bbox 1478 1065 1591 1138; x_wconf 88' lang='lat' dir='ltr'>simili,</span> <span class='ocrx_word' id='word_1_90' title='bbox 1609 1066 1725 1142; x_wconf 90' lang='lat' dir='ltr'>appel-</span> 
     </span>
     <span class='ocr_line' id='line_1_10' title="bbox 82 1155 1721 1236; baseline 0.002 -16"><span class='ocrx_word' id='word_1_91' title='bbox 82 1160 178 1220; x_wconf 89' lang='lat' dir='ltr'>tatem</span> <span class='ocrx_word' id='word_1_92' title='bbox 203 1157 396 1234; x_wconf 86' lang='lat' dir='ltr'>hujusmodi</span> <span class='ocrx_word' id='word_1_93' title='bbox 420 1157 631 1218; x_wconf 91' lang='lat' dir='ltr'>obtinendam</span> <span class='ocrx_word' id='word_1_94' title='bbox 647 1173 708 1218; x_wconf 92' lang='lat' dir='ltr'>nec</span> <span class='ocrx_word' id='word_1_95' title='bbox 723 1155 873 1228; x_wconf 88' lang='lat' dir='ltr'>scientia,</span> <span class='ocrx_word' id='word_1_96' title='bbox 930 1161 1053 1222; x_wconf 88' lang='lat' dir='ltr'>latione</span> <span class='ocrx_word' id='word_1_97' title='bbox 1074 1160 1236 1234; x_wconf 79' lang='lat' dir='ltr'>cessante,</span> <span class='ocrx_word' id='word_1_98' title='bbox 1262 1161 1388 1236; x_wconf 81' lang='lat' dir='ltr'>cogatis</span> <span class='ocrx_word' id='word_1_99' title='bbox 1408 1161 1541 1224; x_wconf 81' lang='lat' dir='ltr'>veritati</span> <span class='ocrx_word' id='word_1_100' title='bbox 1567 1163 1721 1224; x_wconf 88' lang='lat' dir='ltr'>testimo·</span> 
     </span>
     <span class='ocr_line' id='line_1_11' title="bbox 83 1243 1724 1336; baseline 0.001 -18"><span class='ocrx_word' id='word_1_101' title='bbox 83 1257 132 1318; x_wconf 82' lang='lat' dir='ltr'>vel</span> <span class='ocrx_word' id='word_1_102' title='bbox 144 1255 212 1316; x_wconf 91' lang='lat' dir='ltr'>alia</span> <span class='ocrx_word' id='word_1_103' title='bbox 226 1255 347 1316; x_wconf 90' lang='lat' dir='ltr'>merita</span> <span class='ocrx_word' id='word_1_104' title='bbox 360 1253 585 1329; x_wconf 81' lang='lat' dir='ltr'>suffragantur</span> <span class='ocrx_word' id='word_1_105' title='bbox 599 1256 633 1314; x_wconf 94' lang='lat' dir='ltr'>in</span> <span class='ocrx_word' id='word_1_106' title='bbox 649 1243 873 1332; x_wconf 81' lang='lat' dir='ltr'>prae&#39;positum,</span> <span class='ocrx_word' id='word_1_107' title='bbox 930 1259 1022 1319; x_wconf 91' lang='lat' dir='ltr'>nium</span> <span class='ocrx_word' id='word_1_108' title='bbox 1049 1257 1234 1336; x_wconf 88' lang='lat' dir='ltr'>perbibere.</span> <span class='ocrx_word' id='word_1_109' title='bbox 1265 1259 1356 1332; x_wconf 89' lang='lat' dir='ltr'>Quod</span> <span class='ocrx_word' id='word_1_110' title='bbox 1381 1259 1409 1318; x_wconf 90' lang='lat' dir='ltr'>si</span> <span class='ocrx_word' id='word_1_111' title='bbox 1433 1275 1499 1319; x_wconf 92' lang='lat' dir='ltr'>non</span> <span class='ocrx_word' id='word_1_112' title='bbox 1530 1275 1644 1322; x_wconf 91' lang='lat' dir='ltr'>omnes</span> <span class='ocrx_word' id='word_1_113' title='bbox 1670 1259 1724 1320; x_wconf 90' lang='lat' dir='ltr'>bis</span> 
     </span>
     <span class='ocr_line' id='line_1_12' title="bbox 83 1351 1722 1434; baseline 0.003 -22"><span class='ocrx_word' id='word_1_114' title='bbox 83 1351 307 1413; x_wconf 83' lang='lat' dir='ltr'>revelantibus</span> <span class='ocrx_word' id='word_1_115' title='bbox 328 1351 361 1411; x_wconf 93' lang='lat' dir='ltr'>id</span> <span class='ocrx_word' id='word_1_116' title='bbox 378 1351 442 1412; x_wconf 92' lang='lat' dir='ltr'>sibi</span> <span class='ocrx_word' id='word_1_117' title='bbox 460 1366 561 1412; x_wconf 87' lang='lat' dir='ltr'>carne</span> <span class='ocrx_word' id='word_1_118' title='bbox 586 1354 619 1412; x_wconf 91' lang='lat' dir='ltr'>et</span> <span class='ocrx_word' id='word_1_119' title='bbox 633 1352 807 1427; x_wconf 82' lang='lat' dir='ltr'>sanguine,</span> <span class='ocrx_word' id='word_1_120' title='bbox 820 1351 875 1412; x_wconf 92' lang='lat' dir='ltr'>te·</span> <span class='ocrx_word' id='word_1_121' title='bbox 931 1357 1150 1433; x_wconf 85' lang='lat' dir='ltr'>exsequendis</span> <span class='ocrx_word' id='word_1_122' title='bbox 1171 1357 1334 1418; x_wconf 87' lang='lat' dir='ltr'>interesse</span> <span class='ocrx_word' id='word_1_123' title='bbox 1356 1356 1541 1434; x_wconf 87' lang='lat' dir='ltr'>potueritis,</span> <span class='ocrx_word' id='word_1_124' title='bbox 1563 1357 1629 1418; x_wconf 91' lang='lat' dir='ltr'>duo</span> <span class='ocrx_word' id='word_1_125' title='bbox 1642 1373 1722 1420; x_wconf 80' lang='lat' dir='ltr'>ves·</span> 
     </span>
     <span class='ocr_line' id='line_1_13' title="bbox 84 1447 1723 1531; baseline 0.003 -22"><span class='ocrx_word' id='word_1_126' title='bbox 84 1464 169 1510; x_wconf 90' lang='lat' dir='ltr'>mere</span> <span class='ocrx_word' id='word_1_127' title='bbox 195 1448 396 1520; x_wconf 88' lang='lat' dir='ltr'>nominavit,</span> <span class='ocrx_word' id='word_1_128' title='bbox 419 1463 493 1510; x_wconf 89' lang='lat' dir='ltr'>cum</span> <span class='ocrx_word' id='word_1_129' title='bbox 520 1449 616 1509; x_wconf 88' lang='lat' dir='ltr'>idad</span> <span class='ocrx_word' id='word_1_130' title='bbox 641 1449 748 1526; x_wconf 88' lang='lat' dir='ltr'>ipsum</span> <span class='ocrx_word' id='word_1_131' title='bbox 763 1464 825 1510; x_wconf 89' lang='lat' dir='ltr'>nec</span> <span class='ocrx_word' id='word_1_132' title='bbox 837 1447 877 1508; x_wconf 93' lang='lat' dir='ltr'>de</span> <span class='ocrx_word' id='word_1_133' title='bbox 930 1456 1018 1516; x_wconf 87' lang='lat' dir='ltr'>trum</span> <span class='ocrx_word' id='word_1_134' title='bbox 1031 1469 1070 1514; x_wconf 90' lang='lat' dir='ltr'>ea</span> <span class='ocrx_word' id='word_1_135' title='bbox 1081 1453 1297 1514; x_wconf 92' lang='lat' dir='ltr'>nibilominus</span> <span class='ocrx_word' id='word_1_136' title='bbox 1306 1457 1540 1530; x_wconf 78' lang='lat' dir='ltr'>exsequantur.</span> <span class='ocrx_word' id='word_1_137' title='bbox 1551 1454 1623 1516; x_wconf 81' lang='lat' dir='ltr'>Dat</span> <span class='ocrx_word' id='word_1_138' title='bbox 1635 1454 1723 1531; x_wconf 91' lang='lat' dir='ltr'>apud</span> 
     </span>
     <span class='ocr_line' id='line_1_14' title="bbox 82 1545 1727 1629; baseline 0.004 -23"><span class='ocrx_word' id='word_1_139' title='bbox 82 1551 249 1624; x_wconf 71' lang='lat' dir='ltr'>juranos</span> <span class='ocrx_word' id='word_1_140' title='bbox 272 1545 313 1606; x_wconf 91' lang='lat' dir='ltr'>de</span> <span class='ocrx_word' id='word_1_141' title='bbox 331 1545 570 1607; x_wconf 89' lang='lat' dir='ltr'>consuetudine</span> <span class='ocrx_word' id='word_1_142' title='bbox 596 1546 701 1623; x_wconf 88' lang='lat' dir='ltr'>ipsius</span> <span class='ocrx_word' id='word_1_143' title='bbox 727 1545 877 1608; x_wconf 88' lang='lat' dir='ltr'>ecclesiae</span> <span class='ocrx_word' id='word_1_144' title='bbox 933 1550 1473 1620; x_wconf 80' lang='lat' dir='ltr'>urbemveterem,x11kalendas</span> <span class='ocrx_word' id='word_1_145' title='bbox 1487 1551 1727 1629; x_wconf 68' lang='grc'><strong>6636611666-</strong></span> 
     </span>
     <span class='ocr_line' id='line_1_15' title="bbox 84 1641 1440 1728; baseline 0.002 -25"><span class='ocrx_word' id='word_1_146' title='bbox 84 1642 275 1720; x_wconf 87' lang='lat' dir='ltr'>pertineret.</span> <span class='ocrx_word' id='word_1_147' title='bbox 294 1642 387 1704; x_wconf 91' lang='lat' dir='ltr'>Unde</span> <span class='ocrx_word' id='word_1_148' title='bbox 402 1641 465 1704; x_wconf 87' lang='lat' dir='ltr'>init</span> <span class='ocrx_word' id='word_1_149' title='bbox 479 1659 499 1703; x_wconf 90' lang='lat' dir='ltr'>a</span> <span class='ocrx_word' id='word_1_150' title='bbox 512 1641 658 1719; x_wconf 84' lang='lat' dir='ltr'>praelatis</span> <span class='ocrx_word' id='word_1_151' title='bbox 677 1645 822 1714; x_wconf 87' lang='lat' dir='ltr'>cantore,</span> <span class='ocrx_word' id='word_1_152' title='bbox 846 1642 880 1704; x_wconf 92' lang='lat' dir='ltr'>et</span> <span class='ocrx_word' id='word_1_153' title='bbox 931 1649 1075 1712; x_wconf 70' lang='lat' dir='ltr'>lineatus</span> <span class='ocrx_word' id='word_1_154' title='bbox 1091 1649 1196 1712; x_wconf 84' lang='lat' dir='ltr'>nostri</span> <span class='ocrx_word' id='word_1_155' title='bbox 1209 1665 1296 1712; x_wconf 87' lang='lat' dir='ltr'>anno</span> <span class='ocrx_word' id='word_1_156' title='bbox 1312 1649 1440 1728; x_wconf 79' lang='lat' dir='ltr'>quarto.</span> 
     </span>
    </p>

    <p class='ocr_par' dir='ltr' id='par_1_3' title="bbox 85 1740 1162 1818">
     <span class='ocr_line' id='line_1_16' title="bbox 85 1740 1162 1818; baseline 0.002 -18"><span class='ocrx_word' id='word_1_157' title='bbox 85 1741 149 1800; x_wconf 88' lang='lat' dir='ltr'>suis</span> <span class='ocrx_word' id='word_1_158' title='bbox 168 1740 211 1802; x_wconf 88' lang='lat' dir='ltr'>ad</span> <span class='ocrx_word' id='word_1_159' title='bbox 225 1741 374 1801; x_wconf 85' lang='lat' dir='ltr'>nostram</span> <span class='ocrx_word' id='word_1_160' title='bbox 399 1740 601 1801; x_wconf 90' lang='lat' dir='ltr'>audientiam</span> <span class='ocrx_word' id='word_1_161' title='bbox 620 1741 822 1818; x_wconf 86' lang='lat' dir='ltr'>appellatum</span> <span class='ocrx_word' id='word_1_162' title='bbox 846 1741 879 1802; x_wconf 88' lang='lat' dir='ltr'>et</span> <span class='ocrx_word' id='word_1_163' title='bbox 1160 1805 1162 1812; x_wconf 48' lang='lat'>,</span> 
     </span>
    </p>

    <p class='ocr_par' dir='ltr' id='par_1_4' title="bbox 85 1837 1444 1933">
     <span class='ocr_line' id='line_1_17' title="bbox 85 1837 1444 1933; baseline 0.001 -36"><span class='ocrx_word' id='word_1_164' title='bbox 85 1837 115 1897; x_wconf 94' lang='lat' dir='ltr'>in</span> <span class='ocrx_word' id='word_1_165' title='bbox 142 1837 280 1898; x_wconf 84' lang='lat' dir='ltr'>octavas</span> <span class='ocrx_word' id='word_1_166' title='bbox 302 1838 507 1898; x_wconf 87' lang='lat' dir='ltr'>Pentecostis</span> <span class='ocrx_word' id='word_1_167' title='bbox 539 1838 701 1899; x_wconf 89' lang='lat' dir='ltr'>terminus</span> <span class='ocrx_word' id='word_1_168' title='bbox 730 1837 878 1914; x_wconf 89' lang='lat' dir='ltr'>ipsorum</span> <span class='ocrx_word' id='word_1_169' title='bbox 1218 1845 1444 1933; x_wconf 70' lang='lat' dir='ltr'>CLXXXIV</span> 
     </span>
    </p>

    <p class='ocr_par' dir='ltr' id='par_1_5' title="bbox 85 1933 880 2203">
     <span class='ocr_line' id='line_1_18' title="bbox 85 1933 880 2010; baseline 0 -16"><span class='ocrx_word' id='word_1_170' title='bbox 85 1933 298 2010; x_wconf 85' lang='lat' dir='ltr'>appellationi</span> <span class='ocrx_word' id='word_1_171' title='bbox 322 1933 490 2010; x_wconf 84' lang='lat' dir='ltr'>praefixus.</span> <span class='ocrx_word' id='word_1_172' title='bbox 517 1934 580 1995; x_wconf 89' lang='lat' dir='ltr'>Sed</span> <span class='ocrx_word' id='word_1_173' title='bbox 596 1935 703 1996; x_wconf 89' lang='lat' dir='ltr'>dictus</span> <span class='ocrx_word' id='word_1_174' title='bbox 723 1938 760 1995; x_wconf 89' lang='lat' dir='ltr'>P.</span> <span class='ocrx_word' id='word_1_175' title='bbox 787 1935 880 1995; x_wconf 91' lang='lat' dir='ltr'>inni-</span> 
     </span>
     <span class='ocr_line' id='line_1_19' title="bbox 85 2029 878 2107; baseline 0.003 -17"><span class='ocrx_word' id='word_1_176' title='bbox 85 2032 153 2091; x_wconf 89' lang='lat' dir='ltr'>tens</span> <span class='ocrx_word' id='word_1_177' title='bbox 174 2030 399 2090; x_wconf 88' lang='lat' dir='ltr'>nominationi</span> <span class='ocrx_word' id='word_1_178' title='bbox 412 2029 602 2107; x_wconf 85' lang='lat' dir='ltr'>hujusmodi</span> <span class='ocrx_word' id='word_1_179' title='bbox 612 2030 809 2107; x_wconf 89' lang='lat' dir='ltr'>quibusdam</span> <span class='ocrx_word' id='word_1_180' title='bbox 820 2046 878 2091; x_wconf 91' lang='lat' dir='ltr'>ca-</span> 
     </span>
     <span class='ocr_line' id='line_1_20' title="bbox 87 2125 879 2203; baseline 0.004 -17"><span class='ocrx_word' id='word_1_181' title='bbox 87 2127 211 2188; x_wconf 89' lang='lat' dir='ltr'>noniois</span> <span class='ocrx_word' id='word_1_182' title='bbox 219 2127 329 2203; x_wconf 91' lang='lat' dir='ltr'>ipsius</span> <span class='ocrx_word' id='word_1_183' title='bbox 342 2127 407 2187; x_wconf 91' lang='lat' dir='ltr'>loci</span> <span class='ocrx_word' id='word_1_184' title='bbox 424 2125 670 2190; x_wconf 75' lang='lat' dir='ltr'>adhaerentibus</span> <span class='ocrx_word' id='word_1_185' title='bbox 686 2128 762 2196; x_wconf 85' lang='lat' dir='ltr'>sibi,</span> <span class='ocrx_word' id='word_1_186' title='bbox 778 2128 821 2200; x_wconf 86' lang='lat' dir='ltr'>et,</span> <span class='ocrx_word' id='word_1_187' title='bbox 836 2131 879 2189; x_wconf 83' lang='lat' dir='ltr'>Tc</span> 
     </span>
    </p>
   </div>
   <div class='ocr_carea' id='block_1_3' title="bbox 932 1981 1716 2167">
    <p class='ocr_par' dir='ltr' id='par_1_6' title="bbox 932 1981 1716 2167">
     <span class='ocr_line' id='line_1_21' title="bbox 932 1981 1716 2056; baseline 0 -15"><span class='ocrx_word' id='word_1_188' title='bbox 932 1982 983 2041; x_wconf 76' lang='lat' dir='ltr'>Ad</span> <span class='ocrx_word' id='word_1_189' title='bbox 996 1981 1268 2055; x_wconf 68' lang='lat' dir='ltr'>arcboepbconos</span> <span class='ocrx_word' id='word_1_190' title='bbox 1282 1981 1316 2042; x_wconf 84' lang='lat' dir='ltr'>et</span> <span class='ocrx_word' id='word_1_191' title='bbox 1336 1983 1510 2056; x_wconf 81' lang='lat' dir='ltr'>episcopos</span> <span class='ocrx_word' id='word_1_192' title='bbox 1524 1983 1716 2043; x_wconf 79' lang='lat' dir='ltr'>universos.</span> 
     </span>
     <span class='ocr_line' id='line_1_22' title="bbox 1227 2092 1425 2167; baseline -0.005 -14"><span class='ocrx_word' id='word_1_193' title='bbox 1227 2094 1260 2153; x_wconf 76' lang='lat' dir='ltr'>al</span> <span class='ocrx_word' id='word_1_194' title='bbox 1271 2092 1333 2167; x_wconf 86' lang='lat' dir='ltr'>julii</span> <span class='ocrx_word' id='word_1_195' title='bbox 1347 2093 1425 2152; x_wconf 76' lang='grc'><strong>1210.</strong></span> 
     </span>
    </p>
   </div>
   <div class='ocr_carea' id='block_1_4' title="bbox 87 2199 1793 3276">
    <p class='ocr_par' dir='ltr' id='par_1_7' title="bbox 87 2199 1726 2497">
     <span class='ocr_line' id='line_1_23' title="bbox 88 2199 1587 2303; baseline 0.001 -19"><span class='ocrx_word' id='word_1_196' title='bbox 88 2227 191 2285; x_wconf 82' lang='lat' dir='ltr'>Deum</span> <span class='ocrx_word' id='word_1_197' title='bbox 204 2227 400 2296; x_wconf 80' lang='lat' dir='ltr'>laudamus,</span> <span class='ocrx_word' id='word_1_198' title='bbox 419 2225 640 2298; x_wconf 83' lang='lat' dir='ltr'>cantantibus,</span> <span class='ocrx_word' id='word_1_199' title='bbox 658 2225 878 2303; x_wconf 88' lang='lat' dir='ltr'>appellatione</span> <span class='ocrx_word' id='word_1_200' title='bbox 965 2225 968 2232; x_wconf 81' lang='grc'><em>’</em></span> <span class='ocrx_word' id='word_1_201' title='bbox 1073 2199 1214 2265; x_wconf 67' lang='lat' dir='ltr'>[¹⁴⁰¹’⁸i⁸⁶’</span> <span class='ocrx_word' id='word_1_202' title='bbox 1229 2199 1505 2257; x_wconf 66' lang='lat' dir='ltr'>antonimus,</span> <span class='ocrx_word' id='word_1_203' title='bbox 1518 2199 1587 2265; x_wconf 74' lang='lat'><strong>⁶⁸²¹]</strong></span> 
     </span>
     <span class='ocr_line' id='line_1_24' title="bbox 88 2305 1726 2408; baseline 0 -43"><span class='ocrx_word' id='word_1_204' title='bbox 88 2321 284 2397; x_wconf 49' lang='lat' dir='ltr'>fflnqqmpqffi</span> <span class='ocrx_word' id='word_1_205' title='bbox 298 2321 409 2382; x_wconf 65' lang='lat' dir='ltr'><strong>sedem</strong></span> <span class='ocrx_word' id='word_1_206' title='bbox 424 2323 593 2400; x_wconf 68' lang='lat' dir='ltr'>praeposiq</span> <span class='ocrx_word' id='word_1_207' title='bbox 602 2323 743 2400; x_wconf 64' lang='lat' dir='ltr'>stipatus</span> <span class='ocrx_word' id='word_1_208' title='bbox 758 2323 878 2385; x_wconf 63' lang='lat' dir='ltr'>militi.</span> <span class='ocrx_word' id='word_1_209' title='bbox 933 2306 1073 2366; x_wconf 84' lang='lat' dir='ltr'>ordinarii</span> <span class='ocrx_word' id='word_1_210' title='bbox 1081 2306 1278 2378; x_wconf 86' lang='lat' dir='ltr'>delinquentes</span> <span class='ocrx_word' id='word_1_211' title='bbox 1287 2305 1427 2406; x_wconf 81' lang='lat' dir='ltr'>parochos</span> <span class='ocrx_word' id='word_1_212' title='bbox 1437 2306 1726 2408; x_wconf 77' lang='lat' dir='ltr'>Pramonstratenses</span> 
     </span>
     <span class='ocr_line' id='line_1_25' title="bbox 87 2395 1602 2497; baseline 0.002 -19"><span class='ocrx_word' id='word_1_213' title='bbox 87 2417 153 2487; x_wconf 88' lang='lat' dir='ltr'>bus,</span> <span class='ocrx_word' id='word_1_214' title='bbox 169 2420 203 2480; x_wconf 93' lang='lat' dir='ltr'>et</span> <span class='ocrx_word' id='word_1_215' title='bbox 211 2418 292 2479; x_wconf 90' lang='lat' dir='ltr'>aliis</span> <span class='ocrx_word' id='word_1_216' title='bbox 305 2418 401 2479; x_wconf 88' lang='lat' dir='ltr'>laicis</span> <span class='ocrx_word' id='word_1_217' title='bbox 417 2420 601 2497; x_wconf 87' lang='lat' dir='ltr'>occupavit,</span> <span class='ocrx_word' id='word_1_218' title='bbox 619 2421 651 2482; x_wconf 91' lang='lat' dir='ltr'>et</span> <span class='ocrx_word' id='word_1_219' title='bbox 665 2419 880 2482; x_wconf 86' lang='lat' dir='ltr'>administra·</span> <span class='ocrx_word' id='word_1_220' title='bbox 1058 2395 1094 2454; x_wconf 63' lang='lat'>“¹</span> <span class='ocrx_word' id='word_1_221' title='bbox 1114 2395 1267 2454; x_wconf 67' lang='lat' dir='ltr'>⁰¹³⁰⁸¹f¹¹¹¹¹</span> <span class='ocrx_word' id='word_1_222' title='bbox 1285 2409 1413 2453; x_wconf 64' lang='lat' dir='ltr'>¹⁰V⁰⁰³f¹</span> <span class='ocrx_word' id='word_1_223' title='bbox 1429 2402 1602 2468; x_wconf 57' lang='lat' dir='ltr'>Pe‘fflstmffi‘</span> 
     </span>
    </p>

    <p class='ocr_par' dir='ltr' id='par_1_8' title="bbox 89 2513 1793 2982">
     <span class='ocr_line' id='line_1_26' title="bbox 89 2513 1793 2594; baseline -0.001 -18"><span class='ocrx_word' id='word_1_224' title='bbox 89 2516 165 2578; x_wconf 86' lang='lat' dir='ltr'>tioni</span> <span class='ocrx_word' id='word_1_225' title='bbox 185 2517 313 2578; x_wconf 86' lang='lat' dir='ltr'>temere</span> <span class='ocrx_word' id='word_1_226' title='bbox 335 2531 370 2578; x_wconf 91' lang='lat' dir='ltr'>se</span> <span class='ocrx_word' id='word_1_227' title='bbox 392 2516 541 2592; x_wconf 83' lang='lat' dir='ltr'>ingessit,</span> <span class='ocrx_word' id='word_1_228' title='bbox 571 2532 613 2578; x_wconf 92' lang='lat' dir='ltr'>ne</span> <span class='ocrx_word' id='word_1_229' title='bbox 635 2520 752 2580; x_wconf 88' lang='lat' dir='ltr'>contra</span> <span class='ocrx_word' id='word_1_230' title='bbox 774 2517 879 2594; x_wconf 90' lang='lat' dir='ltr'>ipsius</span> <span class='ocrx_word' id='word_1_231' title='bbox 973 2513 1140 2575; x_wconf 83' lang='lat' dir='ltr'>Honorius</span> <span class='ocrx_word' id='word_1_232' title='bbox 1153 2513 1462 2590; x_wconf 73' lang='lat' dir='ltr'>episcopusservus</span> <span class='ocrx_word' id='word_1_233' title='bbox 1471 2527 1643 2574; x_wconf 87' lang='lat' dir='ltr'>servorum</span> <span class='ocrx_word' id='word_1_234' title='bbox 1652 2513 1726 2580; x_wconf 86' lang='lat' dir='ltr'>Dei,</span> <span class='ocrx_word' id='word_1_235' title='bbox 1789 2573 1793 2582; x_wconf 89' lang='grc'>,</span> 
     </span>
     <span class='ocr_line' id='line_1_27' title="bbox 89 2609 1725 2692; baseline -0.001 -18"><span class='ocrx_word' id='word_1_236' title='bbox 89 2613 280 2674; x_wconf 88' lang='lat' dir='ltr'>electionem</span> <span class='ocrx_word' id='word_1_237' title='bbox 293 2614 420 2690; x_wconf 91' lang='lat' dir='ltr'>aliquid</span> <span class='ocrx_word' id='word_1_238' title='bbox 446 2613 551 2686; x_wconf 88' lang='lat' dir='ltr'>fleret,</span> <span class='ocrx_word' id='word_1_239' title='bbox 563 2615 773 2692; x_wconf 87' lang='lat' dir='ltr'>appellando,</span> <span class='ocrx_word' id='word_1_240' title='bbox 794 2619 826 2676; x_wconf 86' lang='lat' dir='ltr'>et</span> <span class='ocrx_word' id='word_1_241' title='bbox 844 2614 880 2675; x_wconf 92' lang='lat' dir='ltr'>in</span> <span class='ocrx_word' id='word_1_242' title='bbox 933 2610 1179 2672; x_wconf 80' lang='lat' dir='ltr'>uenerabilibus</span> <span class='ocrx_word' id='word_1_243' title='bbox 1206 2609 1364 2671; x_wconf 85' lang='lat' dir='ltr'>iratribus</span> <span class='ocrx_word' id='word_1_244' title='bbox 1395 2610 1563 2670; x_wconf 88' lang='lat' dir='ltr'>universis</span> <span class='ocrx_word' id='word_1_245' title='bbox 1587 2611 1725 2673; x_wconf 85' lang='lat' dir='ltr'>archie-</span> 
     </span>
     <span class='ocr_line' id='line_1_28' title="bbox 89 2705 1726 2790; baseline -0.001 -20"><span class='ocrx_word' id='word_1_246' title='bbox 89 2711 198 2772; x_wconf 86' lang='lat' dir='ltr'>ootava</span> <span class='ocrx_word' id='word_1_247' title='bbox 222 2709 316 2772; x_wconf 90' lang='lat' dir='ltr'>beati</span> <span class='ocrx_word' id='word_1_248' title='bbox 338 2710 462 2772; x_wconf 88' lang='lat' dir='ltr'>Juliani</span> <span class='ocrx_word' id='word_1_249' title='bbox 485 2712 699 2790; x_wconf 86' lang='lat' dir='ltr'>appellationi</span> <span class='ocrx_word' id='word_1_250' title='bbox 719 2727 788 2774; x_wconf 87' lang='lat' dir='ltr'>suae</span> <span class='ocrx_word' id='word_1_251' title='bbox 810 2715 881 2774; x_wconf 91' lang='lat' dir='ltr'>ter-</span> <span class='ocrx_word' id='word_1_252' title='bbox 935 2709 1078 2786; x_wconf 90' lang='lat' dir='ltr'>piscopis</span> <span class='ocrx_word' id='word_1_253' title='bbox 1093 2711 1126 2769; x_wconf 89' lang='lat' dir='ltr'>et</span> <span class='ocrx_word' id='word_1_254' title='bbox 1143 2707 1319 2784; x_wconf 91' lang='lat' dir='ltr'>episcopis,</span> <span class='ocrx_word' id='word_1_255' title='bbox 1336 2707 1377 2766; x_wconf 88' lang='lat' dir='ltr'>ad</span> <span class='ocrx_word' id='word_1_256' title='bbox 1403 2723 1484 2785; x_wconf 90' lang='lat' dir='ltr'>quos</span> <span class='ocrx_word' id='word_1_257' title='bbox 1508 2705 1627 2769; x_wconf 81' lang='lat' dir='ltr'>litterae</span> <span class='ocrx_word' id='word_1_258' title='bbox 1652 2708 1726 2770; x_wconf 89' lang='lat' dir='ltr'>istae</span> 
     </span>
     <span class='ocr_line' id='line_1_29' title="bbox 90 2802 1728 2885; baseline 0 -18"><span class='ocrx_word' id='word_1_259' title='bbox 90 2807 208 2868; x_wconf 88' lang='lat' dir='ltr'>minum</span> <span class='ocrx_word' id='word_1_260' title='bbox 224 2807 441 2885; x_wconf 78' lang='lat' dir='ltr'>praefigendo.</span> <span class='ocrx_word' id='word_1_261' title='bbox 464 2809 557 2870; x_wconf 91' lang='lat' dir='ltr'>Unde</span> <span class='ocrx_word' id='word_1_262' title='bbox 571 2809 678 2871; x_wconf 91' lang='lat' dir='ltr'>dictus</span> <span class='ocrx_word' id='word_1_263' title='bbox 702 2811 827 2882; x_wconf 89' lang='lat' dir='ltr'>cantor,</span> <span class='ocrx_word' id='word_1_264' title='bbox 849 2809 882 2871; x_wconf 91' lang='lat' dir='ltr'>et</span> <span class='ocrx_word' id='word_1_265' title='bbox 935 2803 1156 2882; x_wconf 83' lang='lat' dir='ltr'>pervenerint,</span> <span class='ocrx_word' id='word_1_266' title='bbox 1174 2802 1361 2865; x_wconf 89' lang='lat' dir='ltr'>salutemet</span> <span class='ocrx_word' id='word_1_267' title='bbox 1384 2803 1601 2880; x_wconf 89' lang='lat' dir='ltr'>apostolicam</span> <span class='ocrx_word' id='word_1_268' title='bbox 1624 2803 1728 2867; x_wconf 91' lang='lat' dir='ltr'>bene-</span> 
     </span>
     <span class='ocr_line' id='line_1_30' title="bbox 93 2902 1124 2982; baseline 0 -19"><span class='ocrx_word' id='word_1_269' title='bbox 93 2918 164 2978; x_wconf 89' lang='lat' dir='ltr'>pars</span> <span class='ocrx_word' id='word_1_270' title='bbox 185 2919 246 2964; x_wconf 91' lang='lat' dir='ltr'>sua</span> <span class='ocrx_word' id='word_1_271' title='bbox 272 2902 369 2964; x_wconf 92' lang='lat' dir='ltr'>nobis</span> <span class='ocrx_word' id='word_1_272' title='bbox 390 2903 560 2967; x_wconf 87' lang='lat' dir='ltr'>humiliter</span> <span class='ocrx_word' id='word_1_273' title='bbox 583 2905 821 2982; x_wconf 89' lang='lat' dir='ltr'>supplicarunt,</span> <span class='ocrx_word' id='word_1_274' title='bbox 846 2905 882 2966; x_wconf 91' lang='lat' dir='ltr'>ut</span> <span class='ocrx_word' id='word_1_275' title='bbox 935 2903 1124 2965; x_wconf 89' lang='lat' dir='ltr'>dictionem.</span> 
     </span>
    </p>

    <p class='ocr_par' dir='ltr' id='par_1_9' title="bbox 92 2999 1728 3276">
     <span class='ocr_line' id='line_1_31' title="bbox 94 2999 1728 3080; baseline 0.001 -20"><span class='ocrx_word' id='word_1_276' title='bbox 94 3001 285 3062; x_wconf 89' lang='lat' dir='ltr'>electionem</span> <span class='ocrx_word' id='word_1_277' title='bbox 297 3001 553 3065; x_wconf 84' lang='lat' dir='ltr'>taliterdeiacto</span> <span class='ocrx_word' id='word_1_278' title='bbox 562 3005 796 3080; x_wconf 88' lang='lat' dir='ltr'>praesumptam</span> <span class='ocrx_word' id='word_1_279' title='bbox 806 3004 881 3064; x_wconf 86' lang='lat' dir='ltr'>irri·</span> <span class='ocrx_word' id='word_1_280' title='bbox 975 3001 1094 3063; x_wconf 84' lang='lat' dir='ltr'>Dilecti</span> <span class='ocrx_word' id='word_1_281' title='bbox 1120 2999 1180 3062; x_wconf 86' lang='grc'><strong>11111</strong></span> <span class='ocrx_word' id='word_1_282' title='bbox 1201 2999 1304 3062; x_wconf 89' lang='lat' dir='ltr'>abbas</span> <span class='ocrx_word' id='word_1_283' title='bbox 1330 2999 1657 3062; x_wconf 77' lang='lat' dir='ltr'>praemonstratensis</span> <span class='ocrx_word' id='word_1_284' title='bbox 1687 3016 1728 3064; x_wconf 87' lang='lat' dir='ltr'>ac</span> 
     </span>
     <span class='ocr_line' id='line_1_32' title="bbox 92 3094 1726 3178; baseline 0.003 -22"><span class='ocrx_word' id='word_1_285' title='bbox 92 3099 152 3157; x_wconf 90' lang='lat' dir='ltr'>tam</span> <span class='ocrx_word' id='word_1_286' title='bbox 166 3094 371 3171; x_wconf 87' lang='lat' dir='ltr'>nuntiantes,</span> <span class='ocrx_word' id='word_1_287' title='bbox 386 3101 419 3160; x_wconf 90' lang='lat' dir='ltr'>et</span> <span class='ocrx_word' id='word_1_288' title='bbox 430 3104 624 3163; x_wconf 80' lang='lat' dir='ltr'>reuocantes</span> <span class='ocrx_word' id='word_1_289' title='bbox 640 3101 799 3178; x_wconf 92' lang='lat' dir='ltr'>quidquid</span> <span class='ocrx_word' id='word_1_290' title='bbox 808 3107 882 3177; x_wconf 89' lang='lat' dir='ltr'>post</span> <span class='ocrx_word' id='word_1_291' title='bbox 936 3098 994 3160; x_wconf 88' lang='lat' dir='ltr'>alii</span> <span class='ocrx_word' id='word_1_292' title='bbox 1010 3097 1146 3159; x_wconf 83' lang='lat' dir='ltr'>abbates</span> <span class='ocrx_word' id='word_1_293' title='bbox 1159 3098 1285 3158; x_wconf 90' lang='lat' dir='ltr'>ordinis</span> <span class='ocrx_word' id='word_1_294' title='bbox 1301 3097 1352 3159; x_wconf 89' lang='lat' dir='ltr'>sui</span> <span class='ocrx_word' id='word_1_295' title='bbox 1368 3114 1479 3160; x_wconf 87' lang='lat' dir='ltr'>ceram</span> <span class='ocrx_word' id='word_1_296' title='bbox 1502 3098 1597 3159; x_wconf 88' lang='lat' dir='ltr'>nohis</span> <span class='ocrx_word' id='word_1_297' title='bbox 1619 3113 1726 3176; x_wconf 84' lang='lat' dir='ltr'>expo-</span> 
     </span>
     <span class='ocr_line' id='line_1_33' title="bbox 93 3195 1726 3276; baseline 0.001 -21"><span class='ocrx_word' id='word_1_298' title='bbox 93 3195 344 3271; x_wconf 91' lang='lat' dir='ltr'>appellationem</span> <span class='ocrx_word' id='word_1_299' title='bbox 369 3197 410 3257; x_wconf 92' lang='lat' dir='ltr'>ad</span> <span class='ocrx_word' id='word_1_300' title='bbox 436 3213 496 3258; x_wconf 90' lang='lat' dir='ltr'>nos</span> <span class='ocrx_word' id='word_1_301' title='bbox 522 3198 750 3275; x_wconf 85' lang='lat' dir='ltr'>interpositam</span> <span class='ocrx_word' id='word_1_302' title='bbox 772 3199 882 3260; x_wconf 82' lang='lat' dir='ltr'>extitit</span> <span class='ocrx_word' id='word_1_303' title='bbox 936 3213 1016 3260; x_wconf 92' lang='lat' dir='ltr'>nere</span> <span class='ocrx_word' id='word_1_304' title='bbox 1032 3197 1242 3267; x_wconf 82' lang='lat' dir='ltr'>curaverunt,</span> <span class='ocrx_word' id='word_1_305' title='bbox 1258 3195 1433 3272; x_wconf 91' lang='lat' dir='ltr'>quodcum</span> <span class='ocrx_word' id='word_1_306' title='bbox 1455 3195 1607 3276; x_wconf 80' lang='lat' dir='ltr'>canonici</span> <span class='ocrx_word' id='word_1_307' title='bbox 1633 3199 1726 3274; x_wconf 90' lang='lat' dir='ltr'>ejus-</span> 
     </span>
    </p>
   </div>
   <div class='ocr_carea' id='block_1_5' title="bbox 92 3291 1823 3372">
    <p class='ocr_par' dir='ltr' id='par_1_10' title="bbox 92 3291 1823 3372">
     <span class='ocr_line' id='line_1_34' title="bbox 92 3291 1823 3372; baseline 0.002 -22"><span class='ocrx_word' id='word_1_308' title='bbox 92 3293 294 3366; x_wconf 90' lang='lat' dir='ltr'>attentatum,</span> <span class='ocrx_word' id='word_1_309' title='bbox 310 3309 349 3355; x_wconf 90' lang='lat' dir='ltr'>ac</span> <span class='ocrx_word' id='word_1_310' title='bbox 364 3311 421 3356; x_wconf 93' lang='lat' dir='ltr'>eos</span> <span class='ocrx_word' id='word_1_311' title='bbox 438 3296 494 3372; x_wconf 92' lang='lat' dir='ltr'>qui</span> <span class='ocrx_word' id='word_1_312' title='bbox 510 3296 626 3358; x_wconf 90' lang='lat' dir='ltr'>contra</span> <span class='ocrx_word' id='word_1_313' title='bbox 639 3296 780 3359; x_wconf 82' lang='lat' dir='ltr'>formam</span> <span class='ocrx_word' id='word_1_314' title='bbox 793 3298 881 3358; x_wconf 89' lang='lat' dir='ltr'>Gon·</span> <span class='ocrx_word' id='word_1_315' title='bbox 936 3296 1010 3356; x_wconf 92' lang='lat' dir='ltr'>dem</span> <span class='ocrx_word' id='word_1_316' title='bbox 1025 3293 1152 3356; x_wconf 91' lang='lat' dir='ltr'>ordinis</span> <span class='ocrx_word' id='word_1_317' title='bbox 1165 3295 1406 3355; x_wconf 88' lang='lat' dir='ltr'>commorantes</span> <span class='ocrx_word' id='word_1_318' title='bbox 1429 3294 1464 3354; x_wconf 91' lang='lat' dir='ltr'>in</span> <span class='ocrx_word' id='word_1_319' title='bbox 1483 3293 1729 3371; x_wconf 86' lang='lat' dir='ltr'>parochialibus</span> <span class='ocrx_word' id='word_1_320' title='bbox 1818 3291 1823 3304; x_wconf 88' lang='lat'>&#39;</span> 
     </span>
    </p>
   </div>
   <div class='ocr_carea' id='block_1_6' title="bbox 93 3389 1812 5609">
    <p class='ocr_par' dir='ltr' id='par_1_11' title="bbox 93 3389 1812 5609">
     <span class='ocr_line' id='line_1_35' title="bbox 93 3389 1728 3471; baseline 0.002 -23"><span class='ocrx_word' id='word_1_321' title='bbox 93 3389 158 3449; x_wconf 92' lang='lat' dir='ltr'>cilii</span> <span class='ocrx_word' id='word_1_322' title='bbox 185 3389 227 3451; x_wconf 91' lang='lat' dir='ltr'>ad</span> <span class='ocrx_word' id='word_1_323' title='bbox 256 3391 448 3468; x_wconf 89' lang='lat' dir='ltr'>hujusmodi</span> <span class='ocrx_word' id='word_1_324' title='bbox 476 3393 671 3454; x_wconf 91' lang='lat' dir='ltr'>electionem</span> <span class='ocrx_word' id='word_1_325' title='bbox 702 3395 882 3471; x_wconf 88' lang='lat' dir='ltr'>procedere</span> <span class='ocrx_word' id='word_1_326' title='bbox 937 3390 1087 3454; x_wconf 89' lang='lat' dir='ltr'>ecclesiis</span> <span class='ocrx_word' id='word_1_327' title='bbox 1102 3391 1144 3452; x_wconf 85' lang='lat' dir='ltr'>ad</span> <span class='ocrx_word' id='word_1_328' title='bbox 1159 3391 1250 3467; x_wconf 90' lang='lat' dir='ltr'>ipsos</span> <span class='ocrx_word' id='word_1_329' title='bbox 1262 3389 1499 3467; x_wconf 88' lang='lat' dir='ltr'>spectantibus,</span> <span class='ocrx_word' id='word_1_330' title='bbox 1513 3391 1625 3469; x_wconf 89' lang='lat' dir='ltr'>aliquo</span> <span class='ocrx_word' id='word_1_331' title='bbox 1647 3407 1728 3454; x_wconf 89' lang='lat' dir='ltr'>casu</span> 
     </span>
     <span class='ocr_line' id='line_1_36' title="bbox 93 3487 1729 3567; baseline 0.003 -23"><span class='ocrx_word' id='word_1_332' title='bbox 93 3491 381 3564; x_wconf 88' lang='lat' dir='ltr'>praesumpserunt,</span> <span class='ocrx_word' id='word_1_333' title='bbox 393 3489 537 3564; x_wconf 81' lang='lat' dir='ltr'>eligendi</span> <span class='ocrx_word' id='word_1_334' title='bbox 545 3490 708 3567; x_wconf 90' lang='lat' dir='ltr'>potestate</span> <span class='ocrx_word' id='word_1_335' title='bbox 723 3491 785 3552; x_wconf 88' lang='lat' dir='ltr'>bac</span> <span class='ocrx_word' id='word_1_336' title='bbox 796 3491 880 3563; x_wconf 86' lang='lat' dir='ltr'>vice,</span> <span class='ocrx_word' id='word_1_337' title='bbox 937 3489 1143 3566; x_wconf 88' lang='lat' dir='ltr'>delinquunt,</span> <span class='ocrx_word' id='word_1_338' title='bbox 1160 3487 1207 3550; x_wconf 91' lang='lat' dir='ltr'>ita</span> <span class='ocrx_word' id='word_1_339' title='bbox 1222 3487 1308 3564; x_wconf 93' lang='lat' dir='ltr'>quod</span> <span class='ocrx_word' id='word_1_340' title='bbox 1320 3488 1492 3563; x_wconf 87' lang='lat' dir='ltr'>expediret</span> <span class='ocrx_word' id='word_1_341' title='bbox 1501 3503 1558 3550; x_wconf 90' lang='lat' dir='ltr'>eos</span> <span class='ocrx_word' id='word_1_342' title='bbox 1571 3488 1612 3550; x_wconf 90' lang='lat' dir='ltr'>ad</span> <span class='ocrx_word' id='word_1_343' title='bbox 1622 3487 1729 3552; x_wconf 88' lang='lat' dir='ltr'>claus-</span> 
     </span>
     <span class='ocr_line' id='line_1_37' title="bbox 94 3583 1729 3665; baseline 0.002 -23"><span class='ocrx_word' id='word_1_344' title='bbox 94 3583 266 3646; x_wconf 86' lang='lat' dir='ltr'>secundum</span> <span class='ocrx_word' id='word_1_345' title='bbox 280 3585 428 3661; x_wconf 90' lang='lat' dir='ltr'>ejusdem</span> <span class='ocrx_word' id='word_1_346' title='bbox 450 3585 583 3648; x_wconf 91' lang='lat' dir='ltr'>concilii</span> <span class='ocrx_word' id='word_1_347' title='bbox 597 3590 731 3657; x_wconf 85' lang='lat' dir='ltr'>statuta,</span> <span class='ocrx_word' id='word_1_348' title='bbox 743 3588 882 3665; x_wconf 85' lang='lat' dir='ltr'>privan-</span> <span class='ocrx_word' id='word_1_349' title='bbox 936 3590 1023 3650; x_wconf 91' lang='lat' dir='ltr'>trum</span> <span class='ocrx_word' id='word_1_350' title='bbox 1037 3601 1133 3647; x_wconf 91' lang='lat' dir='ltr'>suum</span> <span class='ocrx_word' id='word_1_351' title='bbox 1147 3585 1339 3662; x_wconf 87' lang='lat' dir='ltr'>recepturos</span> <span class='ocrx_word' id='word_1_352' title='bbox 1363 3585 1573 3663; x_wconf 87' lang='lat' dir='ltr'>disciplinam</span> <span class='ocrx_word' id='word_1_353' title='bbox 1602 3586 1729 3648; x_wconf 87' lang='lat' dir='ltr'>ordinis</span> 
     </span>
     <span class='ocr_line' id='line_1_38' title="bbox 93 3679 1812 3760; baseline 0.003 -21"><span class='ocrx_word' id='word_1_354' title='bbox 93 3679 148 3751; x_wconf 90' lang='lat' dir='ltr'>tes,</span> <span class='ocrx_word' id='word_1_355' title='bbox 163 3697 202 3742; x_wconf 91' lang='lat' dir='ltr'>ac</span> <span class='ocrx_word' id='word_1_356' title='bbox 213 3681 302 3742; x_wconf 87' lang='lat' dir='ltr'>elias</span> <span class='ocrx_word' id='word_1_357' title='bbox 315 3683 489 3758; x_wconf 83' lang='lat' dir='ltr'>punientes</span> <span class='ocrx_word' id='word_1_358' title='bbox 504 3685 686 3746; x_wconf 86' lang='lat' dir='ltr'>secundum</span> <span class='ocrx_word' id='word_1_359' title='bbox 704 3685 882 3746; x_wconf 89' lang='lat' dir='ltr'>canonicas</span> <span class='ocrx_word' id='word_1_360' title='bbox 937 3684 1089 3746; x_wconf 86' lang='lat' dir='ltr'>revocari</span> <span class='ocrx_word' id='word_1_361' title='bbox 1104 3705 1112 3744; x_wconf 79' lang='lat' dir='ltr'><strong><em>z</em></strong></span> <span class='ocrx_word' id='word_1_362' title='bbox 1126 3682 1260 3760; x_wconf 89' lang='lat' dir='ltr'>quidam</span> <span class='ocrx_word' id='word_1_363' title='bbox 1275 3684 1421 3744; x_wconf 87' lang='lat' dir='ltr'>vestrum</span> <span class='ocrx_word' id='word_1_364' title='bbox 1437 3683 1610 3759; x_wconf 85' lang='lat' dir='ltr'>indignum</span> <span class='ocrx_word' id='word_1_365' title='bbox 1630 3682 1728 3744; x_wconf 80' lang='lat' dir='ltr'>iaro—</span> <span class='ocrx_word' id='word_1_366' title='bbox 1805 3693 1812 3708; x_wconf 89' lang='lat'><strong>·</strong></span> 
     </span>
     <span class='ocr_line' id='line_1_39' title="bbox 95 3778 1728 3859; baseline 0.004 -25"><span class='ocrx_word' id='word_1_367' title='bbox 95 3779 287 3851; x_wconf 89' lang='lat' dir='ltr'>sanctiones,</span> <span class='ocrx_word' id='word_1_368' title='bbox 313 3779 390 3840; x_wconf 88' lang='lat' dir='ltr'>aliis</span> <span class='ocrx_word' id='word_1_369' title='bbox 410 3781 550 3859; x_wconf 90' lang='lat' dir='ltr'>quinon</span> <span class='ocrx_word' id='word_1_370' title='bbox 576 3782 786 3859; x_wconf 89' lang='lat' dir='ltr'>deliquerunt</span> <span class='ocrx_word' id='word_1_371' title='bbox 810 3783 883 3859; x_wconf 89' lang='lat' dir='ltr'>ipso</span> <span class='ocrx_word' id='word_1_372' title='bbox 938 3797 1007 3844; x_wconf 88' lang='lat' dir='ltr'>rem</span> <span class='ocrx_word' id='word_1_373' title='bbox 1035 3779 1263 3857; x_wconf 90' lang='lat' dir='ltr'>impendentes</span> <span class='ocrx_word' id='word_1_374' title='bbox 1294 3778 1430 3848; x_wconf 88' lang='lat' dir='ltr'>eisdem,</span> <span class='ocrx_word' id='word_1_375' title='bbox 1464 3779 1554 3856; x_wconf 88' lang='lat' dir='ltr'>ipsos</span> <span class='ocrx_word' id='word_1_376' title='bbox 1583 3781 1728 3841; x_wconf 89' lang='lat' dir='ltr'>retinere</span> 
     </span>
     <span class='ocr_line' id='line_1_40' title="bbox 95 3874 1729 3954; baseline 0.003 -22"><span class='ocrx_word' id='word_1_377' title='bbox 95 3876 230 3948; x_wconf 83' lang='lat' dir='ltr'>negotio,</span> <span class='ocrx_word' id='word_1_378' title='bbox 240 3877 385 3952; x_wconf 82' lang='lat' dir='ltr'>eligendi</span> <span class='ocrx_word' id='word_1_379' title='bbox 394 3879 883 3954; x_wconf 86' lang='lat' dir='ltr'>personamhujusmodioilicio</span> <span class='ocrx_word' id='word_1_380' title='bbox 938 3876 1255 3948; x_wconf 87' lang='lat' dir='ltr'>conanturinlocis,</span> <span class='ocrx_word' id='word_1_381' title='bbox 1272 3874 1441 3952; x_wconf 87' lang='lat' dir='ltr'>inquibus</span> <span class='ocrx_word' id='word_1_382' title='bbox 1463 3878 1631 3954; x_wconf 88' lang='lat' dir='ltr'>nequeunt</span> <span class='ocrx_word' id='word_1_383' title='bbox 1649 3876 1729 3938; x_wconf 90' lang='lat' dir='ltr'>abs-</span> 
     </span>
     <span class='ocr_line' id='line_1_41' title="bbox 96 3972 1729 4053; baseline 0.003 -24"><span class='ocrx_word' id='word_1_384' title='bbox 96 3975 337 4046; x_wconf 82' lang='lat' dir='ltr'>congrnentem,</span> <span class='ocrx_word' id='word_1_385' title='bbox 350 3974 540 4037; x_wconf 83' lang='lat' dir='ltr'>facultatem</span> <span class='ocrx_word' id='word_1_386' title='bbox 553 3976 883 4038; x_wconf 85' lang='lat' dir='ltr'>liberamconcedere</span> <span class='ocrx_word' id='word_1_387' title='bbox 938 3992 1001 4053; x_wconf 89' lang='lat' dir='ltr'>que</span> <span class='ocrx_word' id='word_1_388' title='bbox 1020 3973 1177 4036; x_wconf 87' lang='lat' dir='ltr'>scandalo</span> <span class='ocrx_word' id='word_1_389' title='bbox 1192 3975 1225 4035; x_wconf 91' lang='lat' dir='ltr'>et</span> <span class='ocrx_word' id='word_1_390' title='bbox 1249 3972 1465 4034; x_wconf 87' lang='lat' dir='ltr'>ecclesiarum</span> <span class='ocrx_word' id='word_1_391' title='bbox 1484 3974 1632 4050; x_wconf 90' lang='lat' dir='ltr'>ipsarum</span> <span class='ocrx_word' id='word_1_392' title='bbox 1657 3973 1729 4034; x_wconf 82' lang='lat' dir='ltr'>dis·</span> 
     </span>
     <span class='ocr_line' id='line_1_42' title="bbox 96 4065 1729 4150; baseline 0.004 -25"><span class='ocrx_word' id='word_1_393' title='bbox 96 4065 313 4142; x_wconf 78' lang='lat' dir='ltr'>dignaremur.</span> <span class='ocrx_word' id='word_1_394' title='bbox 339 4071 422 4144; x_wconf 88' lang='lat' dir='ltr'>Quia</span> <span class='ocrx_word' id='word_1_395' title='bbox 442 4087 522 4134; x_wconf 80' lang='lat' dir='ltr'>vero</span> <span class='ocrx_word' id='word_1_396' title='bbox 536 4073 633 4135; x_wconf 89' lang='lat' dir='ltr'>nohis</span> <span class='ocrx_word' id='word_1_397' title='bbox 649 4089 716 4136; x_wconf 93' lang='lat' dir='ltr'>non</span> <span class='ocrx_word' id='word_1_398' title='bbox 736 4075 885 4136; x_wconf 90' lang='lat' dir='ltr'>constitit</span> <span class='ocrx_word' id='word_1_399' title='bbox 937 4072 1057 4150; x_wconf 88' lang='lat' dir='ltr'>pendio</span> <span class='ocrx_word' id='word_1_400' title='bbox 1072 4071 1281 4134; x_wconf 88' lang='lat' dir='ltr'>commorari.</span> <span class='ocrx_word' id='word_1_401' title='bbox 1293 4069 1341 4132; x_wconf 76' lang='lat' dir='ltr'>Ad</span> <span class='ocrx_word' id='word_1_402' title='bbox 1356 4069 1429 4131; x_wconf 90' lang='lat' dir='ltr'>baec</span> <span class='ocrx_word' id='word_1_403' title='bbox 1446 4071 1534 4131; x_wconf 88' lang='lat' dir='ltr'>enim</span> <span class='ocrx_word' id='word_1_404' title='bbox 1559 4071 1595 4132; x_wconf 91' lang='lat' dir='ltr'>in</span> <span class='ocrx_word' id='word_1_405' title='bbox 1614 4086 1729 4133; x_wconf 91' lang='lat' dir='ltr'>eorum</span> 
     </span>
     <span class='ocr_line' id='line_1_43' title="bbox 98 4162 1733 4248; baseline 0.004 -25"><span class='ocrx_word' id='word_1_406' title='bbox 98 4162 133 4224; x_wconf 90' lang='lat' dir='ltr'>de</span> <span class='ocrx_word' id='word_1_407' title='bbox 146 4167 338 4241; x_wconf 84' lang='lat' dir='ltr'>praemissis,</span> <span class='ocrx_word' id='word_1_408' title='bbox 358 4167 550 4231; x_wconf 86' lang='lat' dir='ltr'>discretioni</span> <span class='ocrx_word' id='word_1_409' title='bbox 569 4172 689 4233; x_wconf 78' lang='lat' dir='ltr'>vestrae</span> <span class='ocrx_word' id='word_1_410' title='bbox 705 4172 745 4232; x_wconf 90' lang='lat' dir='ltr'>de</span> <span class='ocrx_word' id='word_1_411' title='bbox 758 4172 884 4233; x_wconf 91' lang='lat' dir='ltr'>utrius·</span> <span class='ocrx_word' id='word_1_412' title='bbox 938 4169 1078 4248; x_wconf 89' lang='lat' dir='ltr'>aliquos,</span> <span class='ocrx_word' id='word_1_413' title='bbox 1096 4169 1230 4246; x_wconf 90' lang='lat' dir='ltr'>propter</span> <span class='ocrx_word' id='word_1_414' title='bbox 1244 4184 1322 4229; x_wconf 89' lang='lat' dir='ltr'>suos</span> <span class='ocrx_word' id='word_1_415' title='bbox 1342 4183 1511 4236; x_wconf 81' lang='lat' dir='ltr'>excessus,</span> <span class='ocrx_word' id='word_1_416' title='bbox 1537 4183 1733 4230; x_wconf 83' lang='lat' dir='ltr'>excommu-</span> 
     </span>
     <span class='ocr_line' id='line_1_44' title="bbox 97 4264 1730 4346; baseline 0.003 -25"><span class='ocrx_word' id='word_1_417' title='bbox 97 4265 266 4338; x_wconf 87' lang='lat' dir='ltr'>quepartis</span> <span class='ocrx_word' id='word_1_418' title='bbox 279 4268 531 4340; x_wconf 84' lang='lat' dir='ltr'>procuratorum</span> <span class='ocrx_word' id='word_1_419' title='bbox 546 4283 764 4346; x_wconf 89' lang='lat' dir='ltr'>assensu,per</span> <span class='ocrx_word' id='word_1_420' title='bbox 778 4271 885 4346; x_wconf 90' lang='lat' dir='ltr'>Apos-</span> <span class='ocrx_word' id='word_1_421' title='bbox 938 4267 1117 4330; x_wconf 89' lang='lat' dir='ltr'>nicationis</span> <span class='ocrx_word' id='word_1_422' title='bbox 1142 4265 1341 4326; x_wconf 88' lang='lat' dir='ltr'>sententiam</span> <span class='ocrx_word' id='word_1_423' title='bbox 1377 4264 1636 4341; x_wconf 80' lang='lat' dir='ltr'>promulgantes,</span> <span class='ocrx_word' id='word_1_424' title='bbox 1674 4281 1730 4327; x_wconf 93' lang='lat' dir='ltr'>re-</span> 
     </span>
     <span class='ocr_line' id='line_1_45' title="bbox 97 4357 1730 4442; baseline 0.005 -26"><span class='ocrx_word' id='word_1_425' title='bbox 97 4357 187 4420; x_wconf 82' lang='grc'><strong>161166</strong></span> <span class='ocrx_word' id='word_1_426' title='bbox 202 4361 325 4438; x_wconf 86' lang='lat' dir='ltr'>scripta</span> <span class='ocrx_word' id='word_1_427' title='bbox 341 4364 546 4436; x_wconf 89' lang='lat' dir='ltr'>mandamus,</span> <span class='ocrx_word' id='word_1_428' title='bbox 563 4369 727 4442; x_wconf 88' lang='lat' dir='ltr'>quatenus</span> <span class='ocrx_word' id='word_1_429' title='bbox 744 4366 881 4438; x_wconf 86' lang='lat' dir='ltr'>vocatis,</span> <span class='ocrx_word' id='word_1_430' title='bbox 937 4364 1055 4426; x_wconf 84' lang='lat' dir='ltr'>laxare</span> <span class='ocrx_word' id='word_1_431' title='bbox 1068 4379 1135 4425; x_wconf 93' lang='lat' dir='ltr'>non</span> <span class='ocrx_word' id='word_1_432' title='bbox 1149 4362 1250 4423; x_wconf 82' lang='lat' dir='ltr'>vultis</span> <span class='ocrx_word' id='word_1_433' title='bbox 1265 4361 1425 4432; x_wconf 91' lang='lat' dir='ltr'>eamdem,</span> <span class='ocrx_word' id='word_1_434' title='bbox 1437 4359 1502 4422; x_wconf 82' lang='lat' dir='ltr'>hisi</span> <span class='ocrx_word' id='word_1_435' title='bbox 1513 4377 1610 4439; x_wconf 88' lang='lat' dir='ltr'>poena</span> <span class='ocrx_word' id='word_1_436' title='bbox 1626 4379 1730 4439; x_wconf 89' lang='lat' dir='ltr'>pecu-</span> 
     </span>
     <span class='ocr_line' id='line_1_46' title="bbox 98 4455 1777 4551; baseline 0.004 -38"><span class='ocrx_word' id='word_1_437' title='bbox 98 4455 147 4527; x_wconf 91' lang='lat' dir='ltr'>qni</span> <span class='ocrx_word' id='word_1_438' title='bbox 159 4461 294 4534; x_wconf 88' lang='lat' dir='ltr'>propter</span> <span class='ocrx_word' id='word_1_439' title='bbox 308 4457 371 4520; x_wconf 90' lang='lat' dir='ltr'>hoc</span> <span class='ocrx_word' id='word_1_440' title='bbox 385 4459 510 4522; x_wconf 87' lang='lat' dir='ltr'>suerint</span> <span class='ocrx_word' id='word_1_441' title='bbox 523 4461 695 4533; x_wconf 87' lang='lat' dir='ltr'>evocandi,</span> <span class='ocrx_word' id='word_1_442' title='bbox 713 4462 746 4523; x_wconf 87' lang='lat' dir='ltr'>et</span> <span class='ocrx_word' id='word_1_443' title='bbox 760 4461 883 4524; x_wconf 91' lang='lat' dir='ltr'>auditis</span> <span class='ocrx_word' id='word_1_444' title='bbox 938 4462 1047 4523; x_wconf 86' lang='lat' dir='ltr'>niaria</span> <span class='ocrx_word' id='word_1_445' title='bbox 1067 4459 1284 4538; x_wconf 89' lang='lat' dir='ltr'>praecedente.</span> <span class='ocrx_word' id='word_1_446' title='bbox 1313 4459 1455 4535; x_wconf 90' lang='lat' dir='ltr'>Ideoque</span> <span class='ocrx_word' id='word_1_447' title='bbox 1479 4459 1731 4522; x_wconf 88' lang='lat' dir='ltr'>universitatem</span> <span class='ocrx_word' id='word_1_448' title='bbox 1774 4539 1777 4551; x_wconf 34' lang='lat'><em>¹</em></span> 
     </span>
     <span class='ocr_line' id='line_1_47' title="bbox 98 4547 1730 4636; baseline 0.006 -28"><span class='ocrx_word' id='word_1_449' title='bbox 98 4547 251 4617; x_wconf 88' lang='lat' dir='ltr'>hincinde</span> <span class='ocrx_word' id='word_1_450' title='bbox 262 4557 451 4633; x_wconf 90' lang='lat' dir='ltr'>propositis,</span> <span class='ocrx_word' id='word_1_451' title='bbox 467 4558 495 4618; x_wconf 87' lang='lat' dir='ltr'>si</span> <span class='ocrx_word' id='word_1_452' title='bbox 509 4557 601 4619; x_wconf 89' lang='lat' dir='ltr'>vobis</span> <span class='ocrx_word' id='word_1_453' title='bbox 615 4559 772 4636; x_wconf 90' lang='lat' dir='ltr'>praedicta</span> <span class='ocrx_word' id='word_1_454' title='bbox 786 4575 884 4620; x_wconf 90' lang='lat' dir='ltr'>cons·</span> <span class='ocrx_word' id='word_1_455' title='bbox 938 4559 1082 4620; x_wconf 86' lang='lat' dir='ltr'>vestram</span> <span class='ocrx_word' id='word_1_456' title='bbox 1095 4555 1278 4633; x_wconf 82' lang='lat' dir='ltr'>rogandam</span> <span class='ocrx_word' id='word_1_457' title='bbox 1293 4555 1448 4616; x_wconf 84' lang='lat' dir='ltr'>duximus</span> <span class='ocrx_word' id='word_1_458' title='bbox 1464 4557 1498 4617; x_wconf 89' lang='lat' dir='ltr'>et</span> <span class='ocrx_word' id='word_1_459' title='bbox 1520 4557 1730 4629; x_wconf 90' lang='lat' dir='ltr'>monendam,</span> 
     </span>
     <span class='ocr_line' id='line_1_48' title="bbox 98 4645 1732 4733; baseline 0.006 -28"><span class='ocrx_word' id='word_1_460' title='bbox 98 4645 193 4712; x_wconf 86' lang='lat' dir='ltr'>titerit</span> <span class='ocrx_word' id='word_1_461' title='bbox 205 4667 280 4714; x_wconf 91' lang='lat' dir='ltr'>esse</span> <span class='ocrx_word' id='word_1_462' title='bbox 289 4669 381 4726; x_wconf 85' lang='lat' dir='ltr'>vera,</span> <span class='ocrx_word' id='word_1_463' title='bbox 395 4655 591 4716; x_wconf 90' lang='lat' dir='ltr'>electionem</span> <span class='ocrx_word' id='word_1_464' title='bbox 604 4656 712 4732; x_wconf 86' lang='lat' dir='ltr'>ipsam</span> <span class='ocrx_word' id='word_1_465' title='bbox 725 4659 883 4732; x_wconf 87' lang='lat' dir='ltr'>tanquam</span> <span class='ocrx_word' id='word_1_466' title='bbox 938 4671 998 4733; x_wconf 90' lang='lat' dir='ltr'>per</span> <span class='ocrx_word' id='word_1_467' title='bbox 1009 4653 1199 4732; x_wconf 73' lang='lat' dir='ltr'>apostolica</span> <span class='ocrx_word' id='word_1_468' title='bbox 1215 4652 1339 4729; x_wconf 87' lang='lat' dir='ltr'>scripta</span> <span class='ocrx_word' id='word_1_469' title='bbox 1350 4653 1557 4726; x_wconf 88' lang='lat' dir='ltr'>mandantes,</span> <span class='ocrx_word' id='word_1_470' title='bbox 1568 4655 1732 4732; x_wconf 88' lang='lat' dir='ltr'>quatenus</span> 
     </span>
     <span class='ocr_line' id='line_1_49' title="bbox 98 4741 1733 4832; baseline 0.007 -31"><span class='ocrx_word' id='word_1_471' title='bbox 98 4741 133 4803; x_wconf 90' lang='lat' dir='ltr'>de</span> <span class='ocrx_word' id='word_1_472' title='bbox 151 4745 233 4810; x_wconf 85' lang='lat' dir='ltr'>iacto</span> <span class='ocrx_word' id='word_1_473' title='bbox 248 4751 484 4826; x_wconf 76' lang='lat' dir='ltr'>praesumptam</span> <span class='ocrx_word' id='word_1_474' title='bbox 507 4753 668 4814; x_wconf 88' lang='lat' dir='ltr'>nuntietis</span> <span class='ocrx_word' id='word_1_475' title='bbox 694 4753 825 4815; x_wconf 90' lang='lat' dir='ltr'>irritam</span> <span class='ocrx_word' id='word_1_476' title='bbox 852 4757 885 4816; x_wconf 95' lang='lat' dir='ltr'>et</span> <span class='ocrx_word' id='word_1_477' title='bbox 938 4768 1040 4832; x_wconf 90' lang='lat' dir='ltr'>quum</span> <span class='ocrx_word' id='word_1_478' title='bbox 1067 4751 1147 4812; x_wconf 90' lang='lat' dir='ltr'>dicti</span> <span class='ocrx_word' id='word_1_479' title='bbox 1173 4749 1320 4819; x_wconf 87' lang='lat' dir='ltr'>abbates,</span> <span class='ocrx_word' id='word_1_480' title='bbox 1348 4750 1433 4811; x_wconf 86' lang='lat' dir='ltr'>tales</span> <span class='ocrx_word' id='word_1_481' title='bbox 1470 4751 1511 4812; x_wconf 87' lang='lat' dir='ltr'>ad</span> <span class='ocrx_word' id='word_1_482' title='bbox 1550 4752 1733 4815; x_wconf 85' lang='lat' dir='ltr'>claustrum</span> 
     </span>
     <span class='ocr_line' id='line_1_50' title="bbox 99 4837 1734 4928; baseline 0.007 -30"><span class='ocrx_word' id='word_1_483' title='bbox 99 4837 238 4919; x_wconf 87' lang='lat' dir='ltr'>inanem,</span> <span class='ocrx_word' id='word_1_484' title='bbox 271 4851 466 4911; x_wconf 83' lang='lat' dir='ltr'>revocantes</span> <span class='ocrx_word' id='word_1_485' title='bbox 492 4849 528 4911; x_wconf 90' lang='lat' dir='ltr'>in</span> <span class='ocrx_word' id='word_1_486' title='bbox 560 4849 692 4912; x_wconf 82' lang='lat' dir='ltr'>irritum</span> <span class='ocrx_word' id='word_1_487' title='bbox 725 4851 884 4928; x_wconf 90' lang='lat' dir='ltr'>quidquid</span> <span class='ocrx_word' id='word_1_488' title='bbox 939 4850 1074 4928; x_wconf 89' lang='lat' dir='ltr'>propter</span> <span class='ocrx_word' id='word_1_489' title='bbox 1087 4846 1281 4909; x_wconf 87' lang='lat' dir='ltr'>scandalum</span> <span class='ocrx_word' id='word_1_490' title='bbox 1304 4847 1336 4910; x_wconf 88' lang='lat' dir='ltr'>et</span> <span class='ocrx_word' id='word_1_491' title='bbox 1360 4847 1577 4910; x_wconf 86' lang='lat' dir='ltr'>ecclesiarum</span> <span class='ocrx_word' id='word_1_492' title='bbox 1598 4849 1734 4927; x_wconf 88' lang='lat' dir='ltr'>dispen-</span> 
     </span>
     <span class='ocr_line' id='line_1_51' title="bbox 100 4943 1753 5024; baseline -0.002 -16"><span class='ocrx_word' id='word_1_493' title='bbox 100 4943 165 5008; x_wconf 79' lang='lat' dir='ltr'>nost</span> <span class='ocrx_word' id='word_1_494' title='bbox 177 4943 432 5020; x_wconf 87' lang='lat' dir='ltr'>appellationem</span> <span class='ocrx_word' id='word_1_495' title='bbox 457 4963 477 5007; x_wconf 89' lang='lat' dir='ltr'>a</span> <span class='ocrx_word' id='word_1_496' title='bbox 499 4947 666 5024; x_wconf 85' lang='lat' dir='ltr'>praedictis</span> <span class='ocrx_word' id='word_1_497' title='bbox 689 4950 836 5020; x_wconf 85' lang='lat' dir='ltr'>cantore,</span> <span class='ocrx_word' id='word_1_498' title='bbox 851 4948 886 5010; x_wconf 92' lang='lat' dir='ltr'>et</span> <span class='ocrx_word' id='word_1_499' title='bbox 939 4943 1244 5016; x_wconf 85' lang='lat' dir='ltr'>diumevitandnm,</span> <span class='ocrx_word' id='word_1_500' title='bbox 1268 4961 1327 5008; x_wconf 89' lang='lat' dir='ltr'>seu</span> <span class='ocrx_word' id='word_1_501' title='bbox 1351 4945 1452 5007; x_wconf 90' lang='lat' dir='ltr'>etiam</span> <span class='ocrx_word' id='word_1_502' title='bbox 1473 4961 1534 5023; x_wconf 92' lang='lat' dir='ltr'>pro</span> <span class='ocrx_word' id='word_1_503' title='bbox 1557 4945 1753 5022; x_wconf 61' lang='lat' dir='ltr'>disciplinax</span> 
     </span>
     <span class='ocr_line' id='line_1_52' title="bbox 101 5037 1734 5123; baseline 0.006 -31"><span class='ocrx_word' id='word_1_504' title='bbox 101 5037 190 5098; x_wconf 82' lang='lat' dir='ltr'>sociis</span> <span class='ocrx_word' id='word_1_505' title='bbox 207 5041 456 5105; x_wconf 89' lang='lat' dir='ltr'>suisadSedem</span> <span class='ocrx_word' id='word_1_506' title='bbox 465 5044 885 5123; x_wconf 79' lang='lat' dir='ltr'>Apostolicaminterposi·</span> <span class='ocrx_word' id='word_1_507' title='bbox 939 5043 1123 5106; x_wconf 88' lang='lat' dir='ltr'>monastica</span> <span class='ocrx_word' id='word_1_508' title='bbox 1150 5043 1241 5104; x_wconf 88' lang='lat' dir='ltr'>circa</span> <span class='ocrx_word' id='word_1_509' title='bbox 1275 5042 1507 5119; x_wconf 87' lang='lat' dir='ltr'>delinquentes</span> <span class='ocrx_word' id='word_1_510' title='bbox 1544 5042 1734 5119; x_wconf 87' lang='lat' dir='ltr'>hujusmodi</span> 
     </span>
     <span class='ocr_line' id='line_1_53' title="bbox 100 5129 1735 5213; baseline 0.007 -24"><span class='ocrx_word' id='word_1_511' title='bbox 100 5129 160 5192; x_wconf 90' lang='lat' dir='ltr'>tam</span> <span class='ocrx_word' id='word_1_512' title='bbox 196 5136 392 5202; x_wconf 83' lang='lat' dir='ltr'>inveneritis</span> <span class='ocrx_word' id='word_1_513' title='bbox 425 5143 641 5213; x_wconf 86' lang='lat' dir='ltr'>attentatum,</span> <span class='ocrx_word' id='word_1_514' title='bbox 685 5144 719 5203; x_wconf 88' lang='lat' dir='ltr'>et</span> <span class='ocrx_word' id='word_1_515' title='bbox 757 5141 884 5205; x_wconf 85' lang='lat' dir='ltr'>tructus</span> <span class='ocrx_word' id='word_1_516' title='bbox 940 5139 1125 5204; x_wconf 82' lang='lat' dir='ltr'>exercenda</span> <span class='ocrx_word' id='word_1_517' title='bbox 1139 5139 1297 5202; x_wconf 85' lang='lat' dir='ltr'>duxerint</span> <span class='ocrx_word' id='word_1_518' title='bbox 1311 5139 1527 5210; x_wconf 83' lang='lat' dir='ltr'>revocandos,</span> <span class='ocrx_word' id='word_1_519' title='bbox 1545 5153 1610 5199; x_wconf 94' lang='lat' dir='ltr'>non</span> <span class='ocrx_word' id='word_1_520' title='bbox 1625 5137 1735 5200; x_wconf 85' lang='lat' dir='ltr'>obsis-</span> 
     </span>
     <span class='ocr_line' id='line_1_54' title="bbox 101 5228 1732 5315; baseline 0.008 -30"><span class='ocrx_word' id='word_1_521' title='bbox 101 5228 199 5292; x_wconf 91' lang='lat' dir='ltr'>medio</span> <span class='ocrx_word' id='word_1_522' title='bbox 223 5236 372 5313; x_wconf 87' lang='lat' dir='ltr'>tempore</span> <span class='ocrx_word' id='word_1_523' title='bbox 397 5239 570 5315; x_wconf 88' lang='lat' dir='ltr'>perceptos</span> <span class='ocrx_word' id='word_1_524' title='bbox 600 5239 707 5300; x_wconf 90' lang='lat' dir='ltr'>eidem</span> <span class='ocrx_word' id='word_1_525' title='bbox 734 5239 885 5301; x_wconf 86' lang='lat' dir='ltr'>ecclesiae</span> <span class='ocrx_word' id='word_1_526' title='bbox 938 5239 1017 5302; x_wconf 84' lang='lat' dir='ltr'>tatis</span> <span class='ocrx_word' id='word_1_527' title='bbox 1041 5237 1177 5309; x_wconf 89' lang='lat' dir='ltr'>eisdem,</span> <span class='ocrx_word' id='word_1_528' title='bbox 1194 5252 1257 5297; x_wconf 91' lang='lat' dir='ltr'>nec</span> <span class='ocrx_word' id='word_1_529' title='bbox 1280 5233 1348 5297; x_wconf 91' lang='lat' dir='ltr'>illis</span> <span class='ocrx_word' id='word_1_530' title='bbox 1373 5235 1522 5296; x_wconf 83' lang='lat' dir='ltr'>levorem</span> <span class='ocrx_word' id='word_1_531' title='bbox 1548 5234 1732 5300; x_wconf 86' lang='lat' dir='ltr'>indebitum</span> 
     </span>
     <span class='ocr_line' id='line_1_55' title="bbox 104 5327 1732 5413; baseline 0.008 -29"><span class='ocrx_word' id='word_1_532' title='bbox 104 5327 222 5391; x_wconf 85' lang='lat' dir='ltr'>restitui</span> <span class='ocrx_word' id='word_1_533' title='bbox 251 5332 420 5406; x_wconf 84' lang='lat' dir='ltr'>iacientes,</span> <span class='ocrx_word' id='word_1_534' title='bbox 451 5351 491 5396; x_wconf 91' lang='lat' dir='ltr'>ac</span> <span class='ocrx_word' id='word_1_535' title='bbox 519 5337 570 5398; x_wconf 90' lang='lat' dir='ltr'>eis</span> <span class='ocrx_word' id='word_1_536' title='bbox 602 5335 659 5413; x_wconf 90' lang='lat' dir='ltr'>qui</span> <span class='ocrx_word' id='word_1_537' title='bbox 689 5335 886 5399; x_wconf 86' lang='lat' dir='ltr'>electionem</span> <span class='ocrx_word' id='word_1_538' title='bbox 939 5335 1148 5413; x_wconf 88' lang='lat' dir='ltr'>impendatis.</span> <span class='ocrx_word' id='word_1_539' title='bbox 1176 5334 1240 5395; x_wconf 86' lang='lat' dir='ltr'>Sed</span> <span class='ocrx_word' id='word_1_540' title='bbox 1259 5332 1583 5409; x_wconf 89' lang='lat' dir='ltr'>instituentes‚prout</span> <span class='ocrx_word' id='word_1_541' title='bbox 1608 5333 1650 5396; x_wconf 89' lang='lat' dir='ltr'>ad</span> <span class='ocrx_word' id='word_1_542' title='bbox 1673 5351 1732 5396; x_wconf 86' lang='lat' dir='ltr'>vos</span> 
     </span>
     <span class='ocr_line' id='line_1_56' title="bbox 102 5416 1732 5511; baseline 0.01 -35"><span class='ocrx_word' id='word_1_543' title='bbox 102 5416 280 5498; x_wconf 88' lang='lat' dir='ltr'>hujusmodi</span> <span class='ocrx_word' id='word_1_544' title='bbox 300 5429 410 5492; x_wconf 87' lang='lat' dir='ltr'>iacere</span> <span class='ocrx_word' id='word_1_545' title='bbox 427 5435 721 5510; x_wconf 80' lang='lat' dir='ltr'>praesumpserunt,</span> <span class='ocrx_word' id='word_1_546' title='bbox 740 5434 885 5510; x_wconf 83' lang='lat' dir='ltr'>eligendi</span> <span class='ocrx_word' id='word_1_547' title='bbox 940 5434 1093 5511; x_wconf 90' lang='lat' dir='ltr'>pertinet,</span> <span class='ocrx_word' id='word_1_548' title='bbox 1110 5433 1143 5493; x_wconf 92' lang='lat' dir='ltr'>in</span> <span class='ocrx_word' id='word_1_549' title='bbox 1160 5431 1241 5507; x_wconf 89' lang='lat' dir='ltr'>ipsis</span> <span class='ocrx_word' id='word_1_550' title='bbox 1257 5429 1409 5490; x_wconf 86' lang='lat' dir='ltr'>ecclesiis</span> <span class='ocrx_word' id='word_1_551' title='bbox 1424 5430 1509 5490; x_wconf 87' lang='lat' dir='ltr'>alios</span> <span class='ocrx_word' id='word_1_552' title='bbox 1528 5431 1621 5492; x_wconf 89' lang='lat' dir='ltr'>vobis</span> <span class='ocrx_word' id='word_1_553' title='bbox 1642 5448 1732 5509; x_wconf 89' lang='lat' dir='ltr'>prae·</span> 
     </span>
     <span class='ocr_line' id='line_1_57' title="bbox 105 5513 1734 5609; baseline 0.012 -37"><span class='ocrx_word' id='word_1_554' title='bbox 105 5513 158 5578; x_wconf 89' lang='lat' dir='ltr'>bac</span> <span class='ocrx_word' id='word_1_555' title='bbox 172 5525 246 5586; x_wconf 77' lang='lat' dir='ltr'>rice</span> <span class='ocrx_word' id='word_1_556' title='bbox 262 5529 424 5603; x_wconf 84' lang='lat' dir='ltr'>potestate</span> <span class='ocrx_word' id='word_1_557' title='bbox 439 5529 588 5609; x_wconf 82' lang='lat' dir='ltr'>privatis,</span> <span class='ocrx_word' id='word_1_558' title='bbox 606 5531 737 5592; x_wconf 84' lang='lat' dir='ltr'>iactatis</span> <span class='ocrx_word' id='word_1_559' title='bbox 752 5531 793 5592; x_wconf 86' lang='lat' dir='ltr'>ab</span> <span class='ocrx_word' id='word_1_560' title='bbox 809 5531 885 5592; x_wconf 89' lang='lat' dir='ltr'>aliis</span> <span class='ocrx_word' id='word_1_561' title='bbox 940 5531 1087 5593; x_wconf 85' lang='lat' dir='ltr'>scutatos</span> <span class='ocrx_word' id='word_1_562' title='bbox 1101 5529 1142 5590; x_wconf 91' lang='lat' dir='ltr'>ab</span> <span class='ocrx_word' id='word_1_563' title='bbox 1157 5527 1250 5604; x_wconf 87' lang='lat' dir='ltr'>ipsis,</span> <span class='ocrx_word' id='word_1_564' title='bbox 1263 5527 1493 5603; x_wconf 89' lang='lat' dir='ltr'>delinquentes</span> <span class='ocrx_word' id='word_1_565' title='bbox 1518 5527 1670 5590; x_wconf 88' lang='lat' dir='ltr'>revocari</span> <span class='ocrx_word' id='word_1_566' title='bbox 1692 5531 1734 5593; x_wconf 87' lang='lat' dir='ltr'>ad</span> 
     </span>
    </p>
   </div>
   <div class='ocr_carea' id='block_1_7' title="bbox 232 5670 1561 5730">
    <p class='ocr_par' dir='ltr' id='par_1_12' title="bbox 232 5670 1561 5730">
     <span class='ocr_line' id='line_1_58' title="bbox 232 5670 1561 5730; baseline 0.002 -8"><span class='ocrx_word' id='word_1_567' title='bbox 232 5681 301 5725; x_wconf 72' lang='lat' dir='ltr'>rara</span> <span class='ocrx_word' id='word_1_568' title='bbox 319 5681 344 5724; x_wconf 80' lang='lat' dir='ltr'>n.</span> <span class='ocrx_word' id='word_1_569' title='bbox 361 5682 434 5725; x_wconf 75' lang='lat' dir='ltr'>rona</span> <span class='ocrx_word' id='word_1_570' title='bbox 447 5671 496 5730; x_wconf 92' lang='lat' dir='ltr'>ill.</span> <span class='ocrx_word' id='word_1_571' title='bbox 1529 5670 1561 5724; x_wconf 81' lang='lat' dir='ltr'>lt</span> 
     </span>
    </p>
   </div>
   <div class='ocr_carea' id='block_1_8' title="bbox 0 0 2001 6304">
    <p class='ocr_par' dir='ltr' id='par_1_13' title="bbox 0 0 2001 6304">
     <span class='ocr_line' id='line_1_59' title="bbox 0 0 2001 6304; baseline 0 0"><span class='ocrx_word' id='word_1_572' title='bbox 0 0 2001 6304; x_wconf 95' lang='lat' dir='ltr'> </span> 
     </span>
    </p>
   </div>
  </div>
 </body>
</html>
