3988 6306
84 329 131 388 225
667 323 896 389 EPISTOLAE.
921 322 998 382 LIB.
1024 323 1079 384 111·
1638 325 1698 383 226

84 504 100 548 a
122 484 248 547 rationis
268 485 401 546 tramite
413 499 492 546 ,non
515 483 717 556 discordant,
733 483 854 546 effectu
908 497 967 559 per
981 481 1235 560 quadriennium
1249 482 1336 545 ultra
1348 482 1526 546 terminum
1538 499 1641 562 usque
1656 485 1697 546 ad

85 585 280 662 prosequente
302 581 479 658 complere.
505 584 697 658 Eapropter,
723 581 854 644 cbaris—
908 596 1005 658 quem
1029 581 1167 641 firmatae
1192 579 1333 652 luerent,
1358 583 1595 659 prorogandas,
1613 583 1700 646 sicut

86 682 192 742 simoin
205 682 333 742 Gbristo
352 681 411 752 lili,
428 681 494 742 tuis
505 681 605 758 justis
621 679 854 758 postulationi·
907 681 973 739 tuae
984 678 1078 738 nobis
1094 679 1212 739 litterae
1228 679 1453 742 declararunt.

85 780 132 840 bus
160 781 250 854 grato
283 780 517 840 concurrentes
552 793 705 850 assensu,
739 779 853 840 villam
948 779 1052 837 Porro
1067 777 1151 854 quod
1173 777 1336 852 scripsisti
1357 779 1389 838 te
1408 780 1699 857 personaliterju-

85 876 366 953 Montispessulani,
392 877 424 938 et
444 876 486 938 de
506 877 597 937 Latis
617 877 650 938 et
666 876 707 938 do
722 877 855 937 Omelar
908 888 985 935 rare
1009 889 1076 934 non
1101 874 1198 942 velle,
1224 890 1297 934 cum
1319 878 1375 934 tua
1400 878 1432 937 et
1458 875 1601 938 liliorum
1622 878 1699 942 dicti

86 978 185 1044 castra,
208 991 281 1036 cum
303 973 455 1034 omnibus
473 974 573 1035 terris
592 975 625 1034 et
644 975 854 1051 pertinentiis
908 971 998 1046 regis
1011 973 1092 1032 aetas
1109 987 1174 1032 nou
1190 971 1363 1048 aequaliter
1376 973 1572 1050 religionem
1586 975 1703 1038 timeat

85 1073 116 1134 ad
132 1072 390 1148 Jurisdictionem
414 1071 580 1147 praedictae
598 1070 688 1132 villae
701 1073 855 1148 spectan-
904 1069 1097 1144 juramenti,
1112 1068 1329 1130 firmationem
1344 1071 1537 1146 treugarum
1552 1072 1700 1149 ipsarum

83 1169 163 1242 tibus,
178 1186 250 1246 qum
263 1169 305 1230 ad
324 1171 357 1230 te
371 1169 585 1230 baeroditario
599 1172 676 1245 jure
688 1170 854 1246 pertinere
908 1165 1011 1240 regiae
1026 1166 1313 1243 circumspectioni
1329 1183 1368 1228 ac
1384 1170 1519 1244 puritati
1539 1171 1703 1248 relinqui-

84 1271 254 1339 noseuntur,
274 1267 360 1326 sicut
370 1281 414 1328 ea
428 1267 539 1328 omnia
554 1269 643 1342 juste
657 1267 807 1342 possides
822 1270 854 1328 et
910 1279 993 1335 mus,
1010 1265 1221 1326 serenitatem
1237 1267 1328 1326 tuam
1343 1267 1498 1342 rogantes
1512 1269 1647 1340 attente,
1662 1286 1702 1332 ac

84 1366 186 1442 quiete,
196 1364 395 1426 auctoritate
409 1364 666 1441 tibiApostolica
677 1363 856 1425 conflrma—
909 1361 944 1421 in
973 1362 1112 1422 Domino
1137 1364 1217 1423 lesu
1243 1363 1390 1436 Christo,
1418 1368 1512 1442 cujus
1539 1382 1634 1428 amor
1659 1367 1701 1428 ad

82 1480 139 1524 mus
150 1463 362 1540 etpraesentis
377 1463 492 1539 scripti
508 1462 694 1538 patrocinio
706 1478 855 1525 commu·
909 1459 1175 1535 prorogationem
1191 1461 1381 1522 earumdem
1400 1462 1590 1538 treugarum
1604 1466 1702 1540 prin-

82 1562 182 1622 uimus.
206 1561 299 1622 Nulli
314 1577 393 1636 ergo
413 1560 547 1622 omnino
563 1559 734 1622 bominum
756 1559 856 1621 liceat
910 1555 1063 1633 cipaliter
1077 1559 1109 1618 te
1133 1556 1275 1627 induxit,
1298 1558 1453 1623 obnixius
1477 1560 1701 1635 obsecrantes

82 1659 151 1718 banc
161 1658 315 1734 paginam
329 1659 452 1720 nostrae
467 1658 729 1720 confirmationis
740 1657 856 1718 inlrin·
910 1654 1072 1729 quatenus
1085 1657 1219 1730 treugas
1234 1655 1322 1730 ipsas
1337 1672 1378 1716 ea
1393 1672 1473 1718 cura
1488 1659 1520 1721 et
1530 1659 1704 1735 diligentia

18 1807 19 1816 ,
82 1771 153 1830 gem,
176 1756 228 1818 rel
253 1757 284 1816 ei
311 1772 396 1817 ausu
410 1757 587 1818 temerario
614 1755 791 1818 contraire.
822 1755 856 1816 Si
911 1751 1044 1812 studeas
1059 1752 1220 1824 stabilire,
1238 1754 1334 1830 quod,
1353 1755 1420 1815 Deo
1439 1759 1585 1829 auctore,
1602 1773 1705 1834 usque

83 1854 139 1928 quis
152 1855 261 1914 autem
275 1853 339 1914 hoc
355 1855 518 1916 attentare
536 1853 794 1930 praesumpserit,
809 1852 857 1912 in·
911 1847 952 1909 ad
967 1850 1145 1910 terminum
1159 1850 1356 1912 destinatum
1372 1853 1571 1916 inconcusse
1586 1857 1618 1918 et
1633 1857 1705 1916 illi-

82 1947 287 2024 dignationem
300 1951 534 2028 omnipotentis
555 1951 614 2012 Dei
636 1951 669 2012 et
684 1950 856 2012 beatorum
910 1945 986 2008 bate
998 1947 1193 2018 consistant,
1202 1963 1263 2008 nec
1279 1948 1345 2008 ullo
1360 1949 1580 2030 temporedici
1591 1954 1703 2028 possit,

83 2049 154 2108 Petri
164 2053 194 2110 et
207 2048 315 2120 Pauli,
333 2048 559 2126 apostolorum
578 2051 661 2124 ejus,
676 2062 713 2108 se
727 2046 857 2108 noverit
911 2044 997 2120 quod
1024 2044 1149 2120 aliquid
1179 2044 1300 2106 lactum
1330 2046 1430 2110 luerit
1457 2049 1618 2124 captiose,
1648 2051 1705 2111 sed

82 2144 285 2208 incursurum.
309 2148 427 2208 Datum
451 2148 564 2208 Romae
588 2144 674 2221 apud
700 2146 856 2206 Sanctum
911 2129 1107 2217 simpliciter
1117 2145 1215 2218 atque
1230 2158 1322 2218 pure.
1338 2146 1407 2206 Hoc
1419 2149 1529 2207 autem
1542 2163 1607 2206 non
1621 2148 1707 2208 dicr-

82 2244 205 2315 Petrum,
236 2246 282 2304 Vl
301 2244 375 2304 idus
398 2243 490 2314 maii,
515 2241 727 2320 pontificatus
751 2242 857 2302 nostri
911 2255 995 2308 mus,
1012 2239 1098 2316 quod
1117 2240 1157 2300 de
1176 2241 1233 2302 tua
1248 2241 1438 2304 sinceritate
1457 2243 1547 2304 aliud
1575 2245 1705 2320 cogite-

82 2353 152 2402 anno
165 2341 278 2402 tertio.
912 2353 995 2409 mus,
1007 2338 1063 2400 sed
1080 2339 1115 2398 ut
1129 2337 1307 2399 reddamus
1322 2341 1354 2400 te
1366 2340 1546 2402 sollicitum
1557 2331 1708 2404 etatten-

388 2478 538 2570 CCXVI
914 2436 992 2506 tum,
1005 2451 1047 2496 ne
1065 2451 1124 2511 per
1139 2435 1215 2496 illos
1228 2437 1285 2512 qui
1299 2436 1428 2498 litteras
1444 2438 1589 2500 scribent
1605 2455 1705 2514 super

913 2533 975 2594 boc
996 2532 1176 2604 taciendam,
1202 2533 1303 2594 verba
1322 2538 1489 2610 ponantur
1503 2536 1657 2611 ambigua
1673 2540 1706 2600 et

138 2619 185 2676 Ad
201 2619 402 2692 Philippum
419 2621 638 2678 Francorum
653 2629 781 2692 retem·
912 2629 1054 2706 alicuius
1062 2630 1416 2709 versutiaaduplicitate
1424 2634 1577 2695 notanda.
1588 2637 1706 2695 Datum

347 2739 380 2794 ιο
398 2739 466 2794 mari
481 2737 560 2796 1219.
913 2729 1038 2800 Romae,
1055 2728 1141 2804 apud
1152 2729 1307 2790 Sanctum
1317 2731 1513 2802 Petrum,Vl
1523 2731 1598 2792 idus
1611 2733 1704 2803 maii,

82 2848 194 2915 [nque.
208 2852 313 2904 senaar
328 2853 371 2902 aes
385 2853 488 2911 atina,
503 2857 522 2900 r.
541 2853 609 2910 xix,
629 2865 654 2915 p.
674 2850 730 2901 aas.
750 2852 857 2914 aegest„
913 2826 1123 2902 i1011lifi⁰³l¹1⁸
1137 2826 1243 2888 nostri
1255 2842 1343 2888 anno
1358 2827 1466 2890 tertio.

323 2931 369 2982 lib.
380 2933 422 2990 111,
434 2932 508 2996 epist.
518 2930 587 2996 443]

82 3037 170 3110 trega
185 3038 317 3110 Philippo
332 3039 482 3110 impetrata
493 3037 650 3110 proliberls
664 3038 792 3105 loannis,
805 3038 860 3096 An·
1225 2997 1398 3085 CCXVII

109 3127 165 3198 gite
177 3129 267 3200 regis,
284 3126 462 3184 induciarum
475 3127 676 3200 prorogatione
687 3125 722 3183 ad
738 3133 860 3198 quatuor
953 3131 1005 3192 Ad
1018 3131 1222 3204 episcopum,
1244 3135 1416 3193 decertum
1436 3132 1468 3194 et
1490 3134 1668 3196 cantorem

107 3229 197 3282 annos
210 3215 241 3272 ld
262 3223 377 3288 gratum
404 3214 489 3272 babet
511 3215 664 3284 Honorius,
685 3229 858 3286 quamquam
1212 3233 1405 3292 ppeoengeg

107 3305 330 3378 prorogationem
342 3303 473 3360 eamdem
487 3319 535 3360 rex
548 3302 712 3376 juramento
726 3319 778 3361 suo
793 3319 856 3378 per·
1190 3344 1221 3399 fl
1253 3343 1321 3400 maii
1352 3345 1431 3402 1219·

108 3394 236 3451 ⁸⁰f¹³¹¹10r
251 3393 365 3450 firmare
378 3393 509 3450 ¹¹⁰¹¹fflf¹⁸·
930 3449 1067 3514 qnodque,
1078 3449 1135 3500 aea.
1147 3449 1273 3506 desiliat,
1283 3455 1303 3501 t.
1316 3451 1384 3509 xix,
1394 3449 1455 3513 aaa
1468 3451 1576 3516 aegea,
1587 3453 1631 3504 ru.
1644 3453 1687 3514 nr,

111 3511 778 3588 Honoriusepiscopus,servusservorum
788 3510 857 3578 Dei,
1233 3529 1387 3595 opistttt]

81 3608 236 3670 c&18811110
257 3609 293 3668 in
309 3609 439 3670 ChriStO
455 3607 524 3669 ffli⁰
542 3607 861 3682 1²0⁸t1'01'081F1‘211·
914 3627 1121 3685 Dissidentibus
1145 3627 1232 3685 studii
1259 3630 1427 3686 Parisiensis
1452 3629 1615 3690 doctoribus
1642 3647 1708 3689 cum

82 3719 175 3766 mrum
193 3706 331 3776 illustri,
350 3705 492 3767 salutem
515 3708 549 3767 et
564 3705 782 3782 apostolicam
796 3704 859 3767 be·
948 3717 1120 3774 cancellario
1143 3717 1311 3774 parisiensis
1324 3717 1463 3788 ecclesie,
1487 3721 1536 3791 qui
1556 3721 1709 3792 magistros

82 3802 297 3864 sedictionem.
949 3819 1050 3862 omues
1064 3813 1093 3862 ct
1112 3803 1259 3862 scholares
1274 3809 1579 3866 exeommunicationle
1595 3809 1709 3867 vinculo

111 3901 180 3972 neo,
196 3901 234 3961 in
249 3903 345 3977 cujus
360 3899 437 3960 sunt
446 3898 600 3960 manibus
615 3899 715 3962 corda
730 3915 857 3976 regum,
899 3956 903 3964 ,
950 3893 1117 3966 perculerat,
1140 3893 1257 3951 mandat
1278 3895 1421 3952 Honorius
1444 3903 1475 3953 ut
1496 3911 1512 3953 a
1536 3898 1708 3956 cancellario
1729 3939 1733 3946 .

82 3997 106 4056 et
116 3997 173 4058 tuae
187 3997 385 4060 celsitudini
401 3997 521 4058 multas
536 3997 720 4073 gratiarum
741 3997 860 4060 releri·
949 3983 1005 4040 ¹⁸³
1015 3982 1156 4040 flemessssfl
1168 3983 1245 4040 “fill
1258 3982 1316 4040 ssat.

82 4107 139 4154 nus
158 4097 319 4167 actiones,
340 4096 425 4171 quod
442 4095 563 4155 fiducia
588 4111 686 4172 quam
701 4111 721 4156 a
737 4097 859 4158 nostrae
953 4091 1119 4154 Honorius
1132 4091 1623 4168 episcopus,sorvusserrorum
1634 4097 1705 4166 Dei,

83 4194 281 4262 promotionis
307 4192 471 4269 principio
500 4192 540 4253 de
568 4197 634 4254 tuae
669 4193 859 4254 serenitatis
913 4189 1097 4252 venerabili
1112 4188 1208 4252 fratri
1229 4192 1360 4252 Herreo
1374 4191 1541 4269 episcopo,
1557 4197 1591 4256 et
1604 4193 1709 4256 dilec-

82 4285 236 4352 derotione
246 4289 436 4362 babuimus,
446 4305 508 4350 nos
522 4289 636 4366 utique
648 4305 716 4352 non
729 4289 857 4362 fefellit,
913 4287 956 4348 tis
970 4286 1048 4348 tiliis
1063 4286 1189 4350 decano
1204 4288 1413 4364 Stephanoet
1422 4289 1550 4351 cantori
1560 4292 1707 4352 Trecen-

83 4385 126 4444 sed
148 4387 376 4464 multipliciter
401 4389 453 4448 est
485 4389 619 4449 tuorum
651 4387 859 4449 exhibitione
914 4383 1016 4456 sibus,
1033 4385 1175 4446 salutem
1201 4383 1235 4444 et
1262 4385 1479 4461 apostolicam
1502 4384 1708 4452 benedictio-

83 4495 197 4556 operum
212 4485 389 4560 roborata3
403 4485 634 4562 propterquod
647 4485 706 4546 illa
719 4485 858 4546 sincerae
914 4498 999 4544 nem.

83 4577 251 4644 dilectionis
262 4582 405 4654 affectio,
420 4581 568 4659 quemad
584 4585 858 4658 personamtuam
954 4580 990 4641 Si
1017 4578 1189 4640 doctorum
1212 4580 1245 4640 et
1267 4579 1505 4657 discipulorum
1532 4584 1708 4646 Parisien-

84 4671 240 4738 babuimus
251 4677 352 4738 etiam
366 4677 402 4738 in
412 4675 535 4738 minori
556 4673 664 4739 offlcio
675 4676 857 4749 constituti,
913 4677 1000 4738 sium
1014 4676 1217 4736 universitas
1234 4678 1407 4754 perspicue
1425 4679 1473 4742 ric
1485 4682 1633 4756 graviter
1647 4699 1708 4744 ex·

84 4774 180 4836 nerito
188 4775 230 4836 de
244 4775 300 4835 die
309 4775 344 4834 in
355 4774 442 4836 diem
455 4773 596 4850 suscipit
605 4774 857 4835 incrementum.
913 4773 1078 4845 cessisset,
1096 4775 1260 4834 uteorum
1282 4775 1380 4852 culpa
1401 4791 1463 4837 nec
1482 4779 1615 4856 palliari
1629 4795 1708 4856 pos-

85 4867 156 4931 lntar
172 4873 293 4934 caetera
313 4887 404 4943 rero,
426 4887 500 4948 quae
523 4870 563 4932 ad
592 4883 708 4947 preces
727 4873 859 4932 nostras
914 4871 974 4942 set,
992 4884 1054 4931 nec
1077 4869 1240 4946 impunita
1259 4871 1414 4950 relinqui,
1430 4875 1532 4936 tantae
1549 4877 1659 4938 muron
1674 4880 1709 4937 et

85 4963 255 5043 frequenter
268 4968 349 5030 lecit
369 4971 427 5030 tua
446 4969 621 5036 serenitas,
644 4967 728 5029 nibil
753 4967 859 5044 magis
913 4971 981 5028 tam
993 4965 1177 5028 venerabili
1192 4967 1397 5031 multitudini
1416 4971 1584 5034 decuisset
1596 4972 1632 5032 in
1645 4972 1708 5033 boc

85 5067 235 5134 rmmnter
256 5067 456 5142 accepimus,
477 5081 577 5143 quam
601 5065 687 5142 quod
711 5066 753 5126 ad
777 5081 858 5142 pre·
914 5065 1032 5126 saltem
1046 5064 1179 5136 deterri,
1196 5067 1232 5127 ut
1246 5067 1287 5128 ad
1312 5082 1443 5143 poenam
1462 5085 1529 5130 non
1544 5069 1706 5144 procede-

85 5173 143 5222 cuur
166 5166 354 5226 nostrarum
377 5163 580 5234 instantiam,
603 5165 715 5224 Terrae
729 5164 859 5224 Sanctae
914 5161 1006 5223 retur
1026 5162 1185 5238 ipsorum,
1208 5163 1274 5226 nisi
1297 5165 1496 5241 Apostolicaa
1522 5165 1616 5226 Sedis
1630 5179 1710 5226 sen-

85 5261 317 5324 tecessitatibus
332 5261 367 5323 et
376 5261 510 5335 negotio
521 5260 762 5336 albigensium,
773 5260 860 5321 sicut
914 5259 1017 5320 tentia
1039 5259 1211 5336 requisita.
1236 5261 1299 5322 Sed
1319 5262 1439 5323 vicarii
1461 5277 1520 5322 reu
1548 5277 1710 5338 procura-

85 5353 273 5422 clementiam
287 5360 378 5420 tuam
390 5357 512 5430 docuit,
529 5357 584 5434 pia
600 5359 633 5419 et
646 5356 784 5432 provida
794 5373 860 5418 me-
915 5358 1003 5418 teres
1028 5357 1229 5418 venerabilis
1252 5357 1364 5418 fratris
1387 5358 1493 5418 nostri
1508 5358 1709 5422 parisiensis

86 5448 224 5516 ditatione
239 5455 398 5532 pensatis,
414 5456 550 5530 treugas
566 5453 645 5514 olim
664 5453 752 5514 inter
775 5455 807 5514 te
820 5469 860 5514 ac
915 5453 1062 5530 episcopi
1078 5453 1184 5532 (Petri
1199 5454 1239 5515 de
1259 5451 1442 5532 Nemesio),
1459 5467 1499 5514 ac
1520 5457 1711 5532 specialiter

86 5548 167 5612 clara
192 5553 360 5614 memoriae
384 5551 570 5613 tobannem
594 5565 706 5626 regem
731 5550 859 5626 Angliae
914 5550 1136 5612 cancellarius
1160 5550 1372 5621 Parisiensis,
1387 5551 1443 5628 qui
1469 5568 1555 5612 rinus
1577 5552 1708 5614 illorum

88 5641 168 5707 irritas
182 5649 305 5712 duxisti
328 5649 520 5726 specialiter
536 5664 594 5726 pro
619 5647 730 5708 divino
746 5661 859 5708 amore
914 5648 1039 5718 existit,
1054 5647 1116 5708 boc
1132 5663 1338 5724 nequaquam
1355 5651 1389 5708 ut
1411 5648 1521 5710 decuit
1536 5649 1711 5710 attenden-

194 5805 305 5846 mrnor..
325 5802 399 5846 roua
415 5790 463 5846 lll.
1210 5795 1215 5808 ·
1521 5789 1537 5843 8
