<?xml version="1.0" encoding="UTF-8"?>
<!DOCTYPE html PUBLIC "-//W3C//DTD XHTML 1.0 Transitional//EN"
    "http://www.w3.org/TR/xhtml1/DTD/xhtml1-transitional.dtd">
<html xmlns="http://www.w3.org/1999/xhtml" xml:lang="en" lang="en">
 <head>
  <title>
</title>
<meta http-equiv="Content-Type" content="text/html;charset=utf-8" />
  <meta name='ocr-system' content='tesseract 3.04.00' />
  <meta name='ocr-capabilities' content='ocr_page ocr_carea ocr_par ocr_line ocrx_word'/>
</head>
<body>
  <div class='ocr_page' id='page_1' title='image "./mediiaevibiblio01bottgoog_0316.png"; bbox 0 0 3946 6304; ppageno 0'>
   <div class='ocr_carea' id='block_1_1' title="bbox 39 349 1662 415">
    <p class='ocr_par' dir='ltr' id='par_1_1' title="bbox 39 349 1662 415">
     <span class='ocr_line' id='line_1_1' title="bbox 39 349 1662 415; baseline 0.002 -3"><span class='ocrx_word' id='word_1_1' title='bbox 39 353 88 412; x_wconf 79' lang='lat'><strong>605</strong></span> <span class='ocrx_word' id='word_1_2' title='bbox 643 349 872 410; x_wconf 79' lang='lat' dir='ltr'><strong>EPISTOLAE.</strong></span> <span class='ocrx_word' id='word_1_3' title='bbox 897 351 973 410; x_wconf 90' lang='lat' dir='ltr'><strong>LIB.</strong></span> <span class='ocrx_word' id='word_1_4' title='bbox 997 351 1036 413; x_wconf 88' lang='lat' dir='ltr'><strong>V.</strong></span> <span class='ocrx_word' id='word_1_5' title='bbox 1601 351 1662 415; x_wconf 81' lang='grc'><strong>606</strong></span> 
     </span>
    </p>
   </div>
   <div class='ocr_carea' id='block_1_2' title="bbox 40 505 1664 1561">
    <p class='ocr_par' dir='ltr' id='par_1_2' title="bbox 40 505 1664 978">
     <span class='ocr_line' id='line_1_2' title="bbox 40 505 1663 586; baseline 0 -14"><span class='ocrx_word' id='word_1_6' title='bbox 40 514 100 574; x_wconf 82' lang='lat' dir='ltr'><strong>licre</strong></span> <span class='ocrx_word' id='word_1_7' title='bbox 123 505 369 580; x_wconf 75' lang='lat' dir='ltr'>benedictionis,</span> <span class='ocrx_word' id='word_1_8' title='bbox 391 524 465 586; x_wconf 81' lang='lat' dir='ltr'><strong>ques</strong></span> <span class='ocrx_word' id='word_1_9' title='bbox 481 507 576 569; x_wconf 82' lang='lat' dir='ltr'><strong>vobis</strong></span> <span class='ocrx_word' id='word_1_10' title='bbox 601 509 728 570; x_wconf 90' lang='lat' dir='ltr'><strong>indulta</strong></span> <span class='ocrx_word' id='word_1_11' title='bbox 751 509 812 581; x_wconf 91' lang='lat' dir='ltr'><strong>est,</strong></span> <span class='ocrx_word' id='word_1_12' title='bbox 908 509 1027 570; x_wconf 88' lang='lat' dir='ltr'><strong>Datum</strong></span> <span class='ocrx_word' id='word_1_13' title='bbox 1061 511 1218 570; x_wconf 87' lang='lat' dir='ltr'><strong>Laterani</strong></span> <span class='ocrx_word' id='word_1_14' title='bbox 1249 523 1309 586; x_wconf 89' lang='lat' dir='ltr'><strong>per</strong></span> <span class='ocrx_word' id='word_1_15' title='bbox 1336 525 1470 570; x_wconf 91' lang='lat' dir='ltr'><strong>manum</strong></span> <span class='ocrx_word' id='word_1_16' title='bbox 1502 509 1663 572; x_wconf 80' lang='lat' dir='ltr'><strong>willelmi</strong></span> 
     </span>
     <span class='ocr_line' id='line_1_3' title="bbox 40 606 1661 684; baseline -0.002 -12"><span class='ocrx_word' id='word_1_17' title='bbox 40 613 94 672; x_wconf 86' lang='lat' dir='ltr'><strong>taur</strong></span> <span class='ocrx_word' id='word_1_18' title='bbox 112 606 266 668; x_wconf 78' lang='lat' dir='ltr'><strong>familiam</strong></span> <span class='ocrx_word' id='word_1_19' title='bbox 287 606 432 668; x_wconf 85' lang='lat' dir='ltr'><strong>vestram</strong></span> <span class='ocrx_word' id='word_1_20' title='bbox 448 621 547 684; x_wconf 72' lang='lat' dir='ltr'><strong>quam</strong></span> <span class='ocrx_word' id='word_1_21' title='bbox 564 607 695 668; x_wconf 77' lang='lat' dir='ltr'><strong>vestros</strong></span> <span class='ocrx_word' id='word_1_22' title='bbox 710 607 816 682; x_wconf 86' lang='lat' dir='ltr'><strong>parti-</strong></span> <span class='ocrx_word' id='word_1_23' title='bbox 869 608 992 668; x_wconf 88' lang='lat' dir='ltr'><strong>sanctae</strong></span> <span class='ocrx_word' id='word_1_24' title='bbox 1019 609 1178 669; x_wconf 87' lang='lat' dir='ltr'><strong>Romanae</strong></span> <span class='ocrx_word' id='word_1_25' title='bbox 1202 606 1358 670; x_wconf 85' lang='lat' dir='ltr'><strong>Ecclesiae</strong></span> <span class='ocrx_word' id='word_1_26' title='bbox 1382 607 1661 680; x_wconf 81' lang='lat' dir='ltr'><strong>vicecancellarii,</strong></span> 
     </span>
     <span class='ocr_line' id='line_1_4' title="bbox 41 702 1662 782; baseline -0.001 -14"><span class='ocrx_word' id='word_1_27' title='bbox 41 708 115 781; x_wconf 88' lang='lat' dir='ltr'><strong>cipes</strong></span> <span class='ocrx_word' id='word_1_28' title='bbox 129 719 199 766; x_wconf 86' lang='lat' dir='ltr'><strong>esse</strong></span> <span class='ocrx_word' id='word_1_29' title='bbox 221 703 374 765; x_wconf 77' lang='lat' dir='ltr'><strong>volumus</strong></span> <span class='ocrx_word' id='word_1_30' title='bbox 399 704 592 766; x_wconf 73' lang='lat' dir='ltr'>servientes.</span> <span class='ocrx_word' id='word_1_31' title='bbox 619 702 712 764; x_wconf 89' lang='lat' dir='ltr'><strong>Nulli</strong></span> <span class='ocrx_word' id='word_1_32' title='bbox 735 719 815 778; x_wconf 89' lang='lat' dir='ltr'><strong>ergo</strong></span> <span class='ocrx_word' id='word_1_33' title='bbox 869 706 974 765; x_wconf 84' lang='lat' dir='ltr'><strong>xviii</strong></span> <span class='ocrx_word' id='word_1_34' title='bbox 989 703 1056 765; x_wconf 89' lang='lat' dir='ltr'><strong>kal.</strong></span> <span class='ocrx_word' id='word_1_35' title='bbox 1075 705 1236 782; x_wconf 86' lang='lat' dir='ltr'><strong>januarii,</strong></span> <span class='ocrx_word' id='word_1_36' title='bbox 1259 703 1515 775; x_wconf 67' lang='lat' dir='ltr'><strong>indictionalis,</strong></span> <span class='ocrx_word' id='word_1_37' title='bbox 1544 707 1662 767; x_wconf 89' lang='lat' dir='ltr'><strong>Incar-</strong></span> 
     </span>
     <span class='ocr_line' id='line_1_5' title="bbox 41 799 1664 879; baseline -0.001 -15"><span class='ocrx_word' id='word_1_38' title='bbox 41 802 158 864; x_wconf 87' lang='lat' dir='ltr'><strong>omnino</strong></span> <span class='ocrx_word' id='word_1_39' title='bbox 176 799 346 866; x_wconf 85' lang='lat' dir='ltr'><strong>bominum</strong></span> <span class='ocrx_word' id='word_1_40' title='bbox 368 801 468 864; x_wconf 88' lang='lat' dir='ltr'><strong>liceat</strong></span> <span class='ocrx_word' id='word_1_41' title='bbox 488 801 682 878; x_wconf 74' lang='lat' dir='ltr'><strong>pradictum</strong></span> <span class='ocrx_word' id='word_1_42' title='bbox 707 801 815 862; x_wconf 91' lang='lat' dir='ltr'><strong>iocum</strong></span> <span class='ocrx_word' id='word_1_43' title='bbox 871 802 1015 862; x_wconf 90' lang='lat' dir='ltr'><strong>nationis</strong></span> <span class='ocrx_word' id='word_1_44' title='bbox 1035 802 1215 864; x_wconf 86' lang='lat' dir='ltr'><strong>Dominicae</strong></span> <span class='ocrx_word' id='word_1_45' title='bbox 1235 803 1429 874; x_wconf 81' lang='lat' dir='ltr'><strong>ann01220,</strong></span> <span class='ocrx_word' id='word_1_46' title='bbox 1454 802 1664 879; x_wconf 84' lang='lat' dir='ltr'><strong>pontificatus</strong></span> 
     </span>
     <span class='ocr_line' id='line_1_6' title="bbox 41 897 1564 978; baseline -0.002 -16"><span class='ocrx_word' id='word_1_47' title='bbox 41 905 147 962; x_wconf 90' lang='lat' dir='ltr'><strong>tenere</strong></span> <span class='ocrx_word' id='word_1_48' title='bbox 158 897 353 974; x_wconf 84' lang='lat' dir='ltr'><strong>perturbare</strong></span> <span class='ocrx_word' id='word_1_49' title='bbox 367 901 426 960; x_wconf 88' lang='lat' dir='ltr'><strong>eut</strong></span> <span class='ocrx_word' id='word_1_50' title='bbox 435 902 506 975; x_wconf 89' lang='lat' dir='ltr'><strong>ejus</strong></span> <span class='ocrx_word' id='word_1_51' title='bbox 520 897 748 976; x_wconf 91' lang='lat' dir='ltr'><strong>possessiones</strong></span> <span class='ocrx_word' id='word_1_52' title='bbox 760 913 817 959; x_wconf 87' lang='lat' dir='ltr'><strong>au·</strong></span> <span class='ocrx_word' id='word_1_53' title='bbox 871 899 995 961; x_wconf 90' lang='lat' dir='ltr'><strong>domini</strong></span> <span class='ocrx_word' id='word_1_54' title='bbox 1012 899 1150 960; x_wconf 90' lang='lat' dir='ltr'><strong>Honorii</strong></span> <span class='ocrx_word' id='word_1_55' title='bbox 1165 913 1259 978; x_wconf 87' lang='lat' dir='ltr'><strong>papae</strong></span> <span class='ocrx_word' id='word_1_56' title='bbox 1274 901 1319 960; x_wconf 92' lang='lat' dir='ltr'><strong>III</strong></span> <span class='ocrx_word' id='word_1_57' title='bbox 1336 915 1422 960; x_wconf 91' lang='lat' dir='ltr'><strong>anno</strong></span> <span class='ocrx_word' id='word_1_58' title='bbox 1438 899 1564 976; x_wconf 86' lang='lat' dir='ltr'><strong>quinto.</strong></span> 
     </span>
    </p>

    <p class='ocr_par' dir='ltr' id='par_1_3' title="bbox 43 995 817 1069">
     <span class='ocr_line' id='line_1_7' title="bbox 43 995 817 1069; baseline -0.004 -11"><span class='ocrx_word' id='word_1_59' title='bbox 43 998 114 1058; x_wconf 87' lang='lat' dir='ltr'><strong>lerre</strong></span> <span class='ocrx_word' id='word_1_60' title='bbox 133 995 184 1060; x_wconf 88' lang='lat' dir='ltr'><strong>vel</strong></span> <span class='ocrx_word' id='word_1_61' title='bbox 205 995 333 1059; x_wconf 85' lang='lat' dir='ltr'><strong>ablatas</strong></span> <span class='ocrx_word' id='word_1_62' title='bbox 356 997 513 1069; x_wconf 86' lang='lat' dir='ltr'><strong>retinere,</strong></span> <span class='ocrx_word' id='word_1_63' title='bbox 537 997 733 1061; x_wconf 83' lang='lat' dir='ltr'><strong>imminuere</strong></span> <span class='ocrx_word' id='word_1_64' title='bbox 758 1010 817 1056; x_wconf 90' lang='lat' dir='ltr'><strong>seu</strong></span> 
     </span>
    </p>

    <p class='ocr_par' dir='ltr' id='par_1_4' title="bbox 42 1092 1005 1172">
     <span class='ocr_line' id='line_1_8' title="bbox 42 1092 1005 1172; baseline -0.003 -16"><span class='ocrx_word' id='word_1_65' title='bbox 42 1093 225 1172; x_wconf 73' lang='lat' dir='ltr'><strong>quibuslibet</strong></span> <span class='ocrx_word' id='word_1_66' title='bbox 237 1092 473 1156; x_wconf 80' lang='lat' dir='ltr'><strong>vexationibus</strong></span> <span class='ocrx_word' id='word_1_67' title='bbox 492 1093 643 1170; x_wconf 81' lang='lat' dir='ltr'><strong>fatigare,</strong></span> <span class='ocrx_word' id='word_1_68' title='bbox 665 1094 723 1154; x_wconf 91' lang='lat' dir='ltr'><strong>sed</strong></span> <span class='ocrx_word' id='word_1_69' title='bbox 746 1107 820 1154; x_wconf 91' lang='lat' dir='ltr'><strong>om·</strong></span> <span class='ocrx_word' id='word_1_70' title='bbox 1002 1135 1005 1141; x_wconf 87' lang='lat'>-</span> 
     </span>
    </p>

    <p class='ocr_par' dir='ltr' id='par_1_5' title="bbox 45 1167 1351 1268">
     <span class='ocr_line' id='line_1_9' title="bbox 45 1167 1351 1268; baseline 0.001 -16"><span class='ocrx_word' id='word_1_71' title='bbox 45 1193 90 1254; x_wconf 86' lang='lat' dir='ltr'><strong>nia</strong></span> <span class='ocrx_word' id='word_1_72' title='bbox 103 1191 227 1266; x_wconf 84' lang='lat' dir='ltr'><strong>integra</strong></span> <span class='ocrx_word' id='word_1_73' title='bbox 242 1193 482 1254; x_wconf 88' lang='lat' dir='ltr'><strong>conserventur</strong></span> <span class='ocrx_word' id='word_1_74' title='bbox 496 1191 615 1254; x_wconf 86' lang='lat' dir='ltr'><strong>vestris</strong></span> <span class='ocrx_word' id='word_1_75' title='bbox 628 1193 727 1268; x_wconf 87' lang='lat' dir='ltr'><strong>atque</strong></span> <span class='ocrx_word' id='word_1_76' title='bbox 739 1190 820 1252; x_wconf 87' lang='lat' dir='ltr'><strong>alio·</strong></span> <span class='ocrx_word' id='word_1_77' title='bbox 1197 1167 1351 1255; x_wconf 78' lang='lat' dir='ltr'>CXLIV</span> 
     </span>
    </p>

    <p class='ocr_par' dir='ltr' id='par_1_6' title="bbox 43 1287 1291 1561">
     <span class='ocr_line' id='line_1_10' title="bbox 43 1287 1291 1365; baseline -0.002 -15"><span class='ocrx_word' id='word_1_78' title='bbox 43 1305 103 1350; x_wconf 88' lang='lat' dir='ltr'><strong>run</strong></span> <span class='ocrx_word' id='word_1_79' title='bbox 117 1289 172 1350; x_wconf 88' lang='lat' dir='ltr'><strong>Dei</strong></span> <span class='ocrx_word' id='word_1_80' title='bbox 186 1287 333 1352; x_wconf 80' lang='lat' dir='ltr'><strong>fidelium</strong></span> <span class='ocrx_word' id='word_1_81' title='bbox 353 1289 468 1350; x_wconf 85' lang='lat' dir='ltr'><strong>usibus</strong></span> <span class='ocrx_word' id='word_1_82' title='bbox 486 1289 684 1350; x_wconf 89' lang='lat' dir='ltr'><strong>omnimodis</strong></span> <span class='ocrx_word' id='word_1_83' title='bbox 699 1288 818 1365; x_wconf 89' lang='lat' dir='ltr'><strong>proin·</strong></span> <span class='ocrx_word' id='word_1_84' title='bbox 1290 1287 1291 1292; x_wconf 77' lang='grc'>’</span> 
     </span>
     <span class='ocr_line' id='line_1_11' title="bbox 43 1385 820 1463; baseline -0.003 -15"><span class='ocrx_word' id='word_1_85' title='bbox 43 1389 114 1456; x_wconf 87' lang='lat' dir='ltr'><strong>tura,</strong></span> <span class='ocrx_word' id='word_1_86' title='bbox 141 1385 233 1447; x_wconf 87' lang='lat' dir='ltr'><strong>salva</strong></span> <span class='ocrx_word' id='word_1_87' title='bbox 257 1385 293 1448; x_wconf 90' lang='lat' dir='ltr'><strong>in</strong></span> <span class='ocrx_word' id='word_1_88' title='bbox 319 1385 471 1448; x_wconf 88' lang='lat' dir='ltr'><strong>omnibus</strong></span> <span class='ocrx_word' id='word_1_89' title='bbox 496 1385 697 1463; x_wconf 77' lang='lat' dir='ltr'><strong>spostolicae</strong></span> <span class='ocrx_word' id='word_1_90' title='bbox 724 1385 820 1448; x_wconf 84' lang='lat' dir='ltr'><strong>Sedis</strong></span> 
     </span>
     <span class='ocr_line' id='line_1_12' title="bbox 45 1483 820 1561; baseline 0.001 -17"><span class='ocrx_word' id='word_1_91' title='bbox 45 1483 233 1550; x_wconf 66' lang='lat' dir='ltr'><strong>absentare</strong></span> <span class='ocrx_word' id='word_1_92' title='bbox 265 1483 303 1548; x_wconf 78' lang='lat' dir='ltr'><strong>si</strong></span> <span class='ocrx_word' id='word_1_93' title='bbox 336 1485 409 1561; x_wconf 88' lang='lat' dir='ltr'><strong>quis</strong></span> <span class='ocrx_word' id='word_1_94' title='bbox 440 1483 543 1560; x_wconf 87' lang='lat' dir='ltr'><strong>igitur</strong></span> <span class='ocrx_word' id='word_1_95' title='bbox 575 1483 674 1561; x_wconf 88' lang='lat' dir='ltr'><strong>hujus</strong></span> <span class='ocrx_word' id='word_1_96' title='bbox 698 1485 820 1545; x_wconf 87' lang='lat' dir='ltr'><strong>nostrae</strong></span> 
     </span>
    </p>
   </div>
   <div class='ocr_carea' id='block_1_3' title="bbox 873 1319 1671 1592">
    <p class='ocr_par' dir='ltr' id='par_1_7' title="bbox 873 1319 1671 1592">
     <span class='ocr_line' id='line_1_13' title="bbox 873 1319 1669 1399; baseline -0.001 -18"><span class='ocrx_word' id='word_1_97' title='bbox 873 1323 926 1382; x_wconf 86' lang='lat' dir='ltr'><strong>Act</strong></span> <span class='ocrx_word' id='word_1_98' title='bbox 937 1323 1220 1399; x_wconf 69' lang='lat' dir='ltr'><strong>archiepiscopos</strong></span> <span class='ocrx_word' id='word_1_99' title='bbox 1229 1319 1669 1395; x_wconf 69' lang='lat' dir='ltr'><strong>episeoposaccatesprto-</strong></span> 
     </span>
     <span class='ocr_line' id='line_1_14' title="bbox 915 1419 1671 1492; baseline 0.005 -12"><span class='ocrx_word' id='word_1_100' title='bbox 915 1434 986 1492; x_wconf 82' lang='lat' dir='ltr'><strong>res,</strong></span> <span class='ocrx_word' id='word_1_101' title='bbox 1006 1419 1265 1481; x_wconf 70' lang='lat' dir='ltr'><strong>archidiaconos</strong></span> <span class='ocrx_word' id='word_1_102' title='bbox 1289 1419 1428 1481; x_wconf 77' lang='lat' dir='ltr'><strong>stultos</strong></span> <span class='ocrx_word' id='word_1_103' title='bbox 1450 1419 1671 1484; x_wconf 79' lang='lat' dir='ltr'><strong>ecclesiarum</strong></span> 
     </span>
     <span class='ocr_line' id='line_1_15' title="bbox 915 1515 1572 1592; baseline -0.005 -16"><span class='ocrx_word' id='word_1_104' title='bbox 915 1515 1089 1592; x_wconf 71' lang='lat' dir='ltr'><strong>prietates.</strong></span> <span class='ocrx_word' id='word_1_105' title='bbox 1569 1535 1572 1542; x_wconf 92' lang='lat'>·</span> 
     </span>
    </p>
   </div>
   <div class='ocr_carea' id='block_1_4' title="bbox 45 1580 1412 1668">
    <p class='ocr_par' dir='ltr' id='par_1_8' title="bbox 45 1580 1412 1668">
     <span class='ocr_line' id='line_1_16' title="bbox 45 1580 1412 1668; baseline 0.007 -24"><span class='ocrx_word' id='word_1_106' title='bbox 45 1580 271 1644; x_wconf 85' lang='lat' dir='ltr'><strong>constitutionis</strong></span> <span class='ocrx_word' id='word_1_107' title='bbox 297 1581 453 1658; x_wconf 78' lang='lat' dir='ltr'><strong>peginam</strong></span> <span class='ocrx_word' id='word_1_108' title='bbox 477 1582 587 1644; x_wconf 89' lang='lat' dir='ltr'><strong>sciens</strong></span> <span class='ocrx_word' id='word_1_109' title='bbox 609 1582 723 1648; x_wconf 87' lang='lat' dir='ltr'><strong>contra</strong></span> <span class='ocrx_word' id='word_1_110' title='bbox 747 1597 820 1644; x_wconf 87' lang='lat' dir='ltr'><strong>cam</strong></span> <span class='ocrx_word' id='word_1_111' title='bbox 1137 1611 1171 1668; x_wconf 85' lang='lat' dir='ltr'><strong>lo</strong></span> <span class='ocrx_word' id='word_1_112' title='bbox 1185 1608 1313 1668; x_wconf 84' lang='lat' dir='ltr'><strong>decemb.</strong></span> <span class='ocrx_word' id='word_1_113' title='bbox 1333 1610 1412 1668; x_wconf 77' lang='lat'><strong>1220.</strong></span> 
     </span>
    </p>
   </div>
   <div class='ocr_carea' id='block_1_5' title="bbox 43 1677 1674 1949">
    <p class='ocr_par' dir='ltr' id='par_1_9' title="bbox 43 1677 1674 1949">
     <span class='ocr_line' id='line_1_17' title="bbox 45 1677 823 1752; baseline 0.004 -14"><span class='ocrx_word' id='word_1_114' title='bbox 45 1682 153 1740; x_wconf 85' lang='lat' dir='ltr'><strong>tenere</strong></span> <span class='ocrx_word' id='word_1_115' title='bbox 173 1679 291 1741; x_wconf 80' lang='lat' dir='ltr'><strong>venire</strong></span> <span class='ocrx_word' id='word_1_116' title='bbox 309 1677 499 1752; x_wconf 88' lang='lat' dir='ltr'><strong>tentaverit,</strong></span> <span class='ocrx_word' id='word_1_117' title='bbox 523 1680 668 1741; x_wconf 89' lang='lat' dir='ltr'><strong>secundo</strong></span> <span class='ocrx_word' id='word_1_118' title='bbox 682 1679 823 1741; x_wconf 84' lang='lat' dir='ltr'><strong>tertiove</strong></span> 
     </span>
     <span class='ocr_line' id='line_1_18' title="bbox 46 1775 823 1852; baseline 0 -16"><span class='ocrx_word' id='word_1_119' title='bbox 46 1775 245 1836; x_wconf 86' lang='lat' dir='ltr'><strong>commonitus</strong></span> <span class='ocrx_word' id='word_1_120' title='bbox 260 1775 327 1836; x_wconf 88' lang='lat' dir='ltr'><strong>nisi</strong></span> <span class='ocrx_word' id='word_1_121' title='bbox 341 1776 471 1837; x_wconf 87' lang='lat' dir='ltr'><strong>reatum</strong></span> <span class='ocrx_word' id='word_1_122' title='bbox 492 1792 588 1837; x_wconf 90' lang='lat' dir='ltr'><strong>suum</strong></span> <span class='ocrx_word' id='word_1_123' title='bbox 604 1791 751 1852; x_wconf 80' lang='lat' dir='ltr'><strong>congrua</strong></span> <span class='ocrx_word' id='word_1_124' title='bbox 767 1791 823 1836; x_wconf 90' lang='lat' dir='ltr'><strong>sa-</strong></span> 
     </span>
     <span class='ocr_line' id='line_1_19' title="bbox 43 1858 1674 1949; baseline -0.003 -29"><span class='ocrx_word' id='word_1_125' title='bbox 43 1871 213 1932; x_wconf 72' lang='lat' dir='ltr'><strong>tisfactione</strong></span> <span class='ocrx_word' id='word_1_126' title='bbox 226 1872 422 1944; x_wconf 68' lang='lat' dir='ltr'><strong>eorrexerit,</strong></span> <span class='ocrx_word' id='word_1_127' title='bbox 435 1872 607 1949; x_wconf 69' lang='lat' dir='ltr'><strong>potestatis</strong></span> <span class='ocrx_word' id='word_1_128' title='bbox 621 1871 824 1949; x_wconf 69' lang='lat' dir='ltr'><strong>honorisque</strong></span> <span class='ocrx_word' id='word_1_129' title='bbox 877 1860 961 1920; x_wconf 83' lang='lat' dir='ltr'><strong>iubet</strong></span> <span class='ocrx_word' id='word_1_130' title='bbox 968 1861 1111 1918; x_wconf 73' lang='lat' dir='ltr'><strong>Honorius</strong></span> <span class='ocrx_word' id='word_1_131' title='bbox 1121 1860 1275 1918; x_wconf 80' lang='lat' dir='ltr'><strong>vhietcres</strong></span> <span class='ocrx_word' id='word_1_132' title='bbox 1290 1858 1326 1917; x_wconf 89' lang='lat' dir='ltr'><strong>ad</strong></span> <span class='ocrx_word' id='word_1_133' title='bbox 1341 1859 1445 1916; x_wconf 76' lang='lat' dir='ltr'><strong>domos</strong></span> <span class='ocrx_word' id='word_1_134' title='bbox 1456 1859 1564 1916; x_wconf 77' lang='lat' dir='ltr'><strong>ordinis</strong></span> <span class='ocrx_word' id='word_1_135' title='bbox 1581 1858 1674 1916; x_wconf 76' lang='lat' dir='ltr'><strong>&#39;l&#39;heu-</strong></span> 
     </span>
    </p>
   </div>
   <div class='ocr_carea' id='block_1_6' title="bbox 47 1947 1673 2242">
    <p class='ocr_par' dir='ltr' id='par_1_10' title="bbox 47 1947 1673 2242">
     <span class='ocr_line' id='line_1_20' title="bbox 47 1947 1671 2051; baseline -0.009 -23"><span class='ocrx_word' id='word_1_136' title='bbox 47 1969 87 2029; x_wconf 88' lang='lat' dir='ltr'><strong>sui</strong></span> <span class='ocrx_word' id='word_1_137' title='bbox 100 1970 206 2032; x_wconf 86' lang='lat' dir='ltr'><strong>careat</strong></span> <span class='ocrx_word' id='word_1_138' title='bbox 220 1969 382 2044; x_wconf 78' lang='lat' dir='ltr'><strong>dignitate</strong></span> <span class='ocrx_word' id='word_1_139' title='bbox 401 1985 561 2048; x_wconf 85' lang='lat' dir='ltr'><strong>reumque</strong></span> <span class='ocrx_word' id='word_1_140' title='bbox 576 1985 611 2031; x_wconf 90' lang='lat' dir='ltr'><strong>se</strong></span> <span class='ocrx_word' id='word_1_141' title='bbox 634 1971 747 2032; x_wconf 87' lang='lat' dir='ltr'><strong>divino</strong></span> <span class='ocrx_word' id='word_1_142' title='bbox 766 1972 825 2048; x_wconf 82' lang='lat' dir='ltr'><strong>ju·</strong></span> <span class='ocrx_word' id='word_1_143' title='bbox 913 1949 1001 2051; x_wconf 78' lang='lat' dir='ltr'><strong>tcnici</strong></span> <span class='ocrx_word' id='word_1_144' title='bbox 1023 1964 1074 2022; x_wconf 69' lang='lat'><strong>1³¹⁰</strong></span> <span class='ocrx_word' id='word_1_145' title='bbox 1088 1949 1181 2048; x_wconf 55' lang='lat' dir='ltr'><strong>lilii?</strong></span> <span class='ocrx_word' id='word_1_146' title='bbox 1198 1947 1427 2022; x_wconf 46' lang='lat' dir='ltr'><strong>(sufficientium</strong></span> <span class='ocrx_word' id='word_1_147' title='bbox 1442 1963 1563 2006; x_wconf 69' lang='lat' dir='ltr'><strong>eessflffl&#39;t</strong></span> <span class='ocrx_word' id='word_1_148' title='bbox 1577 1948 1671 2006; x_wconf 58' lang='lat'>0⁰⁰¹&amp;-</span> 
     </span>
     <span class='ocr_line' id='line_1_21' title="bbox 47 2047 1179 2146; baseline -0.01 -20"><span class='ocrx_word' id='word_1_149' title='bbox 47 2065 118 2128; x_wconf 89' lang='lat' dir='ltr'><strong>dicic</strong></span> <span class='ocrx_word' id='word_1_150' title='bbox 129 2067 273 2130; x_wconf 79' lang='lat' dir='ltr'><strong>existere</strong></span> <span class='ocrx_word' id='word_1_151' title='bbox 289 2066 329 2128; x_wconf 88' lang='lat' dir='ltr'><strong>de</strong></span> <span class='ocrx_word' id='word_1_152' title='bbox 345 2068 535 2144; x_wconf 88' lang='lat' dir='ltr'><strong>perpetrata</strong></span> <span class='ocrx_word' id='word_1_153' title='bbox 553 2067 729 2146; x_wconf 82' lang='lat' dir='ltr'><strong>iniquitate</strong></span> <span class='ocrx_word' id='word_1_154' title='bbox 746 2083 826 2144; x_wconf 89' lang='lat' dir='ltr'><strong>cog·</strong></span> <span class='ocrx_word' id='word_1_155' title='bbox 914 2047 1029 2096; x_wconf 68' lang='lat' dir='ltr'><strong>⁸¹³⁸¹¹⁰fl</strong></span> <span class='ocrx_word' id='word_1_156' title='bbox 1043 2051 1179 2098; x_wconf 64' lang='lat' dir='ltr'><strong>⁰⁰⁰fflefl·</strong></span> 
     </span>
     <span class='ocr_line' id='line_1_22' title="bbox 47 2161 1673 2242; baseline -0.002 -18"><span class='ocrx_word' id='word_1_157' title='bbox 47 2165 145 2226; x_wconf 84' lang='lat' dir='ltr'><strong>noscat</strong></span> <span class='ocrx_word' id='word_1_158' title='bbox 169 2164 203 2228; x_wconf 88' lang='lat' dir='ltr'><strong>et</strong></span> <span class='ocrx_word' id='word_1_159' title='bbox 227 2180 247 2226; x_wconf 87' lang='lat' dir='ltr'><strong>a</strong></span> <span class='ocrx_word' id='word_1_160' title='bbox 271 2163 498 2228; x_wconf 87' lang='lat' dir='ltr'><strong>sacratissimo</strong></span> <span class='ocrx_word' id='word_1_161' title='bbox 519 2180 659 2241; x_wconf 90' lang='lat' dir='ltr'><strong>corpore</strong></span> <span class='ocrx_word' id='word_1_162' title='bbox 680 2181 720 2227; x_wconf 89' lang='lat' dir='ltr'><strong>ac</strong></span> <span class='ocrx_word' id='word_1_163' title='bbox 742 2181 825 2226; x_wconf 87' lang='lat' dir='ltr'><strong>san·</strong></span> <span class='ocrx_word' id='word_1_164' title='bbox 920 2165 1590 2242; x_wconf 82' lang='lat' dir='ltr'><strong>iicnortusepiscopus,serrusservcrum</strong></span> <span class='ocrx_word' id='word_1_165' title='bbox 1601 2161 1673 2234; x_wconf 88' lang='lat' dir='ltr'><strong>Dei,</strong></span> 
     </span>
    </p>
   </div>
   <div class='ocr_carea' id='block_1_7' title="bbox 938 1733 1611 1802">
    <p class='ocr_par' dir='ltr' id='par_1_11' title="bbox 938 1733 1611 1802">
     <span class='ocr_line' id='line_1_23' title="bbox 938 1733 1611 1802; baseline 0.001 -14"><span class='ocrx_word' id='word_1_166' title='bbox 938 1735 1074 1802; x_wconf 84' lang='lat' dir='ltr'><strong>[Strrbike.</strong></span> <span class='ocrx_word' id='word_1_167' title='bbox 1088 1734 1191 1790; x_wconf 77' lang='lat' dir='ltr'><strong>Tabula</strong></span> <span class='ocrx_word' id='word_1_168' title='bbox 1204 1733 1356 1788; x_wconf 85' lang='lat' dir='ltr'><strong>Theutcnici</strong></span> <span class='ocrx_word' id='word_1_169' title='bbox 1367 1734 1433 1794; x_wconf 78' lang='lat' dir='ltr'><strong>crd,</strong></span> <span class='ocrx_word' id='word_1_170' title='bbox 1441 1734 1496 1794; x_wconf 70' lang='lat'><strong>280,</strong></span> <span class='ocrx_word' id='word_1_171' title='bbox 1508 1748 1533 1787; x_wconf 81' lang='lat' dir='ltr'><strong>n·</strong></span> <span class='ocrx_word' id='word_1_172' title='bbox 1541 1733 1611 1800; x_wconf 59' lang='lat'><strong>30²]</strong></span> 
     </span>
    </p>
   </div>
   <div class='ocr_carea' id='block_1_8' title="bbox 47 2259 1766 2340">
    <p class='ocr_par' dir='ltr' id='par_1_12' title="bbox 47 2259 1766 2340">
     <span class='ocr_line' id='line_1_24' title="bbox 47 2259 1766 2340; baseline 0.001 -20"><span class='ocrx_word' id='word_1_173' title='bbox 47 2261 131 2334; x_wconf 88' lang='lat' dir='ltr'><strong>guine</strong></span> <span class='ocrx_word' id='word_1_174' title='bbox 155 2261 212 2328; x_wconf 84' lang='lat' dir='ltr'><strong>nei</strong></span> <span class='ocrx_word' id='word_1_175' title='bbox 242 2263 278 2324; x_wconf 87' lang='lat' dir='ltr'><strong>et</strong></span> <span class='ocrx_word' id='word_1_176' title='bbox 305 2261 439 2324; x_wconf 88' lang='lat' dir='ltr'><strong>Domini</strong></span> <span class='ocrx_word' id='word_1_177' title='bbox 464 2262 694 2340; x_wconf 85' lang='lat' dir='ltr'><strong>Redemptoris</strong></span> <span class='ocrx_word' id='word_1_178' title='bbox 721 2264 826 2328; x_wconf 91' lang='lat' dir='ltr'><strong>nostri</strong></span> <span class='ocrx_word' id='word_1_179' title='bbox 880 2261 1125 2324; x_wconf 82' lang='lat' dir='ltr'><strong>venerabilibus</strong></span> <span class='ocrx_word' id='word_1_180' title='bbox 1160 2261 1318 2323; x_wconf 84' lang='lat' dir='ltr'><strong>iratribus</strong></span> <span class='ocrx_word' id='word_1_181' title='bbox 1350 2259 1610 2337; x_wconf 75' lang='lat' dir='ltr'><strong>archiepiscopis</strong></span> <span class='ocrx_word' id='word_1_182' title='bbox 1643 2261 1676 2321; x_wconf 89' lang='lat' dir='ltr'><strong>et</strong></span> <span class='ocrx_word' id='word_1_183' title='bbox 1751 2285 1766 2298; x_wconf 87' lang='lat'>-</span> 
     </span>
    </p>
   </div>
   <div class='ocr_carea' id='block_1_9' title="bbox 47 2355 1728 5649">
    <p class='ocr_par' dir='ltr' id='par_1_13' title="bbox 47 2355 1728 5649">
     <span class='ocr_line' id='line_1_25' title="bbox 48 2355 1673 2437; baseline -0.002 -17"><span class='ocrx_word' id='word_1_184' title='bbox 48 2361 112 2420; x_wconf 83' lang='lat' dir='ltr'><strong>teau</strong></span> <span class='ocrx_word' id='word_1_185' title='bbox 129 2359 250 2421; x_wconf 83' lang='lat' dir='ltr'><strong>Christi</strong></span> <span class='ocrx_word' id='word_1_186' title='bbox 272 2359 402 2424; x_wconf 88' lang='lat' dir='ltr'><strong>alienus</strong></span> <span class='ocrx_word' id='word_1_187' title='bbox 425 2359 483 2422; x_wconf 85' lang='lat' dir='ltr'><strong>liat</strong></span> <span class='ocrx_word' id='word_1_188' title='bbox 503 2361 604 2437; x_wconf 66' lang='lat' dir='ltr'><strong>chuc</strong></span> <span class='ocrx_word' id='word_1_189' title='bbox 622 2361 656 2421; x_wconf 91' lang='lat' dir='ltr'><strong>in</strong></span> <span class='ocrx_word' id='word_1_190' title='bbox 677 2363 826 2422; x_wconf 86' lang='lat' dir='ltr'><strong>extremo</strong></span> <span class='ocrx_word' id='word_1_191' title='bbox 881 2359 1055 2436; x_wconf 88' lang='lat' dir='ltr'><strong>episcopis,</strong></span> <span class='ocrx_word' id='word_1_192' title='bbox 1066 2360 1099 2421; x_wconf 90' lang='lat' dir='ltr'><strong>et</strong></span> <span class='ocrx_word' id='word_1_193' title='bbox 1109 2359 1238 2420; x_wconf 89' lang='lat' dir='ltr'><strong>dilectis</strong></span> <span class='ocrx_word' id='word_1_194' title='bbox 1254 2357 1332 2419; x_wconf 89' lang='lat' dir='ltr'><strong>iliiis</strong></span> <span class='ocrx_word' id='word_1_195' title='bbox 1347 2356 1532 2429; x_wconf 89' lang='lat' dir='ltr'><strong>abbatibus,</strong></span> <span class='ocrx_word' id='word_1_196' title='bbox 1547 2355 1673 2436; x_wconf 89' lang='lat' dir='ltr'><strong>priori-</strong></span> 
     </span>
     <span class='ocr_line' id='line_1_26' title="bbox 48 2454 1677 2534; baseline -0.001 -19"><span class='ocrx_word' id='word_1_197' title='bbox 48 2457 182 2521; x_wconf 84' lang='lat' dir='ltr'><strong>examine</strong></span> <span class='ocrx_word' id='word_1_198' title='bbox 195 2457 348 2521; x_wconf 86' lang='lat' dir='ltr'><strong>districte</strong></span> <span class='ocrx_word' id='word_1_199' title='bbox 360 2457 531 2534; x_wconf 68' lang='lat' dir='ltr'><strong>suiijaceat</strong></span> <span class='ocrx_word' id='word_1_200' title='bbox 543 2457 674 2519; x_wconf 89' lang='lat' dir='ltr'><strong>ultioni.</strong></span> <span class='ocrx_word' id='word_1_201' title='bbox 690 2459 828 2519; x_wconf 74' lang='lat' dir='ltr'><strong>consen</strong></span> <span class='ocrx_word' id='word_1_202' title='bbox 880 2457 954 2527; x_wconf 89' lang='lat' dir='ltr'><strong>bus,</strong></span> <span class='ocrx_word' id='word_1_203' title='bbox 966 2457 1221 2528; x_wconf 89' lang='lat' dir='ltr'><strong>archidiaconis,</strong></span> <span class='ocrx_word' id='word_1_204' title='bbox 1235 2455 1370 2518; x_wconf 91' lang='lat' dir='ltr'><strong>decanis</strong></span> <span class='ocrx_word' id='word_1_205' title='bbox 1381 2456 1414 2517; x_wconf 91' lang='lat' dir='ltr'><strong>et</strong></span> <span class='ocrx_word' id='word_1_206' title='bbox 1426 2455 1503 2516; x_wconf 90' lang='lat' dir='ltr'><strong>aliis</strong></span> <span class='ocrx_word' id='word_1_207' title='bbox 1515 2454 1677 2516; x_wconf 91' lang='lat' dir='ltr'><strong>ecclesia-</strong></span> 
     </span>
     <span class='ocr_line' id='line_1_27' title="bbox 47 2551 1728 2632; baseline 0 -20"><span class='ocrx_word' id='word_1_208' title='bbox 47 2557 146 2616; x_wconf 79' lang='lat' dir='ltr'><strong>rantes</strong></span> <span class='ocrx_word' id='word_1_209' title='bbox 180 2557 294 2618; x_wconf 89' lang='lat' dir='ltr'><strong>autem</strong></span> <span class='ocrx_word' id='word_1_210' title='bbox 327 2553 400 2616; x_wconf 76' lang='lat' dir='ltr'><strong>haec</strong></span> <span class='ocrx_word' id='word_1_211' title='bbox 435 2555 670 2632; x_wconf 80' lang='lat' dir='ltr'><strong>omnipotentis</strong></span> <span class='ocrx_word' id='word_1_212' title='bbox 703 2555 764 2618; x_wconf 81' lang='lat' dir='ltr'><strong>ilci</strong></span> <span class='ocrx_word' id='word_1_213' title='bbox 795 2556 828 2617; x_wconf 90' lang='lat' dir='ltr'><strong>et</strong></span> <span class='ocrx_word' id='word_1_214' title='bbox 881 2571 955 2618; x_wconf 90' lang='lat' dir='ltr'><strong>rum</strong></span> <span class='ocrx_word' id='word_1_215' title='bbox 971 2554 1128 2632; x_wconf 87' lang='lat' dir='ltr'><strong>praelatis,</strong></span> <span class='ocrx_word' id='word_1_216' title='bbox 1145 2553 1185 2615; x_wconf 89' lang='lat' dir='ltr'><strong>ad</strong></span> <span class='ocrx_word' id='word_1_217' title='bbox 1200 2551 1496 2631; x_wconf 84' lang='lat' dir='ltr'><strong>quoslittereeistae</strong></span> <span class='ocrx_word' id='word_1_218' title='bbox 1509 2566 1675 2627; x_wconf 85' lang='lat' dir='ltr'><strong>pervene-</strong></span> <span class='ocrx_word' id='word_1_219' title='bbox 1725 2623 1728 2632; x_wconf 25' lang='lat'><em>¹</em></span> 
     </span>
     <span class='ocr_line' id='line_1_28' title="bbox 48 2648 1674 2730; baseline -0.001 -20"><span class='ocrx_word' id='word_1_220' title='bbox 48 2648 200 2713; x_wconf 86' lang='lat' dir='ltr'><strong>beatorum</strong></span> <span class='ocrx_word' id='word_1_221' title='bbox 222 2653 314 2714; x_wconf 86' lang='lat' dir='ltr'><strong>Petri</strong></span> <span class='ocrx_word' id='word_1_222' title='bbox 335 2653 369 2714; x_wconf 89' lang='lat' dir='ltr'><strong>et</strong></span> <span class='ocrx_word' id='word_1_223' title='bbox 387 2652 483 2713; x_wconf 88' lang='lat' dir='ltr'><strong>Pauli</strong></span> <span class='ocrx_word' id='word_1_224' title='bbox 507 2651 733 2728; x_wconf 87' lang='lat' dir='ltr'><strong>apostolorum</strong></span> <span class='ocrx_word' id='word_1_225' title='bbox 756 2657 828 2730; x_wconf 85' lang='lat' dir='ltr'><strong>ejus</strong></span> <span class='ocrx_word' id='word_1_226' title='bbox 882 2655 959 2724; x_wconf 88' lang='lat' dir='ltr'><strong>rint,</strong></span> <span class='ocrx_word' id='word_1_227' title='bbox 977 2653 1117 2715; x_wconf 86' lang='lat' dir='ltr'><strong>salutem</strong></span> <span class='ocrx_word' id='word_1_228' title='bbox 1129 2653 1162 2713; x_wconf 92' lang='lat' dir='ltr'><strong>et</strong></span> <span class='ocrx_word' id='word_1_229' title='bbox 1174 2651 1389 2730; x_wconf 87' lang='lat' dir='ltr'><strong>apostolicam</strong></span> <span class='ocrx_word' id='word_1_230' title='bbox 1400 2649 1674 2711; x_wconf 88' lang='lat' dir='ltr'><strong>benedictionem.</strong></span> 
     </span>
     <span class='ocr_line' id='line_1_29' title="bbox 48 2745 1674 2828; baseline -0.002 -20"><span class='ocrx_word' id='word_1_231' title='bbox 48 2747 294 2814; x_wconf 80' lang='lat' dir='ltr'><strong>benedictionem</strong></span> <span class='ocrx_word' id='word_1_232' title='bbox 329 2751 362 2812; x_wconf 91' lang='lat' dir='ltr'><strong>et</strong></span> <span class='ocrx_word' id='word_1_233' title='bbox 393 2750 534 2826; x_wconf 87' lang='lat' dir='ltr'><strong>gratiam</strong></span> <span class='ocrx_word' id='word_1_234' title='bbox 570 2754 825 2828; x_wconf 83' lang='lat' dir='ltr'><strong>consequantur.</strong></span> <span class='ocrx_word' id='word_1_235' title='bbox 923 2751 1078 2813; x_wconf 86' lang='lat' dir='ltr'><strong>Pervenit</strong></span> <span class='ocrx_word' id='word_1_236' title='bbox 1088 2750 1129 2811; x_wconf 91' lang='lat' dir='ltr'><strong>ad</strong></span> <span class='ocrx_word' id='word_1_237' title='bbox 1145 2765 1204 2810; x_wconf 89' lang='lat' dir='ltr'><strong>nos</strong></span> <span class='ocrx_word' id='word_1_238' title='bbox 1219 2765 1263 2809; x_wconf 84' lang='lat' dir='ltr'><strong>ex</strong></span> <span class='ocrx_word' id='word_1_239' title='bbox 1272 2747 1509 2824; x_wconf 86' lang='lat' dir='ltr'><strong>conquestione</strong></span> <span class='ocrx_word' id='word_1_240' title='bbox 1532 2745 1674 2822; x_wconf 88' lang='lat' dir='ltr'><strong>reiigio-</strong></span> 
     </span>
     <span class='ocr_line' id='line_1_30' title="bbox 54 2843 1678 2920; baseline -0.01 -1"><span class='ocrx_word' id='word_1_241' title='bbox 54 2851 151 2918; x_wconf 67' lang='lat' dir='ltr'><strong>tfflels</strong></span> <span class='ocrx_word' id='word_1_242' title='bbox 166 2863 277 2920; x_wconf 71' lang='lat' dir='ltr'><strong>amen,</strong></span> <span class='ocrx_word' id='word_1_243' title='bbox 295 2861 403 2910; x_wconf 78' lang='lat' dir='ltr'><strong>amen.</strong></span> <span class='ocrx_word' id='word_1_244' title='bbox 746 2891 752 2902; x_wconf 91' lang='lat'><strong>.</strong></span> <span class='ocrx_word' id='word_1_245' title='bbox 884 2863 996 2910; x_wconf 88' lang='lat' dir='ltr'><strong>sorum</strong></span> <span class='ocrx_word' id='word_1_246' title='bbox 1010 2849 1170 2918; x_wconf 82' lang='lat' dir='ltr'><strong>virorum,</strong></span> <span class='ocrx_word' id='word_1_247' title='bbox 1194 2846 1332 2907; x_wconf 76' lang='lat' dir='ltr'><strong>fratrum</strong></span> <span class='ocrx_word' id='word_1_248' title='bbox 1355 2843 1531 2920; x_wconf 88' lang='lat' dir='ltr'><strong>hospitalis</strong></span> <span class='ocrx_word' id='word_1_249' title='bbox 1548 2843 1678 2904; x_wconf 86' lang='lat' dir='ltr'><strong>Sanctae</strong></span> 
     </span>
     <span class='ocr_line' id='line_1_31' title="bbox 86 2940 1677 3020; baseline -0.001 -18"><span class='ocrx_word' id='word_1_250' title='bbox 86 2943 145 3016; x_wconf 79' lang='lat' dir='ltr'><strong>ego</strong></span> <span class='ocrx_word' id='word_1_251' title='bbox 157 2942 325 3004; x_wconf 80' lang='lat' dir='ltr'><strong>Honorius</strong></span> <span class='ocrx_word' id='word_1_252' title='bbox 338 2941 517 3004; x_wconf 80' lang='lat' dir='ltr'><strong>catholica</strong></span> <span class='ocrx_word' id='word_1_253' title='bbox 530 2942 689 3004; x_wconf 67' lang='lat' dir='ltr'><strong>Ecclesia</strong></span> <span class='ocrx_word' id='word_1_254' title='bbox 700 2941 831 3020; x_wconf 89' lang='lat' dir='ltr'><strong>episcc-</strong></span> <span class='ocrx_word' id='word_1_255' title='bbox 884 2947 999 3008; x_wconf 75' lang='lat' dir='ltr'><strong>Maria</strong></span> <span class='ocrx_word' id='word_1_256' title='bbox 1043 2944 1323 3006; x_wconf 71' lang='lat' dir='ltr'><strong>&#39;theutonicorum</strong></span> <span class='ocrx_word' id='word_1_257' title='bbox 1364 2940 1677 3018; x_wconf 83' lang='lat' dir='ltr'><strong>Hierosolymltani‚</strong></span> 
     </span>
     <span class='ocr_line' id='line_1_32' title="bbox 54 3038 1680 3120; baseline 0.001 -23"><span class='ocrx_word' id='word_1_258' title='bbox 54 3051 140 3114; x_wconf 91' lang='lat' dir='ltr'><strong>copus</strong></span> <span class='ocrx_word' id='word_1_259' title='bbox 153 3038 346 3114; x_wconf 81' lang='lat' dir='ltr'><strong>subscripsi.</strong></span> <span class='ocrx_word' id='word_1_260' title='bbox 884 3043 982 3120; x_wconf 79' lang='lat' dir='ltr'><strong>quod,</strong></span> <span class='ocrx_word' id='word_1_261' title='bbox 997 3057 1071 3104; x_wconf 91' lang='lat' dir='ltr'><strong>cum</strong></span> <span class='ocrx_word' id='word_1_262' title='bbox 1083 3041 1237 3119; x_wconf 87' lang='lat' dir='ltr'><strong>aliquiad</strong></span> <span class='ocrx_word' id='word_1_263' title='bbox 1250 3040 1487 3102; x_wconf 88' lang='lat' dir='ltr'><strong>domoseorum</strong></span> <span class='ocrx_word' id='word_1_264' title='bbox 1499 3053 1558 3115; x_wconf 91' lang='lat' dir='ltr'><strong>pro</strong></span> <span class='ocrx_word' id='word_1_265' title='bbox 1571 3038 1680 3100; x_wconf 88' lang='lat' dir='ltr'><strong>salute</strong></span> 
     </span>
     <span class='ocr_line' id='line_1_33' title="bbox 83 3134 1679 3215; baseline 0.001 -21"><span class='ocrx_word' id='word_1_266' title='bbox 83 3137 143 3210; x_wconf 84' lang='lat' dir='ltr'><strong>Ego</strong></span> <span class='ocrx_word' id='word_1_267' title='bbox 165 3136 272 3201; x_wconf 80' lang='lat' dir='ltr'><strong>suido</strong></span> <span class='ocrx_word' id='word_1_268' title='bbox 287 3136 513 3200; x_wconf 79' lang='lat' dir='ltr'><strong>Praenestinus</strong></span> <span class='ocrx_word' id='word_1_269' title='bbox 535 3137 710 3215; x_wconf 88' lang='lat' dir='ltr'><strong>episcopus</strong></span> <span class='ocrx_word' id='word_1_270' title='bbox 730 3136 830 3199; x_wconf 86' lang='lat' dir='ltr'><strong>subs·</strong></span> <span class='ocrx_word' id='word_1_271' title='bbox 886 3155 946 3202; x_wconf 86' lang='lat' dir='ltr'><strong>sua</strong></span> <span class='ocrx_word' id='word_1_272' title='bbox 961 3155 998 3201; x_wconf 88' lang='lat' dir='ltr'><strong>se</strong></span> <span class='ocrx_word' id='word_1_273' title='bbox 1019 3139 1224 3202; x_wconf 87' lang='lat' dir='ltr'><strong>transierunt</strong></span> <span class='ocrx_word' id='word_1_274' title='bbox 1239 3138 1296 3199; x_wconf 89' lang='lat' dir='ltr'><strong>aut</strong></span> <span class='ocrx_word' id='word_1_275' title='bbox 1319 3151 1375 3198; x_wconf 89' lang='lat' dir='ltr'><strong>res</strong></span> <span class='ocrx_word' id='word_1_276' title='bbox 1398 3151 1476 3196; x_wconf 90' lang='lat' dir='ltr'><strong>suas</strong></span> <span class='ocrx_word' id='word_1_277' title='bbox 1501 3134 1679 3210; x_wconf 88' lang='lat' dir='ltr'><strong>deponunt,</strong></span> 
     </span>
     <span class='ocr_line' id='line_1_34' title="bbox 51 3231 1682 3310; baseline -0.01 -1"><span class='ocrx_word' id='word_1_278' title='bbox 51 3231 149 3308; x_wconf 64' lang='lat' dir='ltr'><strong>criilti-</strong></span> <span class='ocrx_word' id='word_1_279' title='bbox 886 3237 998 3299; x_wconf 88' lang='lat' dir='ltr'><strong>hostes</strong></span> <span class='ocrx_word' id='word_1_280' title='bbox 1010 3251 1124 3298; x_wconf 88' lang='lat' dir='ltr'><strong>eorum</strong></span> <span class='ocrx_word' id='word_1_281' title='bbox 1137 3236 1224 3296; x_wconf 79' lang='lat' dir='ltr'><strong>inira</strong></span> <span class='ocrx_word' id='word_1_282' title='bbox 1235 3234 1394 3297; x_wconf 86' lang='lat' dir='ltr'><strong>ambitum</strong></span> <span class='ocrx_word' id='word_1_283' title='bbox 1405 3233 1575 3294; x_wconf 89' lang='lat' dir='ltr'><strong>domorum</strong></span> <span class='ocrx_word' id='word_1_284' title='bbox 1590 3231 1682 3310; x_wconf 88' lang='lat' dir='ltr'><strong>ipsa-</strong></span> 
     </span>
     <span class='ocr_line' id='line_1_35' title="bbox 85 3331 1683 3410; baseline -0.001 -18"><span class='ocrx_word' id='word_1_285' title='bbox 85 3331 144 3406; x_wconf 90' lang='lat' dir='ltr'><strong>iigo</strong></span> <span class='ocrx_word' id='word_1_286' title='bbox 157 3334 251 3408; x_wconf 86' lang='lat' dir='ltr'><strong>iiugo</strong></span> <span class='ocrx_word' id='word_1_287' title='bbox 268 3331 455 3394; x_wconf 87' lang='lat' dir='ltr'><strong>Hostiensis</strong></span> <span class='ocrx_word' id='word_1_288' title='bbox 470 3333 503 3394; x_wconf 90' lang='lat' dir='ltr'><strong>et</strong></span> <span class='ocrx_word' id='word_1_289' title='bbox 517 3333 722 3394; x_wconf 82' lang='lat' dir='ltr'><strong>veletrensis</strong></span> <span class='ocrx_word' id='word_1_290' title='bbox 737 3333 832 3410; x_wconf 89' lang='lat' dir='ltr'><strong>epis·</strong></span> <span class='ocrx_word' id='word_1_291' title='bbox 886 3351 960 3397; x_wconf 88' lang='lat' dir='ltr'><strong>rum</strong></span> <span class='ocrx_word' id='word_1_292' title='bbox 972 3351 1029 3398; x_wconf 88' lang='lat' dir='ltr'><strong>ecs</strong></span> <span class='ocrx_word' id='word_1_293' title='bbox 1040 3334 1074 3397; x_wconf 92' lang='lat' dir='ltr'><strong>et</strong></span> <span class='ocrx_word' id='word_1_294' title='bbox 1083 3347 1239 3404; x_wconf 83' lang='lat' dir='ltr'><strong>resenas,</strong></span> <span class='ocrx_word' id='word_1_295' title='bbox 1252 3332 1311 3394; x_wconf 85' lang='lat' dir='ltr'><strong>Dei</strong></span> <span class='ocrx_word' id='word_1_296' title='bbox 1324 3331 1510 3393; x_wconf 82' lang='lat' dir='ltr'><strong>reverentia</strong></span> <span class='ocrx_word' id='word_1_297' title='bbox 1521 3331 1554 3392; x_wconf 91' lang='lat' dir='ltr'><strong>et</strong></span> <span class='ocrx_word' id='word_1_298' title='bbox 1562 3331 1683 3392; x_wconf 89' lang='lat' dir='ltr'><strong>timore</strong></span> 
     </span>
     <span class='ocr_line' id='line_1_36' title="bbox 54 3427 1684 3510; baseline -0.009 -8"><span class='ocrx_word' id='word_1_299' title='bbox 54 3441 142 3502; x_wconf 73' lang='lat' dir='ltr'><strong>0⁰i¹1³</strong></span> <span class='ocrx_word' id='word_1_300' title='bbox 154 3429 347 3505; x_wconf 65' lang='lat' dir='ltr'><strong>subsscfiitssi·</strong></span> <span class='ocrx_word' id='word_1_301' title='bbox 863 3427 864 3496; x_wconf 80' lang='lat' dir='ltr'><strong>j</strong></span> <span class='ocrx_word' id='word_1_302' title='bbox 887 3431 1081 3510; x_wconf 85' lang='lat' dir='ltr'><strong>postposito,</strong></span> <span class='ocrx_word' id='word_1_303' title='bbox 1099 3431 1234 3509; x_wconf 89' lang='lat' dir='ltr'><strong>capiunt</strong></span> <span class='ocrx_word' id='word_1_304' title='bbox 1246 3432 1278 3492; x_wconf 93' lang='lat' dir='ltr'><strong>et</strong></span> <span class='ocrx_word' id='word_1_305' title='bbox 1297 3430 1411 3506; x_wconf 88' lang='lat' dir='ltr'><strong>captos</strong></span> <span class='ocrx_word' id='word_1_306' title='bbox 1425 3428 1638 3489; x_wconf 81' lang='lat' dir='ltr'><strong>incarcerant</strong></span> <span class='ocrx_word' id='word_1_307' title='bbox 1651 3429 1684 3488; x_wconf 89' lang='lat' dir='ltr'><strong>et</strong></span> 
     </span>
     <span class='ocr_line' id='line_1_37' title="bbox 86 3523 1685 3607; baseline -0.001 -21"><span class='ocrx_word' id='word_1_308' title='bbox 86 3525 145 3598; x_wconf 82' lang='lat' dir='ltr'><strong>ligo</strong></span> <span class='ocrx_word' id='word_1_309' title='bbox 160 3525 263 3590; x_wconf 87' lang='lat' dir='ltr'><strong>irater</strong></span> <span class='ocrx_word' id='word_1_310' title='bbox 271 3526 430 3590; x_wconf 89' lang='lat' dir='ltr'><strong>Nicotaus</strong></span> <span class='ocrx_word' id='word_1_311' title='bbox 440 3527 647 3589; x_wconf 83' lang='lat' dir='ltr'><strong>Tusculanus</strong></span> <span class='ocrx_word' id='word_1_312' title='bbox 657 3527 833 3605; x_wconf 87' lang='lat' dir='ltr'><strong>episcopus</strong></span> <span class='ocrx_word' id='word_1_313' title='bbox 864 3593 865 3596; x_wconf 63' lang='grc'>,</span> <span class='ocrx_word' id='word_1_314' title='bbox 888 3530 929 3593; x_wconf 89' lang='lat' dir='ltr'><strong>ad</strong></span> <span class='ocrx_word' id='word_1_315' title='bbox 943 3529 1202 3607; x_wconf 88' lang='lat' dir='ltr'><strong>redemptionem</strong></span> <span class='ocrx_word' id='word_1_316' title='bbox 1219 3525 1430 3606; x_wconf 88' lang='lat' dir='ltr'><strong>compellunt.</strong></span> <span class='ocrx_word' id='word_1_317' title='bbox 1444 3525 1605 3598; x_wconf 88' lang='lat' dir='ltr'><strong>Quoniam</strong></span> <span class='ocrx_word' id='word_1_318' title='bbox 1619 3523 1685 3600; x_wconf 88' lang='lat' dir='ltr'><strong>igi-</strong></span> 
     </span>
     <span class='ocr_line' id='line_1_38' title="bbox 54 3619 1685 3703; baseline 0.002 -24"><span class='ocrx_word' id='word_1_319' title='bbox 54 3619 228 3700; x_wconf 89' lang='lat' dir='ltr'><strong>subscripsi.</strong></span> <span class='ocrx_word' id='word_1_320' title='bbox 887 3630 942 3691; x_wconf 90' lang='lat' dir='ltr'><strong>tur</strong></span> <span class='ocrx_word' id='word_1_321' title='bbox 958 3629 992 3695; x_wconf 87' lang='lat' dir='ltr'><strong>id</strong></span> <span class='ocrx_word' id='word_1_322' title='bbox 1004 3627 1177 3703; x_wconf 90' lang='lat' dir='ltr'><strong>indignum</strong></span> <span class='ocrx_word' id='word_1_323' title='bbox 1191 3625 1243 3687; x_wconf 89' lang='lat' dir='ltr'><strong>est</strong></span> <span class='ocrx_word' id='word_1_324' title='bbox 1255 3625 1387 3702; x_wconf 88' lang='lat' dir='ltr'><strong>penitus</strong></span> <span class='ocrx_word' id='word_1_325' title='bbox 1402 3623 1436 3685; x_wconf 89' lang='lat' dir='ltr'><strong>et</strong></span> <span class='ocrx_word' id='word_1_326' title='bbox 1449 3621 1628 3684; x_wconf 91' lang='lat' dir='ltr'><strong>absurdum</strong></span> <span class='ocrx_word' id='word_1_327' title='bbox 1650 3623 1685 3683; x_wconf 85' lang='lat' dir='ltr'><strong>et</strong></span> 
     </span>
     <span class='ocr_line' id='line_1_39' title="bbox 88 3719 1685 3799; baseline -0.002 -19"><span class='ocrx_word' id='word_1_328' title='bbox 88 3720 146 3794; x_wconf 79' lang='lat' dir='ltr'><strong>ligo</strong></span> <span class='ocrx_word' id='word_1_329' title='bbox 154 3722 218 3782; x_wconf 90' lang='lat' dir='ltr'><strong>Leo</strong></span> <span class='ocrx_word' id='word_1_330' title='bbox 231 3720 323 3784; x_wconf 89' lang='lat' dir='ltr'><strong>tituli</strong></span> <span class='ocrx_word' id='word_1_331' title='bbox 332 3721 456 3784; x_wconf 82' lang='lat' dir='ltr'><strong>sanctae</strong></span> <span class='ocrx_word' id='word_1_332' title='bbox 463 3722 572 3783; x_wconf 84' lang='lat' dir='ltr'><strong>crucis</strong></span> <span class='ocrx_word' id='word_1_333' title='bbox 582 3722 833 3784; x_wconf 80' lang='lat' dir='ltr'><strong>inliterusalem</strong></span> <span class='ocrx_word' id='word_1_334' title='bbox 889 3723 1034 3786; x_wconf 82' lang='lat' dir='ltr'><strong>fidelium</strong></span> <span class='ocrx_word' id='word_1_335' title='bbox 1050 3722 1150 3785; x_wconf 88' lang='lat' dir='ltr'><strong>saluti</strong></span> <span class='ocrx_word' id='word_1_336' title='bbox 1166 3735 1301 3799; x_wconf 91' lang='lat' dir='ltr'><strong>prorsus</strong></span> <span class='ocrx_word' id='word_1_337' title='bbox 1314 3720 1530 3790; x_wconf 87' lang='lat' dir='ltr'><strong>contrarium,</strong></span> <span class='ocrx_word' id='word_1_338' title='bbox 1547 3719 1685 3778; x_wconf 86' lang='lat' dir='ltr'><strong>univer-</strong></span> 
     </span>
     <span class='ocr_line' id='line_1_40' title="bbox 56 3815 1680 3897; baseline 0.001 -23"><span class='ocrx_word' id='word_1_339' title='bbox 56 3816 210 3894; x_wconf 79' lang='lat' dir='ltr'><strong>presbytsr</strong></span> <span class='ocrx_word' id='word_1_340' title='bbox 224 3818 407 3882; x_wconf 87' lang='lat' dir='ltr'><strong>cardinalis</strong></span> <span class='ocrx_word' id='word_1_341' title='bbox 421 3819 613 3897; x_wconf 82' lang='lat' dir='ltr'><strong>subscripsi.</strong></span> <span class='ocrx_word' id='word_1_342' title='bbox 890 3823 979 3884; x_wconf 86' lang='lat' dir='ltr'><strong>sitati</strong></span> <span class='ocrx_word' id='word_1_343' title='bbox 1002 3822 1123 3882; x_wconf 82' lang='lat' dir='ltr'><strong>restrae</strong></span> <span class='ocrx_word' id='word_1_344' title='bbox 1138 3834 1197 3896; x_wconf 90' lang='lat' dir='ltr'><strong>per</strong></span> <span class='ocrx_word' id='word_1_345' title='bbox 1210 3818 1399 3896; x_wconf 69' lang='lat' dir='ltr'><strong>apostolica</strong></span> <span class='ocrx_word' id='word_1_346' title='bbox 1415 3816 1537 3892; x_wconf 87' lang='lat' dir='ltr'><strong>scripta</strong></span> <span class='ocrx_word' id='word_1_347' title='bbox 1558 3815 1680 3892; x_wconf 87' lang='lat' dir='ltr'><strong>praeci·</strong></span> 
     </span>
     <span class='ocr_line' id='line_1_41' title="bbox 89 3910 1683 3998; baseline -0.003 -22"><span class='ocrx_word' id='word_1_348' title='bbox 89 3915 388 3988; x_wconf 82' lang='lat' dir='ltr'><strong>iigoeualasaneti</strong></span> <span class='ocrx_word' id='word_1_349' title='bbox 403 3917 540 3978; x_wconf 89' lang='lat' dir='ltr'><strong>Martini</strong></span> <span class='ocrx_word' id='word_1_350' title='bbox 564 3917 736 3994; x_wconf 83' lang='lat' dir='ltr'><strong>presbyter</strong></span> <span class='ocrx_word' id='word_1_351' title='bbox 754 3931 834 3978; x_wconf 90' lang='lat' dir='ltr'><strong>car·</strong></span> <span class='ocrx_word' id='word_1_352' title='bbox 866 3919 1010 3998; x_wconf 62' lang='lat' dir='ltr'><strong>&#39;piendo</strong></span> <span class='ocrx_word' id='word_1_353' title='bbox 1056 3918 1267 3984; x_wconf 90' lang='lat' dir='ltr'><strong>mandamus,</strong></span> <span class='ocrx_word' id='word_1_354' title='bbox 1310 3915 1473 3992; x_wconf 85' lang='lat' dir='ltr'><strong>quatenus</strong></span> <span class='ocrx_word' id='word_1_355' title='bbox 1516 3910 1683 3974; x_wconf 84' lang='lat' dir='ltr'><strong>universis</strong></span> 
     </span>
     <span class='ocr_line' id='line_1_42' title="bbox 57 4006 1680 4094; baseline 0.002 -28"><span class='ocrx_word' id='word_1_356' title='bbox 57 4006 163 4072; x_wconf 88' lang='lat' dir='ltr'><strong>dinaiis</strong></span> <span class='ocrx_word' id='word_1_357' title='bbox 177 4013 269 4077; x_wconf 89' lang='lat' dir='ltr'><strong>tituli</strong></span> <span class='ocrx_word' id='word_1_358' title='bbox 280 4013 404 4091; x_wconf 77' lang='lat' dir='ltr'><strong>Equitii</strong></span> <span class='ocrx_word' id='word_1_359' title='bbox 419 4015 615 4091; x_wconf 83' lang='lat' dir='ltr'><strong>subscripsi.</strong></span> <span class='ocrx_word' id='word_1_360' title='bbox 890 4017 1094 4094; x_wconf 80' lang='lat' dir='ltr'><strong>generaliter</strong></span> <span class='ocrx_word' id='word_1_361' title='bbox 1116 4013 1176 4075; x_wconf 83' lang='lat' dir='ltr'><strong>snb</strong></span> <span class='ocrx_word' id='word_1_362' title='bbox 1200 4009 1552 4075; x_wconf 82' lang='lat' dir='ltr'><strong>excommunicationis</strong></span> <span class='ocrx_word' id='word_1_363' title='bbox 1580 4010 1680 4070; x_wconf 87' lang='lat' dir='ltr'><strong>inter·</strong></span> 
     </span>
     <span class='ocr_line' id='line_1_43' title="bbox 90 4106 1684 4188; baseline -0.003 -17"><span class='ocrx_word' id='word_1_364' title='bbox 90 4109 150 4183; x_wconf 79' lang='lat' dir='ltr'><strong>Ego</strong></span> <span class='ocrx_word' id='word_1_365' title='bbox 178 4111 360 4187; x_wconf 79' lang='lat' dir='ltr'><strong>Gregorius</strong></span> <span class='ocrx_word' id='word_1_366' title='bbox 385 4112 476 4174; x_wconf 91' lang='lat' dir='ltr'><strong>tituli</strong></span> <span class='ocrx_word' id='word_1_367' title='bbox 500 4113 626 4174; x_wconf 82' lang='lat' dir='ltr'><strong>sanctae</strong></span> <span class='ocrx_word' id='word_1_368' title='bbox 651 4111 837 4173; x_wconf 75' lang='lat' dir='ltr'><strong>Anastasis</strong></span> <span class='ocrx_word' id='word_1_369' title='bbox 891 4114 1074 4176; x_wconf 90' lang='lat' dir='ltr'><strong>minatione</strong></span> <span class='ocrx_word' id='word_1_370' title='bbox 1089 4111 1265 4188; x_wconf 91' lang='lat' dir='ltr'><strong>prohibere</strong></span> <span class='ocrx_word' id='word_1_371' title='bbox 1280 4109 1416 4181; x_wconf 87' lang='lat' dir='ltr'><strong>curetis,</strong></span> <span class='ocrx_word' id='word_1_372' title='bbox 1432 4123 1474 4169; x_wconf 91' lang='lat' dir='ltr'><strong>ne</strong></span> <span class='ocrx_word' id='word_1_373' title='bbox 1484 4107 1584 4185; x_wconf 83' lang='lat' dir='ltr'><strong>quiin</strong></span> <span class='ocrx_word' id='word_1_374' title='bbox 1595 4106 1684 4175; x_wconf 86' lang='lat' dir='ltr'><strong>ilios,</strong></span> 
     </span>
     <span class='ocr_line' id='line_1_44' title="bbox 59 4204 1688 4290; baseline 0.001 -26"><span class='ocrx_word' id='word_1_375' title='bbox 59 4204 215 4283; x_wconf 81' lang='lat' dir='ltr'><strong>presbyter</strong></span> <span class='ocrx_word' id='word_1_376' title='bbox 229 4208 411 4270; x_wconf 82' lang='lat' dir='ltr'><strong>cardinalis</strong></span> <span class='ocrx_word' id='word_1_377' title='bbox 425 4207 617 4285; x_wconf 78' lang='lat' dir='ltr'><strong>subscripsi.</strong></span> <span class='ocrx_word' id='word_1_378' title='bbox 868 4251 870 4284; x_wconf 49' lang='lat'>3</span> <span class='ocrx_word' id='word_1_379' title='bbox 892 4213 948 4290; x_wconf 84' lang='lat' dir='ltr'><strong>qui</strong></span> <span class='ocrx_word' id='word_1_380' title='bbox 956 4211 998 4273; x_wconf 89' lang='lat' dir='ltr'><strong>ad</strong></span> <span class='ocrx_word' id='word_1_381' title='bbox 1007 4211 1121 4273; x_wconf 89' lang='lat' dir='ltr'><strong>domos</strong></span> <span class='ocrx_word' id='word_1_382' title='bbox 1129 4207 1361 4286; x_wconf 87' lang='lat' dir='ltr'><strong>praedictorum</strong></span> <span class='ocrx_word' id='word_1_383' title='bbox 1367 4205 1506 4268; x_wconf 79' lang='lat' dir='ltr'><strong>hatrum</strong></span> <span class='ocrx_word' id='word_1_384' title='bbox 1515 4220 1574 4282; x_wconf 92' lang='lat' dir='ltr'><strong>pro</strong></span> <span class='ocrx_word' id='word_1_385' title='bbox 1581 4204 1688 4265; x_wconf 87' lang='lat' dir='ltr'><strong>salute</strong></span> 
     </span>
     <span class='ocr_line' id='line_1_45' title="bbox 92 4301 1687 4384; baseline -0.002 -20"><span class='ocrx_word' id='word_1_386' title='bbox 92 4303 151 4378; x_wconf 81' lang='lat' dir='ltr'><strong>Ego</strong></span> <span class='ocrx_word' id='word_1_387' title='bbox 165 4305 308 4368; x_wconf 77' lang='lat' dir='ltr'><strong>ihomas</strong></span> <span class='ocrx_word' id='word_1_388' title='bbox 322 4305 410 4368; x_wconf 89' lang='lat' dir='ltr'><strong>tituli</strong></span> <span class='ocrx_word' id='word_1_389' title='bbox 423 4307 547 4368; x_wconf 82' lang='lat' dir='ltr'><strong>sanctae</strong></span> <span class='ocrx_word' id='word_1_390' title='bbox 557 4306 689 4370; x_wconf 72' lang='lat' dir='ltr'><strong>Sabine</strong></span> <span class='ocrx_word' id='word_1_391' title='bbox 701 4305 840 4384; x_wconf 81' lang='lat' dir='ltr'><strong>presby·</strong></span> <span class='ocrx_word' id='word_1_392' title='bbox 893 4325 952 4371; x_wconf 89' lang='lat' dir='ltr'><strong>sua</strong></span> <span class='ocrx_word' id='word_1_393' title='bbox 967 4307 1172 4383; x_wconf 79' lang='lat' dir='ltr'><strong>confugiunt,</strong></span> <span class='ocrx_word' id='word_1_394' title='bbox 1189 4305 1242 4367; x_wconf 86' lang='lat' dir='ltr'><strong>vel</strong></span> <span class='ocrx_word' id='word_1_395' title='bbox 1254 4305 1289 4366; x_wconf 93' lang='lat' dir='ltr'><strong>in</strong></span> <span class='ocrx_word' id='word_1_396' title='bbox 1305 4319 1359 4366; x_wconf 89' lang='lat' dir='ltr'><strong>res</strong></span> <span class='ocrx_word' id='word_1_397' title='bbox 1374 4319 1489 4365; x_wconf 90' lang='lat' dir='ltr'><strong>eorum</strong></span> <span class='ocrx_word' id='word_1_398' title='bbox 1504 4301 1591 4362; x_wconf 86' lang='lat' dir='ltr'><strong>inha</strong></span> <span class='ocrx_word' id='word_1_399' title='bbox 1611 4316 1687 4362; x_wconf 90' lang='lat' dir='ltr'><strong>am-</strong></span> 
     </span>
     <span class='ocr_line' id='line_1_46' title="bbox 60 4395 1689 4480; baseline 0.002 -23"><span class='ocrx_word' id='word_1_400' title='bbox 60 4395 102 4457; x_wconf 88' lang='lat' dir='ltr'><strong>ter</strong></span> <span class='ocrx_word' id='word_1_401' title='bbox 114 4402 290 4466; x_wconf 87' lang='lat' dir='ltr'><strong>cardinalis</strong></span> <span class='ocrx_word' id='word_1_402' title='bbox 303 4402 496 4480; x_wconf 85' lang='lat' dir='ltr'><strong>subscripsi.</strong></span> <span class='ocrx_word' id='word_1_403' title='bbox 892 4407 998 4468; x_wconf 89' lang='lat' dir='ltr'><strong>bitum</strong></span> <span class='ocrx_word' id='word_1_404' title='bbox 1022 4405 1194 4467; x_wconf 90' lang='lat' dir='ltr'><strong>domorum</strong></span> <span class='ocrx_word' id='word_1_405' title='bbox 1216 4403 1365 4479; x_wconf 91' lang='lat' dir='ltr'><strong>ipsarum</strong></span> <span class='ocrx_word' id='word_1_406' title='bbox 1391 4414 1510 4460; x_wconf 90' lang='lat' dir='ltr'><strong>manus</strong></span> <span class='ocrx_word' id='word_1_407' title='bbox 1535 4399 1689 4476; x_wconf 88' lang='lat' dir='ltr'><strong>injiciant</strong></span> 
     </span>
     <span class='ocr_line' id='line_1_47' title="bbox 93 4495 1690 4580; baseline -0.003 -20"><span class='ocrx_word' id='word_1_408' title='bbox 93 4497 153 4572; x_wconf 79' lang='lat' dir='ltr'><strong>Ego</strong></span> <span class='ocrx_word' id='word_1_409' title='bbox 167 4499 280 4564; x_wconf 80' lang='lat' dir='ltr'><strong>tiuido.</strong></span> <span class='ocrx_word' id='word_1_410' title='bbox 291 4502 323 4562; x_wconf 89' lang='lat' dir='ltr'><strong>S.</strong></span> <span class='ocrx_word' id='word_1_411' title='bbox 339 4501 469 4562; x_wconf 90' lang='lat' dir='ltr'><strong>Nicolai</strong></span> <span class='ocrx_word' id='word_1_412' title='bbox 483 4501 517 4562; x_wconf 91' lang='lat' dir='ltr'><strong>in</strong></span> <span class='ocrx_word' id='word_1_413' title='bbox 537 4515 671 4564; x_wconf 87' lang='lat' dir='ltr'><strong>carcere</strong></span> <span class='ocrx_word' id='word_1_414' title='bbox 687 4501 840 4563; x_wconf 81' lang='lat' dir='ltr'><strong>Tulliano</strong></span> <span class='ocrx_word' id='word_1_415' title='bbox 894 4505 1068 4566; x_wconf 83' lang='lat' dir='ltr'><strong>violentas.</strong></span> <span class='ocrx_word' id='word_1_416' title='bbox 1084 4503 1119 4564; x_wconf 85' lang='lat' dir='ltr'><strong>Si</strong></span> <span class='ocrx_word' id='word_1_417' title='bbox 1134 4503 1191 4580; x_wconf 81' lang='lat' dir='ltr'><strong>qui</strong></span> <span class='ocrx_word' id='word_1_418' title='bbox 1202 4501 1311 4563; x_wconf 89' lang='lat' dir='ltr'><strong>antem</strong></span> <span class='ocrx_word' id='word_1_419' title='bbox 1321 4500 1443 4560; x_wconf 86' lang='lat' dir='ltr'><strong>nostrae</strong></span> <span class='ocrx_word' id='word_1_420' title='bbox 1456 4495 1690 4576; x_wconf 86' lang='lat' dir='ltr'><strong>prohibitionis</strong></span> 
     </span>
     <span class='ocr_line' id='line_1_48' title="bbox 62 4587 1690 4676; baseline -0.002 -22"><span class='ocrx_word' id='word_1_421' title='bbox 62 4587 205 4660; x_wconf 82' lang='lat' dir='ltr'><strong>diaconus</strong></span> <span class='ocrx_word' id='word_1_422' title='bbox 217 4597 399 4660; x_wconf 83' lang='lat' dir='ltr'><strong>cardinalis</strong></span> <span class='ocrx_word' id='word_1_423' title='bbox 413 4597 606 4676; x_wconf 89' lang='lat' dir='ltr'><strong>subscripsi.</strong></span> <span class='ocrx_word' id='word_1_424' title='bbox 895 4600 1017 4662; x_wconf 87' lang='lat' dir='ltr'><strong>inerint</strong></span> <span class='ocrx_word' id='word_1_425' title='bbox 1027 4601 1304 4674; x_wconf 85' lang='lat' dir='ltr'><strong>transgressores,</strong></span> <span class='ocrx_word' id='word_1_426' title='bbox 1316 4594 1416 4670; x_wconf 91' lang='lat' dir='ltr'><strong>ipsos,</strong></span> <span class='ocrx_word' id='word_1_427' title='bbox 1427 4589 1690 4654; x_wconf 84' lang='lat' dir='ltr'><strong>contradictione</strong></span> 
     </span>
     <span class='ocr_line' id='line_1_49' title="bbox 94 4687 1693 4772; baseline -0.003 -20"><span class='ocrx_word' id='word_1_428' title='bbox 94 4691 154 4766; x_wconf 77' lang='lat' dir='ltr'><strong>Ego</strong></span> <span class='ocrx_word' id='word_1_429' title='bbox 166 4695 238 4755; x_wconf 89' lang='lat' dir='ltr'><strong>Otto</strong></span> <span class='ocrx_word' id='word_1_430' title='bbox 252 4695 443 4756; x_wconf 88' lang='lat' dir='ltr'><strong>sanctorum</strong></span> <span class='ocrx_word' id='word_1_431' title='bbox 459 4697 567 4772; x_wconf 88' lang='lat' dir='ltr'><strong>Sergii</strong></span> <span class='ocrx_word' id='word_1_432' title='bbox 578 4699 611 4759; x_wconf 89' lang='lat' dir='ltr'><strong>et</strong></span> <span class='ocrx_word' id='word_1_433' title='bbox 629 4695 750 4758; x_wconf 88' lang='lat' dir='ltr'><strong>Bacchi</strong></span> <span class='ocrx_word' id='word_1_434' title='bbox 768 4695 839 4758; x_wconf 89' lang='lat' dir='ltr'><strong>dia·</strong></span> <span class='ocrx_word' id='word_1_435' title='bbox 896 4696 929 4757; x_wconf 92' lang='lat' dir='ltr'><strong>et</strong></span> <span class='ocrx_word' id='word_1_436' title='bbox 951 4693 1174 4772; x_wconf 87' lang='lat' dir='ltr'><strong>appellatione</strong></span> <span class='ocrx_word' id='word_1_437' title='bbox 1203 4692 1365 4761; x_wconf 86' lang='lat' dir='ltr'><strong>cessante,</strong></span> <span class='ocrx_word' id='word_1_438' title='bbox 1392 4688 1526 4749; x_wconf 83' lang='lat' dir='ltr'><strong>vinculo</strong></span> <span class='ocrx_word' id='word_1_439' title='bbox 1551 4687 1693 4750; x_wconf 86' lang='lat' dir='ltr'><strong>anathe-</strong></span> 
     </span>
     <span class='ocr_line' id='line_1_50' title="bbox 64 4785 1693 4869; baseline 0.001 -25"><span class='ocrx_word' id='word_1_440' title='bbox 64 4791 343 4854; x_wconf 86' lang='lat' dir='ltr'><strong>conuscardinalis</strong></span> <span class='ocrx_word' id='word_1_441' title='bbox 354 4793 547 4869; x_wconf 81' lang='lat' dir='ltr'><strong>subscripsi.</strong></span> <span class='ocrx_word' id='word_1_442' title='bbox 702 4789 705 4796; x_wconf 80' lang='grc'>’</span> <span class='ocrx_word' id='word_1_443' title='bbox 872 4809 873 4816; x_wconf 43' lang='lat'>³</span> <span class='ocrx_word' id='word_1_444' title='bbox 896 4793 994 4855; x_wconf 90' lang='lat' dir='ltr'><strong>matis</strong></span> <span class='ocrx_word' id='word_1_445' title='bbox 1009 4789 1201 4866; x_wconf 85' lang='lat' dir='ltr'><strong>astringatis</strong></span> <span class='ocrx_word' id='word_1_446' title='bbox 1217 4790 1250 4851; x_wconf 91' lang='lat' dir='ltr'><strong>et</strong></span> <span class='ocrx_word' id='word_1_447' title='bbox 1265 4787 1396 4850; x_wconf 88' lang='lat' dir='ltr'><strong>iacietis</strong></span> <span class='ocrx_word' id='word_1_448' title='bbox 1420 4801 1524 4863; x_wconf 88' lang='lat' dir='ltr'><strong>usque</strong></span> <span class='ocrx_word' id='word_1_449' title='bbox 1539 4785 1580 4846; x_wconf 90' lang='lat' dir='ltr'><strong>ad</strong></span> <span class='ocrx_word' id='word_1_450' title='bbox 1593 4785 1693 4846; x_wconf 89' lang='lat' dir='ltr'><strong>satis-</strong></span> 
     </span>
     <span class='ocr_line' id='line_1_51' title="bbox 97 4881 1694 4965; baseline -0.003 -20"><span class='ocrx_word' id='word_1_451' title='bbox 97 4885 159 4960; x_wconf 86' lang='lat' dir='ltr'><strong>iigc</strong></span> <span class='ocrx_word' id='word_1_452' title='bbox 172 4891 351 4965; x_wconf 75' lang='lat' dir='ltr'><strong>Gregorius</strong></span> <span class='ocrx_word' id='word_1_453' title='bbox 372 4890 480 4952; x_wconf 86' lang='lat' dir='ltr'><strong>sancti</strong></span> <span class='ocrx_word' id='word_1_454' title='bbox 493 4891 659 4954; x_wconf 83' lang='lat' dir='ltr'><strong>Theodori</strong></span> <span class='ocrx_word' id='word_1_455' title='bbox 681 4891 842 4953; x_wconf 89' lang='lat' dir='ltr'><strong>diaconus</strong></span> <span class='ocrx_word' id='word_1_456' title='bbox 898 4891 1075 4952; x_wconf 84' lang='lat' dir='ltr'><strong>factionem</strong></span> <span class='ocrx_word' id='word_1_457' title='bbox 1084 4881 1694 4963; x_wconf 84' lang='lat' dir='ltr'><strong>condignamsicutexcommunicatoe</strong></span> 
     </span>
     <span class='ocr_line' id='line_1_52' title="bbox 66 4980 1695 5064; baseline -0.001 -24"><span class='ocrx_word' id='word_1_458' title='bbox 66 4981 229 5048; x_wconf 86' lang='lat' dir='ltr'><strong>cardinatis</strong></span> <span class='ocrx_word' id='word_1_459' title='bbox 244 4985 437 5064; x_wconf 88' lang='lat' dir='ltr'><strong>subscripsi.</strong></span> <span class='ocrx_word' id='word_1_460' title='bbox 898 4987 940 5050; x_wconf 87' lang='lat' dir='ltr'><strong>ab</strong></span> <span class='ocrx_word' id='word_1_461' title='bbox 957 4985 1109 5050; x_wconf 89' lang='lat' dir='ltr'><strong>omnibns</strong></span> <span class='ocrx_word' id='word_1_462' title='bbox 1132 4985 1258 5046; x_wconf 87' lang='lat' dir='ltr'><strong>arctius</strong></span> <span class='ocrx_word' id='word_1_463' title='bbox 1274 4983 1403 5044; x_wconf 87' lang='lat' dir='ltr'><strong>evitari.</strong></span> <span class='ocrx_word' id='word_1_464' title='bbox 1421 4981 1622 5043; x_wconf 86' lang='lat' dir='ltr'><strong>Provideant</strong></span> <span class='ocrx_word' id='word_1_465' title='bbox 1642 4980 1695 5040; x_wconf 89' lang='lat' dir='ltr'><strong>ta-</strong></span> 
     </span>
     <span class='ocr_line' id='line_1_53' title="bbox 99 5074 1695 5156; baseline -0.005 -14"><span class='ocrx_word' id='word_1_466' title='bbox 99 5079 342 5153; x_wconf 81' lang='lat' dir='ltr'><strong>ttgctiainerius</strong></span> <span class='ocrx_word' id='word_1_467' title='bbox 356 5085 479 5146; x_wconf 74' lang='lat' dir='ltr'><strong>sanctae</strong></span> <span class='ocrx_word' id='word_1_468' title='bbox 490 5085 605 5147; x_wconf 74' lang='lat' dir='ltr'><strong>Maris</strong></span> <span class='ocrx_word' id='word_1_469' title='bbox 619 5086 655 5146; x_wconf 91' lang='lat' dir='ltr'><strong>in</strong></span> <span class='ocrx_word' id='word_1_470' title='bbox 669 5085 843 5148; x_wconf 79' lang='lat' dir='ltr'><strong>cosmedin</strong></span> <span class='ocrx_word' id='word_1_471' title='bbox 899 5101 974 5146; x_wconf 89' lang='lat' dir='ltr'><strong>men</strong></span> <span class='ocrx_word' id='word_1_472' title='bbox 1001 5083 1133 5151; x_wconf 88' lang='lat' dir='ltr'><strong>iratres,</strong></span> <span class='ocrx_word' id='word_1_473' title='bbox 1157 5083 1193 5143; x_wconf 91' lang='lat' dir='ltr'><strong>ut</strong></span> <span class='ocrx_word' id='word_1_474' title='bbox 1218 5079 1395 5143; x_wconf 86' lang='lat' dir='ltr'><strong>homicidis</strong></span> <span class='ocrx_word' id='word_1_475' title='bbox 1419 5081 1451 5141; x_wconf 91' lang='lat' dir='ltr'><strong>et</strong></span> <span class='ocrx_word' id='word_1_476' title='bbox 1466 5074 1695 5156; x_wconf 86' lang='lat' dir='ltr'><strong>pestilentibus</strong></span> 
     </span>
     <span class='ocr_line' id='line_1_54' title="bbox 67 5170 1698 5260; baseline -0.002 -25"><span class='ocrx_word' id='word_1_477' title='bbox 67 5170 209 5240; x_wconf 86' lang='lat' dir='ltr'><strong>diaconus</strong></span> <span class='ocrx_word' id='word_1_478' title='bbox 221 5181 402 5244; x_wconf 87' lang='lat' dir='ltr'><strong>cardinalis</strong></span> <span class='ocrx_word' id='word_1_479' title='bbox 416 5181 611 5260; x_wconf 83' lang='lat' dir='ltr'><strong>subscripsi.</strong></span> <span class='ocrx_word' id='word_1_480' title='bbox 900 5179 1090 5243; x_wconf 90' lang='lat' dir='ltr'><strong>hominibus</strong></span> <span class='ocrx_word' id='word_1_481' title='bbox 1111 5179 1153 5242; x_wconf 91' lang='lat' dir='ltr'><strong>ad</strong></span> <span class='ocrx_word' id='word_1_482' title='bbox 1175 5178 1383 5256; x_wconf 89' lang='lat' dir='ltr'><strong>dispendium</strong></span> <span class='ocrx_word' id='word_1_483' title='bbox 1399 5177 1491 5252; x_wconf 87' lang='lat' dir='ltr'><strong>pacis</strong></span> <span class='ocrx_word' id='word_1_484' title='bbox 1506 5176 1604 5250; x_wconf 88' lang='lat' dir='ltr'><strong>atquc</strong></span> <span class='ocrx_word' id='word_1_485' title='bbox 1621 5175 1698 5251; x_wconf 89' lang='lat' dir='ltr'><strong>jus-</strong></span> 
     </span>
     <span class='ocr_line' id='line_1_55' title="bbox 100 5271 1698 5355; baseline -0.012 -6"><span class='ocrx_word' id='word_1_486' title='bbox 100 5273 161 5348; x_wconf 86' lang='lat' dir='ltr'><strong>ligo</strong></span> <span class='ocrx_word' id='word_1_487' title='bbox 182 5278 368 5355; x_wconf 81' lang='lat' dir='ltr'><strong>Stephanus</strong></span> <span class='ocrx_word' id='word_1_488' title='bbox 389 5281 497 5342; x_wconf 89' lang='lat' dir='ltr'><strong>sancti</strong></span> <span class='ocrx_word' id='word_1_489' title='bbox 520 5280 660 5342; x_wconf 82' lang='lat' dir='ltr'><strong>Adriani</strong></span> <span class='ocrx_word' id='word_1_490' title='bbox 684 5279 846 5342; x_wconf 86' lang='lat' dir='ltr'><strong>diaconus</strong></span> <span class='ocrx_word' id='word_1_491' title='bbox 902 5280 986 5342; x_wconf 82' lang='lat' dir='ltr'><strong>titiae</strong></span> <span class='ocrx_word' id='word_1_492' title='bbox 1000 5277 1061 5338; x_wconf 86' lang='lat' dir='ltr'><strong>sub</strong></span> <span class='ocrx_word' id='word_1_493' title='bbox 1075 5278 1139 5338; x_wconf 90' lang='lat' dir='ltr'><strong>hac</strong></span> <span class='ocrx_word' id='word_1_494' title='bbox 1153 5275 1359 5351; x_wconf 86' lang='lat' dir='ltr'><strong>induigentia</strong></span> <span class='ocrx_word' id='word_1_495' title='bbox 1375 5273 1439 5334; x_wconf 92' lang='lat' dir='ltr'><strong>nisi</strong></span> <span class='ocrx_word' id='word_1_496' title='bbox 1455 5271 1539 5333; x_wconf 90' lang='lat' dir='ltr'><strong>iorte</strong></span> <span class='ocrx_word' id='word_1_497' title='bbox 1556 5271 1698 5331; x_wconf 91' lang='lat' dir='ltr'><strong>interce·</strong></span> 
     </span>
     <span class='ocr_line' id='line_1_56' title="bbox 69 5369 1697 5453; baseline 0.001 -27"><span class='ocrx_word' id='word_1_498' title='bbox 69 5371 232 5438; x_wconf 77' lang='lat' dir='ltr'><strong>cardinabs</strong></span> <span class='ocrx_word' id='word_1_499' title='bbox 245 5375 440 5453; x_wconf 86' lang='lat' dir='ltr'><strong>subscripsi.</strong></span> <span class='ocrx_word' id='word_1_500' title='bbox 902 5377 1010 5438; x_wconf 88' lang='lat' dir='ltr'><strong>dendo</strong></span> <span class='ocrx_word' id='word_1_501' title='bbox 1038 5375 1230 5452; x_wconf 72' lang='lat' dir='ltr'><strong>praesidium</strong></span> <span class='ocrx_word' id='word_1_502' title='bbox 1259 5389 1325 5434; x_wconf 91' lang='lat' dir='ltr'><strong>non</strong></span> <span class='ocrx_word' id='word_1_503' title='bbox 1351 5370 1553 5446; x_wconf 91' lang='lat' dir='ltr'><strong>impendant.</strong></span> <span class='ocrx_word' id='word_1_504' title='bbox 1580 5369 1697 5429; x_wconf 89' lang='lat' dir='ltr'><strong>Datum</strong></span> 
     </span>
     <span class='ocr_line' id='line_1_57' title="bbox 103 5463 1698 5550; baseline -0.009 -15"><span class='ocrx_word' id='word_1_505' title='bbox 103 5467 163 5543; x_wconf 69' lang='lat' dir='ltr'><strong>Ego</strong></span> <span class='ocrx_word' id='word_1_506' title='bbox 181 5473 300 5534; x_wconf 89' lang='lat' dir='ltr'><strong>Petrus</strong></span> <span class='ocrx_word' id='word_1_507' title='bbox 319 5475 353 5534; x_wconf 85' lang='lat' dir='ltr'><strong>S.</strong></span> <span class='ocrx_word' id='word_1_508' title='bbox 367 5474 500 5550; x_wconf 79' lang='lat' dir='ltr'><strong>Georgii</strong></span> <span class='ocrx_word' id='word_1_509' title='bbox 516 5474 556 5535; x_wconf 90' lang='lat' dir='ltr'><strong>ad</strong></span> <span class='ocrx_word' id='word_1_510' title='bbox 581 5475 689 5536; x_wconf 86' lang='lat' dir='ltr'><strong>velum</strong></span> <span class='ocrx_word' id='word_1_511' title='bbox 708 5488 847 5535; x_wconf 88' lang='lat' dir='ltr'><strong>aureum</strong></span> <span class='ocrx_word' id='word_1_512' title='bbox 905 5473 1061 5536; x_wconf 84' lang='lat' dir='ltr'><strong>Laterani</strong></span> <span class='ocrx_word' id='word_1_513' title='bbox 1075 5473 1166 5533; x_wconf 88' lang='lat' dir='ltr'><strong>XVii</strong></span> <span class='ocrx_word' id='word_1_514' title='bbox 1179 5470 1312 5532; x_wconf 81' lang='lat' dir='ltr'><strong>kalend.</strong></span> <span class='ocrx_word' id='word_1_515' title='bbox 1326 5467 1474 5545; x_wconf 84' lang='lat' dir='ltr'><strong>januarii</strong></span> <span class='ocrx_word' id='word_1_516' title='bbox 1487 5463 1698 5544; x_wconf 83' lang='lat' dir='ltr'><strong>pontificatus</strong></span> 
     </span>
     <span class='ocr_line' id='line_1_58' title="bbox 71 5557 1255 5649; baseline 0.004 -27"><span class='ocrx_word' id='word_1_517' title='bbox 71 5557 215 5630; x_wconf 85' lang='lat' dir='ltr'><strong>diaconus</strong></span> <span class='ocrx_word' id='word_1_518' title='bbox 226 5571 407 5632; x_wconf 87' lang='lat' dir='ltr'><strong>cardinalis</strong></span> <span class='ocrx_word' id='word_1_519' title='bbox 421 5571 614 5649; x_wconf 84' lang='lat' dir='ltr'><strong>subscripsi.</strong></span> <span class='ocrx_word' id='word_1_520' title='bbox 905 5571 1009 5632; x_wconf 88' lang='lat' dir='ltr'><strong>nostri</strong></span> <span class='ocrx_word' id='word_1_521' title='bbox 1025 5584 1113 5629; x_wconf 89' lang='lat' dir='ltr'><strong>anno</strong></span> <span class='ocrx_word' id='word_1_522' title='bbox 1129 5567 1255 5645; x_wconf 80' lang='lat' dir='ltr'><strong>quinto.</strong></span> 
     </span>
    </p>
   </div>
   <div class='ocr_carea' id='block_1_10' title="bbox 0 0 2018 6304">
    <p class='ocr_par' dir='ltr' id='par_1_14' title="bbox 0 0 2018 6304">
     <span class='ocr_line' id='line_1_59' title="bbox 0 0 2018 6304; baseline 0 0"><span class='ocrx_word' id='word_1_523' title='bbox 0 0 2018 6304; x_wconf 95' lang='lat' dir='ltr'><strong> </strong></span> 
     </span>
    </p>
   </div>
  </div>
 </body>
</html>
