3988 6306
78 303 139 362 ³37
695 301 924 362 EPISTOLAE.
935 349 938 358 ,
950 301 1029 360 LIB.
1053 301 1107 362 IV.

1663 303 1726 366 338

76 459 868 538 mandamuaquatenns,siqnideprmdictorum
923 461 1113 522 nostrorum
1140 461 1320 533 senonen,
1345 460 1585 538 ilotbomagen.
1610 464 1643 526 et
1665 463 1724 524 Bi·
1801 507 1810 519 .

73 559 210 618 fratrum
225 557 393 619 ordinese
406 558 564 626 dicentes,
577 559 612 619 in
629 558 778 635 partibus
792 574 869 618 ves·
922 557 1063 620 turicen.
1105 557 1433 634 archiepiscoporum
1453 557 1586 620 litteris
1606 559 1721 622 ‘nobis

72 656 133 716 tris
160 655 414 732 praedIcaverint
442 655 484 716 ad
515 658 677 734 quaestum
708 655 869 732 pecunia·
922 653 1429 732 exhibitis,'quibusjamdiciam
1444 656 1719 721 'consuetudinem

72 768 146 812 rum
170 769 207 813 se
226 753 460 826 convertendo,
479 769 538 830 per
561 753 648 830 quod
673 753 868 829 religionem
922 752 957 812 iu
998 752 1068 813 suis
1107 752 1258 814 obtinere
1290 754 1473 830 provinciis
1503 759 1721 830 asseveraut;

72 865 200 921 eorum,
212 850 269 926 qui
282 853 511 928 paupertatem
523 851 666 928 professi
681 851 769 922 sunt,
781 866 867 912 con-
922 865 1025 926 quare
1038 849 1128 912 idem
1150 853 1314 912 Toronen
1336 851 1432 914 nobis
1448 851 1623 914 humiliter
1636 869 1722 930 sup-

72 948 216 1022 tingeret
245 947 413 1020 infamari,
445 965 504 1010 vos
532 950 689 1026 mnquam
713 947 868 1010 falsarios
922 948 1230 1024 plicavittutquum
1245 948 1597 1027 praefatusepiscopus
1614 951 1723 1012 iuim-

71 1045 210 1120 capiatis
226 1047 258 1106 et
277 1045 503 1108 condemnetis
522 1046 665 1108 eosdem.
680 1048 799 1118 Datum
809 1046 869 1106 Vi-

70 1141 169 1203 terbii
192 1145 239 1202 111
260 1141 302 1202 id.
316 1143 517 1216 novembris,
534 1143 747 1221 pontificatus
762 1144 868 1206 nostri

70 1255 159 1301 anno
173 1241 304 1317 quarto.
383 1265 385 1272 >

404 1389 534 1482 XLIII

69 1536 118 1594 Ad
137 1535 295 1596 abbatem
312 1536 347 1597 et
366 1539 522 1610 pitaram
536 1535 656 1598 saaca
673 1537 818 1600 Victoris
833 1538 868 1598 ct

103 1635 151 1691 cat
165 1634 379 1708 mapistram
393 1637 431 1695 G.
446 1638 573 1736 dicarat
585 1637 867 1697 archidiaconum

105 1732 363 1792 Periclen-rem.

357 1809 388 1865 il
409 1823 474 1868 nov.
492 1809 584 1878 ,tite

97 1919 221 1984 [Regem
232 1921 276 1971 tib.
288 1922 331 1980 IV,
343 1921 478 1988 epistello.
488 1922 546 1981 Mas,
558 1923 594 1974 Ls
603 1923 680 1974 Parte
692 1923 727 1972 du
741 1921 836 1988 ftituil]

69 2027 183 2085 landet
197 2029 242 2085 eis
255 2036 284 2086 ut
298 2030 328 2086 iu
343 2043 442 2098 corso,
456 2043 521 2101 aure
534 2021 608 2086 iuter
620 2029 867 2102 archiepiscopum

100 2119 299 2174 turonensem
313 2124 343 2174 et
352 2118 773 2191 cenomanensemepisrcpun
782 2131 868 2192 super

96 2205 297 2276 jurisdictione
317 2207 509 2263 ecclesiastica
531 2207 701 2276 vertebatur,
725 2206 794 2272 nibil
807 2215 865 2288 sta·-

101 2292 867 2368 tuetur,douecpontiferipsearchiepiscopuml'uro·

101 2399 225 2440 oensem
241 2381 395 2442 adsedem
411 2381 604 2457 Apostolicam
623 2384 752 2444 audierit.

106 2511 289 2582 Honorius,
306 2511 381 2582 etc„
398 2509 527 2572 dilectis
542 2511 657 2574 filiis...
669 2509 781 2575 abbati
796 2512 865 2572 et...

70 2606 166 2682 priori
182 2607 217 2666 S.
239 2607 383 2668 Victoris
398 2607 431 2668 et
448 2609 609 2686 magistro
625 2611 661 2670 G.
679 2606 799 2690 Beurel
810 2622 868 2670 ar-

71 2703 151 2764 chid.
170 2704 352 2776 parisien,
369 2704 525 2776 salutem,
539 2707 601 2768 etc.

104 2801 300 2864 Venerabili
335 2801 438 2866 fratre
473 2806 587 2866 nostro
625 2802 867 2866 cenomanensi

72 2901 226 2977 episcopo
249 2900 285 2960 in
304 2903 418 2964 nostra
430 2900 510 2961 olim
524 2901 701 2978 praesentia
722 2916 868 2978 conque·

72 3003 159 3059 rente
177 2997 267 3074 qnod
291 2995 581 3084 cumvenerabilis
599 2998 702 3061 frater
715 2999 864 3086 noster...

71 3095 237 3155 Toronen.
252 3092 523 3174 archiepiscopus
538 3095 810 3172 metropolitanus
831 3096 866 3156 in

70 3196 137 3266 ejus
152 3193 294 3252 diaecesi
312 3192 457 3254 officium
473 3193 674 3256 visitationis
693 3193 864 3270 impendit,

69 3291 168 3358 etin
199 3293 272 3366 ejus
293 3291 327 3352 et
352 3291 503 3354 ecclesia
531 3307 601 3354 suae
622 3290 864 3368 praejudicium,

69 3387 240 3462 cognoscit
254 3387 294 3450 de
315 3388 427 3450 causis
447 3387 612 3460 omnibus,
632 3404 705 3464 qnae
726 3388 769 3450 ad
790 3404 866 3450 eum

69 3500 123 3558 per
146 3484 335 3561 simplicem
357 3486 601 3563 querimoniam
623 3485 817 3547 deferuntur
834 3489 868 3549 et

67 3583 169 3642 etiam
190 3597 248 3644 eas
267 3583 441 3646 committit
464 3583 542 3646 aliis
554 3583 811 3659 cognoscendas,
826 3599 866 3646 ac

67 3679 198 3752 passim
223 3679 340 3756 recipit
361 3680 612 3757 appellationes,
640 3695 714 3758 quae
737 3697 757 3742 a
782 3680 864 3742 sub-

67 3775 142 3838 ditis
172 3776 245 3836 suis
267 3777 524 3854 interponuntur
544 3778 587 3840 ad
609 3778 729 3855 ipsum,
750 3779 865 3840 eodem

67 3875 227 3950 episcopo
250 3875 489 3951 praetermissor
513 3889 575 3944 uos
591 3875 739 3939 examini
755 3875 865 3939 vestro

66 3971 97 4031 iu
112 3973 285 4033 communi
312 3971 419 4036 forma
433 3973 659 4042 commisimus
675 3973 866 4050 bvtjusmodi

66 4069 298 4146 quaesti0uem.
319 4072 434 4148 Nuper
451 4073 563 4154 autem
578 4071 666 4134 idem
680 4071 866 4149 omniaple-

67 4183 171 4246 copus
185 4169 354 4244 proposuit
368 4183 482 4238 coram
499 4170 594 4236 nobie
607 4169 781 4247 antiquam
792 4185 865 4234 esse

67 4265 397 4344 archiepiscoporum
412 4269 577 4332 Turoueu.
592 4267 863 4330 consuetudinem

67 4368 96 4422 et
117 4364 285 4426 hactenus
312 4364 521 4430 observatam
549 4365 584 4426 in
616 4365 774 4443 subjectis
799 4365 864 4428 sibi

68 4460 864 4535 dioecesibus,dumlllasvisitant,audirecausas

67 4559 259 4620 earumdem
270 4559 450 4622 muccosum
459 4560 586 4625 delatas
597 4561 707 4625 adeos
717 4577 777 4638 per
789 4563 865 4624 sim·

68 4659 186 4731 plicem
210 4657 464 4733 querimoniam,
491 4673 532 4720 ac
559 4659 661 4722 eliam
681 4660 865 4723 audiendas

68 4755 143 4814 aliis
163 4753 330 4830 delegare,
345 4754 413 4816 illis
432 4754 598 4818 duntaxat
610 4757 774 4834 exceptis,
790 4768 864 4834 quse

68 4851 355 4928 adapostolicam
379 4855 456 4918 sunt
484 4853 667 4916 referendae
686 4855 862 4932 judicium,

922 1046 1106 1122 patratione
1132 1046 1320 1108 litterarum
1355 1051 1556 1119 nostrarum,
1576 1050 1722 1111 mentio-

922 1159 998 1204 nem
1012 1159 1078 1204 non
1093 1143 1219 1206 faeleus
1232 1144 1273 1205 de
1288 1145 1527 1209 cousuetudine
1540 1145 1721 1222 saepedicta

922 1257 995 1302 eam
1006 1242 1181 1304 veritatem
1191 1243 1426 1320 suppresserit,
1438 1257 1501 1321 qua
1512 1255 1671 1320 expressa
1684 1244 1721 1304 il-

922 1339 972 1402 les
988 1339 1178 1405 nullatenus
1191 1341 1411 1417 impetrasset,
1424 1355 1482 1402 eas
1494 1341 1718 1416 dignaremur,

923 1437 1107 1514 praesertim
1122 1453 1197 1500 cum
1208 1453 1261 1500 res
1277 1439 1386 1500 adbuc
1401 1438 1560 1500 credatur
1577 1439 1719 1516 integra,

923 1551 1092 1608 revocare,
1108 1551 1152 1598 ne
1171 1535 1260 1598 idem
1274 1536 1550 1614 archiepiscopus
1569 1551 1720 1612 causam·

922 1649 996 1712 qna
1006 1633 1227 1696 communiter
1240 1633 1349 1709 tangit
1361 1646 1477 1698 omnes
1491 1629 1723 1711 archiepisopi

922 1748 981 1808 pos
1006 1731 1206 1802 Galliarum,
1237 1733 1270 1793 et
1294 1747 1337 1792 ex
1362 1747 1427 1809 qua
1452 1733 1541 1794 inter
1563 1733 1664 1809 ipsos,
1681 1733 1723 1796 'et

922 1843 1037 1888 eorum
1050 1826 1281 1902 suffraganeos
1291 1843 1395 1903 grave
1413 1828 1520 1905 possit
1527 1827 1722 1890 scandalum

922 1924 1088 2000 generari,
1099 1926 1225 2002 primus
1238 1927 1273 1987 et
1281 1926 1373 1987 solus
1385 1923 1563 1996 defendere
1573 1924 1721 2002 compel-

923 2022 1020 2085 laiur.
1046 2022 1114 2084 Nos
1141 2022 1243 2099 igitur
1263 2023 1472 2097 attendentes
1490 2023 1576 2101 quod
1602 2023 1717 2100 procul

922 2120 1021 2184 dubio
1056 2123 1178 2182 nostrae
1209 2121 1404 2182 intentionis
1430 2137 1496 2182 non
1522 2120 1634 2182 extitit
1660 2136 1720 2197 per

923 2219 1189 2281 commissionem
1215 2216 1403 2296 hujusmodi
1414 2211 1600 2280 ‘concutere
1614 2219 1718 2280 totam

922 2317 1097 2378 ecclesiam
1128 2316 1351 2388 Gallicanam,
1374 2316 1588 2394 praesentium
1623 2315 1718 2378 vobis

922 2413 1508 2492 aucmmmmmandamumquatenus
1521 2417 1719 2476 revocantes

922 2512 950 2573 si
972 2511 1049 2591 quid
1075 2513 1160 2578 forte
1180 2512 1306 2578 fecistis
1328 2513 1506 2576 occasione
1530 2511 1720 2589 hujusmodi

922 2609 1124 2681 litterarum,
1144 2611 1327 2688 postquam
1346 2610 1434 2670 idem
1446 2609 1717 2686 archiepiscopus

921 2707 1306 2784 imrarripuitadsedem
1315 2705 1716 2784 Apostolimmveniendi,

921 2805 1009 2866 dicto
1020 2805 1153 2880 negotio
1163 2805 1383 2882 supersedere
1394 2799 1528 2876 curetis,
1544 2803 1649 2864 donee
1659 2819 1721 2864 nos

921 2901 1722 2979 quaedepraefataconsuetudinepraemissas'nnt

921 3000 1052 3076 plenius
1074 2999 1252 3075 indagatis
1275 2999 1508 3076 provideamus
1529 2997 1717 3076 superbae,

921 3097 1008 3174 quod
1023 3097 1205 3160 viderimus
1220 3095 1471 3176 providendum,
1488 3095 1535 3166 ita
1550 3095 1637 3172 qnod
1661 3111 1722 3172 per
1813 3157 1826 3170 ,

921 3211 1069 3272 praesens
1090 3195 1281 3258 mandatum
1308 3195 1418 3256 neutri
1447 3193 1532 3270 parti
1560 3192 1721 3270 praejudi-

922 3293 1011 3353 cium
1037 3295 1224 3369 generetur.
1251 3294 1370 3354 Datum
1387 3291 1537 3354 vtterbii
1566 3293 1613 3352 llI
1642 3290 1719 3352 idus

921 3390 1112 3452 novembris
1132 3390 1341 3468 pontificatus
1364 3389 1468 3452 nostri
1484 3403 1572 3450 anno
1585 3389 1717 3466 quarto.

1258 3577 1383 3664 XLIV

942 3721 992 3780 Ad
1018 3723 1185 3795 attactam
1201 3719 1443 3793 patriarcham
1472 3697 1706 3780 (trudensem.¹

1181 3827 1185 3836 '
1215 3841 1324 3898 tanov.
1343 3842 1421 3898 tate.
1463 3887 1465 3894 ,
1594 3915 1597 3923 p

995 3949 1123 4012 [Tbeiner,
1135 3949 1190 3998 vet.
1202 3946 1350 4030 momSlcv.
1361 3946 1461 4018 mend..
1476 3947 1496 4007 1,
1508 3946 1547 4006 ll,
1559 3960 1585 4028 n,
1597 3945 1651 4028 tlt]

920 4111 923 4118 .
956 4055 1092 4129 Concedit
1101 4062 1131 4114 ut
1143 4054 1208 4128 jure
1220 4069 1283 4124 suo,
1295 4053 1324 4112 io
1335 4052 1532 4112 confirmando
1542 4061 1573 4118 et¹
1584 4067 1687 4128 oense·

990 4144 1099 4226 crepido
1111 4144 1202 4203 electo
1216 4143 1365 4202 ladertino
1377 4150 1407 4200 et
1416 4143 1445 4202 iu
1460 4143 1534 4214 aliis,
1544 4149 1649 4202 utetur.

961 4263 1146 4334 Honorius,
1175 4263 1250 4334 etc,
1288 4261 1471 4324 venerabili
1512 4261 1716 4338 patriarcha

919 4361 1093 4433 (bracensi,
1105 4362 1259 4432 salutem,
1271 4361 1335 4422 etc.
1762 4419 1765 4424 .

961 4460 1048 4522 Olim
1061 4461 1093 4522 te
1104 4459 1319 4536 postulantea
1332 4455 1438 4528 nobis,
1452 4456 1720 4519 utconfirmandi

918 4555 1721 4634 etcoosecrandidadertinumelectum,palliino·

919 4656 969 4718 bis
980 4656 1160 4718 traditione
1171 4655 1422 4730 servata,prout
1432 4653 1468 4713 in
1478 4653 1659 4716 Gradensis
1670 4669 1722 4716 ec·

918 4754 1030 4816 clasiae
1040 4751 1225 4830 privilegiIs
1234 4751 1540 4824 asseriscontineri,
1550 4751 1720 4814 licentiam

918 4852 978 4912 tibi
991 4850 1173 4914 concedere
1184 4849 1416 4925 dignaremur3
1432 4862 1494 4912 nos
1510 4849 1720 4912 idfacerere·

918 4951 1085 5020 cusantes,
1100 4963 1142 5008 ne
1155 4948 1183 5008 si
1194 4948 1279 5010 forte
1292 4947 1390 5009 aliter
1403 4948 1501 5020 esset,
1510 4947 1632 5010 exinde
1642 4963 1721 5023 pos-

918 5047 962 5108 sit
992 5045 1142 5108 ecclesiae
1160 5045 1341 5114 ladertime
1365 5046 1595 5122 praeiudicium
1615 5059 1720 5120 gene·

69 5161 125 5206 nes
141 5145 294 5220 recipere
303 5145 344 5206 ad
357 5144 461 5222 ipsos,
471 5147 704 5223 pretermissis
715 5148 863 5210 locorum
917 5145 1003 5219 rari;
1020 5160 1080 5222 per
1092 5147 1225 5206 nostras
1239 5144 1368 5206 litteras
1384 5143 1536 5206 dedimus
1553 5141 1658 5219 ipsius
1668 5157 1720 5203 ec-

68 5243 242 5320 episcopis,
254 5242 459 5320 interjectas,
470 5244 669 5322 ubicumque
679 5245 791 5308 sintin
801 5262 862 5308 sua
918 5243 1030 5304 clesiae
1045 5242 1282 5304 archidiacono
1292 5242 1523 5318 etcapituloin
1539 5239 1718 5314 mandatis,

69 5339 238 5415 provincia
273 5341 443 5404 constituti
469 5361 477 5402 ι
507 5342 651 5420 denique
684 5347 864 5407 consuetu·
918 5343 954 5402 ut
972 5340 1042 5402 nisi
1068 5340 1153 5401 forte
1174 5340 1364 5402 consentire
1386 5338 1513 5400 vellent
1527 5339 1640 5400 tetsuo
1655 5339 1722 5400 im-

69 5438 187 5510 dinem,
212 5438 411 5502 nouaclum
432 5439 468 5500 in
494 5442 659 5502 Toronen.
677 5441 861 5518 provincia,
918 5439 1061 5515 pendere
1082 5453 1204 5500 munus
1215 5435 1481 5498 confirmationis
1494 5439 1528 5498 et
1542 5453 1720 5500 consecra-

68 4953 96 5010 et
117 4967 193 5026 quae
216 4952 293 5012 suut
314 4963 426 5012 coram
449 4951 598 5026 ipsarum
623 4951 864 5029 episcopisvel

69 5063 181 5110 eorum
204 5046 404 5125 officialibus
429 5048 594 5114 incboatas
609 5065 649 5112 ac
663 5049 863 5128 appellatio·

71 5551 180 5596 verum
200 5535 302 5596 etiam
320 5535 355 5596 in
380 5537 457 5613 aliis
479 5538 662 5614 provinciis
677 5539 861 5601 ffllliarum
917 5536 1144 5608 tioniselecto,
1161 5536 1194 5596 in
1210 5535 1292 5596 festo
1308 5533 1397 5596 beati
1413 5535 1550 5598 Martini
1568 5537 1721 5614 proximo

70 5632 210 5694 asseruit
244 5631 410 5709 obtinere,
447 5635 688 5698 venerabilium
721 5637 860 5700 fratrum
919 5632 1723 5714 procuratoresidoueosadnostrampraesentiam
