3946 6304
75 351 125 411 lat
691 349 918 411 EPISTOLAE.
943 347 1019 412 LIB.
1043 352 1081 412 V.
1647 349 1706 411 4118

75 507 208 586 episcopi
219 507 340 571 statuta
352 510 505 586 recipere
517 508 704 582 teneantur,
719 509 857 587 excepto
911 507 1012 588 super
1026 510 1090 574 lioc
1113 511 1242 587 regium
1266 511 1435 588 accepisse
1454 510 1708 589 mandatumst

75 605 151 683 quod
183 607 488 668 excommunicatos
523 608 556 669 at
590 607 785 669 interdictos
814 607 855 668 ab
910 607 1018 670 dictus
1056 607 1279 670 subdiaconus
1314 609 1401 672 idam
1427 608 1524 670 nobis
1560 608 1706 670 scribere

75 704 216 780 episcopo
234 703 363 764 aretin.
388 704 532 767 scienter
553 720 620 766 101
638 705 802 781 recipient
813 704 855 766 ad
911 706 1134 782 procurasset,
1157 705 1269 768 mirati
1297 721 1411 768 sumus
1436 721 1504 768 non
1527 705 1705 777 modicum,

76 801 187 861 diuina.
203 801 273 862 Nos
291 801 395 878 igitur
415 803 687 878 compositionem
709 802 854 879 praedic-
910 802 996 880 qnod
1011 817 1111 880 quum
1123 805 1158 864 te
1168 804 1313 865 intrasse
1328 802 1592 864 intellexerimus
1602 806 1707 864 Lorn-

74 901 132 959 tarn
154 898 283 972 gratam
307 899 469 960 stratam
492 897 664 971 babentes,
694 899 801 978 ipsam
816 899 856 961 de
911 897 1073 972 bardiam,
1101 899 1186 962 nihil
1207 900 1259 962 est
1280 899 1376 962 nobis
1398 899 1439 961 de
1461 900 1514 960 his
1531 915 1593 977 per
1606 900 1705 962 tevai

75 995 201 1056 fratrum
224 995 415 1058 1001101010
442 995 582 1056 consilio
605 995 762 1060 duximus
775 1012 857 1057 001-
909 995 1034 1058 dictum
1049 997 1288 1059 subdiaconum
1309 998 1509 1060 nuntiatum.
1535 1000 1582 1058 De
1597 997 1707 1074 ipsius

75 1089 269 1162 tirmandam,
296 1091 527 1170 prohibentes,
558 1094 595 1154 ut
630 1092 854 1154 camaldulen.

75 1188 187 1254 Aratin.
205 1189 360 1264 episcopo
375 1188 410 1248 in
425 1188 592 1265 praedictis
612 1189 697 1249 nihil
710 1189 855 1250 difficul-

75 1286 141 1346 tatis
163 1285 344 1362 opponant,
371 1287 404 1346 et
431 1288 606 1363 episcopus
635 1285 793 1348 aratinus
821 1288 856 1348 in

78 1381 292 1442 camaldulen.
309 1382 857 1460 0001001101110110110101000-

78 1483 149 1550 1010,
161 1479 208 1538 111
221 1479 362 1541 01101101
373 1479 466 1542 salvo
477 1482 554 1556 jure
567 1481 855 1558 utriusquepartis

77 1592 164 1652 super
173 1577 358 1652 quaestione
374 1576 606 1638 membrorum.
619 1578 781 1650 Quocirca
793 1579 857 1640 dis·

75 1673 200 1734 orationi
212 1677 334 1735 vestrm
349 1689 409 1750 per
422 1675 612 1751 apostolica
628 1676 752 1752 scripta
768 1691 858 1738 man·

75 1771 195 1838 damus,
237 1771 403 1847 quatenus
447 1773 719 1848 compositionem
749 1773 856 1850 ipsam

74 1867 190 1928 faciatis
213 1868 412 1930 auctoritate
430 1872 555 1941 nostra,
583 1869 714 1931 sublato
736 1871 855 1947 appel-

75 1964 196 2024 lationis
214 1963 397 2036 obstaculo,
414 1966 654 2028 inviolabiliter
669 1966 854 2030 observari.

76 2062 178 2122 batum
203 2062 290 2137 apud
315 2063 436 2124 Urbem
450 2066 615 2136 Veterem,
632 2065 780 2126 secundo
792 2081 856 2126 no-

74 2159 272 2234 uasauguati,
284 2159 498 2236 pontificatus
507 2162 613 2224 nostri
625 2176 713 2226 anuo
727 2162 855 2239 usuum.

420 2329 497 2415 XII

113 2453 159 2512 Ad
177 2453 375 2514 conradum
390 2456 586 2528 0110001111
605 2453 808 2516 Meteuem.

337 2556 356 2613 a
368 2557 481 2630 augusti
493 2557 571 2614 fato,

141 2649 265 2710 [l'heiner¹
277 2650 339 2702 Coti.
352 2649 415 2717 dipl.
427 2651 534 2704 dominii
544 2657 622 2718 temp.
637 2653 656 2714 l,
672 2654 711 2712 do,
723 2654 777 2719 81]

76 2745 105 2800 b'f
117 2746 239 2804 Aletriuo
250 2747 438 2817 subdiacono,
451 2749 609 2808 secuudum
627 2736 797 2808 'mandatum
811 2767 854 2809 re-

105 2834 186 2904 gium,
212 2843 320 2894 terram
343 2839 497 2895 comitissae
517 2837 671 2909 llatbildis,
693 2841 756 2897 siue
774 2855 855 2898 mora

105 2921 225 2980 restituat
234 2931 263 2981 et
273 2925 412 2999 resignet.

108 3030 266 3092 Honorius
278 3033 464 3110 episcopus,
475 3050 590 3096 servus
604 3049 776 3096 servorum
783 3037 853 3105 Dei,

76 3127 241 3190 venerabili
279 3129 374 3191 fratri
399 3131 554 3208 episcopo
577 3133 728 3204 Metensi,
750 3133 857 3210 impe-

77 3222 158 3283 rialis
173 3227 256 3288 aulae
271 3228 485 3302 cancellario,
509 3229 650 3291 salutem
667 3231 700 3291 01
714 3233 854 3307 aposto·

75 3317 159 3380 licam
171 3321 446 3386 benedictionem.

108 3417 179 3490 Tua,
204 3419 292 3502 sicut
326 3423 503 3496 credimus,
538 3423 730 3487 fraternitas
760 3441 856 3488 raco-

75 3515 189 3584 gnoscit
198 3534 262 3594 qua
273 3519 306 3586 te
316 3521 537 3597 praerogativa
550 3520 738 3584 dilectionis
750 3525 856 3586 mater

79 3609 127 3670 tua
148 3615 294 3676 Romana
339 3617 487 3678 Ecclesia
522 3617 624 3680 fuerit
651 3621 853 3696 amplexata,

77 3710 186 3783 quaita
200 3712 260 3776 tibi
278 3717 418 3790 januam
440 3731 509 3776 sum
530 3715 689 3778 bonitatis
711 3718 853 3793 aperuit,

77 3805 106 3862 ut
118 3807 249 3881 quadam
267 3810 433 3886 singulari
447 3812 601 3888 gratiale
620 3812 754 3874 duxerit
768 3813 855 3874 inter

909 1106 988 1170 ergo
1010 1094 1204 1156 subdiaconi
1229 1093 1378 1156 absentia
1403 1093 1614 1166 dubitantes,
1640 1093 1708 1154 Ι(11-

910 1191 1030 1253 lectum
1046 1191 1151 1252 filiurn
1165 1191 1373 1268 Raynaldum
1396 1191 1544 1252 Munaldi
1567 1191 1706 1253 subdia-

910 1303 1030 1349 conum
1042 1290 1076 1351 et
1088 1289 1296 1365 capellanum
1310 1291 1470 1360 nostrum,
1497 1288 1607 1350 virium
1622 1304 1708 1366 pro-

910 1385 1022 1446 vidum
1036 1387 1069 1446 et
1081 1385 1272 1458 discretum,
1289 1383 1385 1446 nobis
1399 1383 1433 1448 et
1447 1385 1604 1448 fratribus
1618 1402 1704 1447 nos·
1809 1452 1810 1458 .

909 1481 970 1542 tris
985 1498 1055 1544 suae
1075 1484 1194 1545 merito
1208 1482 1382 1559 probitatis
1408 1485 1590 1560 acceptum,
1611 1483 1654 1544 ad
1668 1487 1702 1545 te

910 1579 1065 1640 duximus
1080 1578 1323 1651 destinandum,
1350 1580 1590 1642 fraternitatem
1611 1581 1703 1642 tuam

910 1677 1076 1752 rogantes,
1102 1679 1274 1740 monentes
1298 1677 1699 1750 01101101100011011100,

910 1775 942 1834 ct
956 1789 1016 1850 per
1038 1774 1228 1850 apostolica
1251 1774 1311 1836 tibi
1345 1776 1469 1851 scripta
1492 1775 1699 1848 mandantes,

910 1871 1074 1946 quatenus
1100 1874 1219 1946 ipsum,
1250 1871 1350 1932 immo
1374 1872 1483 1948 potius
1509 1888 1570 1933 nos
1599 1873 1633 1933 in
1662 1887 1702 1933 eo

909 1966 1053 2042 benigne
1073 1967 1240 2043 recipiens
1264 1969 1298 2030 et
1316 1969 1454 2030 honeste
1480 1970 1699 2046 pertractans,

910 2067 1034 2126 terram
1069 2065 1247 2126 comitissae
1286 2065 1480 2138 mathildis,
1517 2067 1699 2128 secundum

910 2162 1101 2224 mandatum
1119 2163 1249 2238 regium
1264 2163 1295 2224 ai
1308 2163 1442 2224 nomine
1458 2164 1573 2226 nostro
1594 2164 1628 2225 et
1644 2166 1703 2224 Ec·

910 2259 1021 2322 clasiae
1049 2263 1219 2333 Romanae,
1246 2261 1337 2322 omni
1360 2275 1453 2321 mora
1477 2264 1511 2322 et
1525 2262 1702 2325 occasione

910 2358 1112 2434 postpositis
1137 2357 1295 2418 restituas
1311 2359 1343 2419 et
1362 2359 1522 2433 resignes,
1548 2359 1595 2422 ita
1615 2358 1701 2436 quod

910 2470 969 2530 per
983 2453 1169 2532 promptum
1185 2454 1340 2516 affectum
1354 2454 1396 2516 de
1406 2454 1465 2516 tuo
1478 2455 1581 2532 regiis
1593 2455 1703 2518 videa·

885 2623 886 2626 Ἴ
908 2551 956 2611 110
968 2550 1186 2628 beneplacitis
1201 2551 1375 2627 adjecisse,
1390 2567 1451 2628 per
1461 2552 1546 2628 quod
1561 2552 1704 2627 gaudea-

909 2664 982 2710 mus
997 2649 1037 2709 de
1051 2649 1171 2723 gratia,
1188 2663 1286 2725 quam
1309 2647 1370 2709 tibi
1386 2649 1576 2724 apostolica
1602 2649 1704 2710 Sedes

909 2745 1070 2816 exhibuit,
1088 2745 1324 2821 cognoscentes
1345 2747 1378 2806 10
1393 2745 1499 2822 ipsam
1515 2761 1581 2806 uon
1596 2746 1631 2806 in
1648 2760 1705 2807 va·

909 2857 1006 2903 cuum
1028 2842 1207 2918 accepisse,
1231 2842 1332 2903 acad
1359 2839 1581 2903 exhibendum
1596 2841 1704 2902 abun-

909 2939 1042 3000 dantius
1065 2939 1249 3000 sinceritati
1275 2941 1340 3000 1000
1358 2938 1564 3000 commodum
1587 2941 1620 3002 et
1640 2939 1705 3000 llo-

909 3051 1023 3097 noram
1038 3031 1280 3098 constituamur
1293 3033 1354 3097 tibi
1368 3051 1444 3098 cum
1470 3037 1621 3098 Romana
1640 3039 1704 3098 lic-

909 3132 1013 3193 clesia
1028 3131 1202 3194 debitores.
1220 3132 1338 3193 Datum
1354 3131 1441 3209 apud
1461 3131 1704 3196 1110111010-

909 3245 997 3302 ram,
1028 3230 1126 3291 nonis
1167 3229 1311 3306 augusti,
1354 3229 1566 3306 pontificatus
1596 3231 1703 3292 nostri

910 3339 997 3388 anno
1013 3327 1139 3405 quinto.

1257 3433 1355 3520 XIII

949 3557 1002 3618 Ad
1024 3559 1228 3631 dumorum,
1256 3557 1516 3619 thesaurarium
1537 3559 1666 3632 Teucptt

1191 3655 1417 3715 Pcrtsteuata.

1173 3755 1191 3813 1
1216 3761 1330 3828 august.
1358 3755 1438 3814 lano.

941 3851 1079 3916 [bouquet
1091 3851 1192 3902 llecucil
1205 3851 1248 3901 des
1264 3851 1339 3909 Hist,
1350 3857 1369 3902 t.
1384 3851 1451 3910 XIX,
1464 3865 1491 3916 p.
1501 3851 1555 3910 7011
1565 3851 1674 3917 aegest,
1772 3894 1777 3907 ,

78 3903 200 3966 cataros
221 3907 453 3972 honorandum
475 3931 483 3968 :
505 3910 620 3970 tenere
640 3909 778 3987 insuper
797 3909 857 3971 11-
1240 3931 1369 3995 epicura]

77 4009 152 4059 uum
171 4001 279 4076 debes,
295 4005 381 4082 quod
397 4020 511 4067 10000
527 4007 559 4068 10
581 4007 733 4069 caritatis
745 4006 857 4068 abun·-
909 4021 1075 4093 uymuuuuu,
1093 4017 1224 4076 laudibus
1249 4019 1425 4076 cumulatum
1453 4033 1531 4077 nunc
1558 4020 1702 4080 Honorius

77 4091 173 4158 101110
189 4103 420 4176 praevenimus,
434 4102 590 4164 utdetuo
605 4104 709 4165 simus
725 4104 854 4165 honore
944 4109 1083 4180 increpat,
1111 4107 1187 4180 quod
1223 4107 1386 4181 Apostolica
1412 4106 1492 4180 jrrssa
1520 4115 1703 4182 pretergres-

78 4180 198 4256 solliciti'
208 4199 240 4280 01
251 4198 394 4260 libenter
408 4199 448 4261 de
463 4199 527 4268 nis,
545 4216 618 4277 quaa
632 4201 725 4262 tuum
741 4201 854 4262 inore·
944 4211 993 4253 ⁸11⁸
1006 4195 1100 4253 fuerit.

80 4291 206 4353 uentum
221 4295 415 4372 respiciunt,
432 4298 625 4372 cogitemus.
643 4300 752 4371 Quare
767 4299 855 4360 deta
950 4295 1117 4356 Honorius
1154 4295 1340 4372 episcopus,
1372 4310 1490 4356 servus
1530 4311 1703 4358 serrorum

80 4385 248 4458 apostolica
275 4393 376 4454 Sedes
398 4395 431 4456 et
455 4410 515 4457 nos
534 4394 695 4470 cumipse
711 4395 854 4456 confidi-
910 4391 979 4462 Dei,
995 4391 1117 4454 dilecto
1133 4393 1202 4453 filio
1213 4391 1308 4454 fratri
1327 4396 1480 4469 Aymaro,
1496 4392 1706 4453 thesaurario

81 4493 150 4554 flius,
174 4489 256 4564 quod
278 4506 467 4553 memorans
489 4507 575 4563 earu,
599 4506 696 4567 quam
719 4492 760 4552 ab
783 4493 855 4568 ipsa
909 4489 1025 4550 dornus
1041 4489 1308 4566 militiae'rempli
1332 4489 1545 4562 Parisiensis,
1561 4489 1705 4552 salutem

79 4581 201 4646 11010011
215 4587 435 4661 dulcedinem,
459 4590 493 4650 et
508 4587 724 4651 considerans
743 4605 854 4650 rorem
909 4588 942 4647 et
956 4587 1173 4662 apostolicam
1185 4586 1461 4648 benedictionem.

78 4673 128 4735 tibi
146 4696 211 4744 suaa
232 4684 475 4747 benedictionis
501 4687 608 4762 magis
634 4702 673 4748 ac
688 4688 808 4763 magis,
825 4689 855 4749 si
950 4682 1117 4760 Numquid
1133 4698 1200 4743 nou
1214 4700 1257 4744 ex
1272 4699 1373 4744 causa
1391 4683 1563 4753 miramur,
1575 4683 1604 4745 si
1628 4683 1707 4745 abs-

81 4768 108 4830 10
121 4778 183 4850 ejus
197 4780 370 4848 devotione
388 4784 584 4859 perstiteris,
600 4784 852 4857 infundendum,
910 4797 973 4856 que
988 4780 1144 4842 mandato
1159 4782 1275 4842 nostro
1288 4797 1342 4842 res
1356 4796 1430 4858 quae
1452 4782 1493 4842 ad
1517 4797 1578 4842 nos
1602 4782 1709 4861 perti-

80 4878 226 4940 teleusin
242 4881 374 4956 pectore
389 4885 446 4942 tuo
461 4881 583 4942 debeas
607 4882 765 4944 Ecclesiae
788 4884 856 4944 Ro-
910 4879 976 4950 net,
991 4879 1112 4954 agatur
1124 4893 1183 4954 per
1207 4878 1323 4951 alium,
1337 4880 1371 4940 01
1385 4877 1472 4956 quod
1498 4877 1594 4941 nobis
1620 4877 1708 4938 dun-

80 4976 170 5032 manae
180 4978 320 5052 negotia,
344 4979 378 5040 et
392 4978 492 5040 etiam
507 4994 546 5040 ea
558 4980 655 5041 uobis
668 4979 855 5042 tacentibus
908 4979 1003 5038 taxat
1031 4974 1204 5046 incumbit,
1235 4975 1309 5038 sine
1346 4978 1460 5037 nostro
1496 4974 1705 5050 beneplacito

81 5075 250 5135 lrocurare.
275 5077 379 5146 Quum
403 5077 514 5138 autem
529 5076 725 5152 jamdudum
742 5079 856 5153 regias
909 5075 1128 5150 disponatur?
1155 5073 1263 5146 Nosti,
1302 5072 1388 5150 quod
1422 5070 1519 5134 uobis
1556 5071 1707 5134 imminet

81 5170 424 5239 accepeumuslmaras
434 5173 653 5248 continentes
668 5174 855 5250 quodragia
909 5172 1078 5248 negotium
1104 5173 1216 5232 Terrae
1235 5173 1377 5242 Sanctae,
1401 5185 1527 5246 nosque
1549 5183 1608 5244 pro
1632 5170 1707 5245 ejus

82 5261 557 5332 00010111010101011001011011
581 5271 758 5333 comitissa
777 5273 854 5332 Ma·
910 5269 1108 5330 liberatione
1127 5283 1188 5345 per
1213 5269 1316 5330 totum
1340 5267 1453 5331 orbem
1475 5265 1589 5342 colligi
1608 5280 1706 5327 man-

81 5350 179 5419 llrildis
193 5362 310 5427 dilecto
335 5365 404 5428 filio
429 5367 580 5429 alatrino
604 5367 808 5430 subdiacono
823 5371 857 5431 01
911 5365 1284 5440 davimusricasimam3
1302 5361 1704 5442 pasaipropterhoc,non

84 5455 233 5525 capellano
246 5463 370 5535 nostro,
384 5465 518 5526 nomina
532 5465 627 5526 Sedis
641 5465 852 5542 Apostolicas‚
911 5462 1035 5541 absque
1059 5478 1160 5524 onere
1187 5465 1386 5539 sumptuum,
1414 5458 1561 5522 laborem
1593 5461 1704 5524 couti·

87 5549 249 5628 assignare,
265 5561 366 5638 tuque
387 5577 446 5638 per
460 5563 545 5634 tuas,
568 5563 698 5641 quasin
712 5563 857 5624 testimo·
910 5561 1065 5632 nuum,et
1073 5560 1329 5620 sollicitudinem
1336 5558 1547 5620 indefessam.
1555 5559 1701 5628 Tuvero,

84 5640 159 5706 niun
185 5669 408 5730 reservamus,
442 5659 571 5721 litteras
607 5659 797 5722 intimasses
825 5663 857 5722 te
911 5657 1006 5719 nobis
1031 5656 1242 5726 inconsultis,
1270 5671 1329 5732 pro
1352 5656 1423 5716 sola
1447 5654 1619 5716 voluntate
1649 5657 1706 5718 tua
