3946 6304
63 471 111 533 per
124 452 522 516 neccommittimusvices
538 455 680 525 nostras,
689 452 840 516 fraterni·

63 552 184 616 uticus
203 565 265 628 per
279 551 467 628 apostolica
488 552 611 628 scripta
632 551 837 624 mandantes,

62 652 209 728 quatenus
236 649 412 725 provideas
433 665 533 726 super
554 649 618 711 boc
643 649 840 712 auctoritate

62 749 172 817 nostra,
182 746 282 822 prout
296 746 441 822 ejusdem
457 747 569 808 Terras
579 749 709 808 Sanctae
722 746 841 808 melius

62 842 347 919 riderisexpedire,
364 843 521 920 quidquid
534 859 633 921 super
643 843 706 904 boc
720 843 840 904 feceris
881 915 885 920 ⁵

63 941 144 1002 nobis
154 939 664 1017 fideliter-rescripturusliatum
671 941 838 1013 Laterani,

63 1036 156 1096 idibus
171 1035 373 1108 novembris,
386 1051 474 1098 anno
487 1036 612 1115 quinte.

384 1196 506 1283 xulx

134 1322 183 1380 Ad
205 1322 425 1394 Lirsaienscm
445 1323 748 1395 arcibpiacopcm.

339 1432 373 1490 ia
388 1446 453 1490 nov.
472 1432 550 1490 laia.

155 1538 302 1602 [biljegrem
314 1537 423 1590 Srsnskt
435 1538 509 1602 dipl,
525 1537 545 1595 1,
558 1538 614 1600 tlt,
627 1553 651 1588 n.
664 1538 731 1603 lia]

116 1636 262 1693 scarensis
277 1636 430 1709 episcopus
445 1637 508 1694 viva
522 1651 593 1694 voce
605 1649 774 1708 responsum

363 1723 525 1797 explicabit.

94 1833 254 1893 Honorius
265 1832 578 1909 episcopusservus
587 1847 758 1894 servorum
769 1831 838 1904 Dei,

61 1930 231 1992 venerabili
254 1929 352 1991 tratri
377 1931 552 2007 Upsalensi
576 1930 838 2007 archiepiscopo,

63 2029 186 2088 salutem
202 2031 235 2089 et
248 2028 467 2105 apostolicam
482 2027 757 2089 benedictionem.
887 2012 890 2020 ¹

95 2123 213 2184 Auditis
221 2122 511 2200 pervenerabilem
519 2122 653 2184 fratrem
666 2124 838 2184 nostrum..

64 2221 242 2278 scarensem
254 2219 446 2295 episcopum
463 2217 528 2279 tuis
544 2217 841 2279 consultationibus

64 2316 233 2391 diligenter,
247 2315 310 2377 tibi
334 2330 394 2392 per
415 2314 564 2375 eumdem
581 2315 677 2391 plene
687 2313 842 2375 duximus

680 295 907 356 EPISTOLAE.
933 297 1008 357 ΜΒ.
1033 299 1071 358 V.

1629 305 1689 365 570

894 455 1004 517 verint
1027 457 1234 527 incursuros,
1252 459 1285 519 et
1305 458 1527 522 anathematis
1551 451 1686 528 uinculo

894 551 1070 613 feriendos.
1093 553 1213 615 Datum
1237 556 1403 627 Laterani,
1414 559 1496 644 'le
1525 558 1686 622 kalendas

894 648 1090 722 decembris,
1103 651 1313 726 pontificatus
1329 654 1435 715 nostri
1453 670 1542 718 anno
1557 657 1682 733 quinto.

1267 813 1316 900 ul

927 937 979 996 Ad
992 937 1146 998 abbatem
1161 938 1195 998 ct
1209 937 1414 998 convestiunt
1428 941 1462 1000 S.
1481 943 1650 1014 Dpsiboui.

1185 1050 1218 1107 l7
1234 1063 1299 1106 uov.
1315 1051 1394 1108 1220.

1003 1153 1118 1218 [ioannis
1132 1155 1287 1206 tabularium
1301 1156 1468 1221 spicilegium,
1480 1171 1505 1222 p.
1521 1159 1590 1223 ilii]

956 1251 1110 1310 Parecbias
1123 1252 1309 1311 Sobernbeim
1325 1262 1353 1312 et
1365 1255 1483 1312 Ostama
1494 1257 1626 1314 eoenobio

1070 1354 1223 1398 concessas
1238 1341 1331 1400 eidem
1349 1342 1509 1400 confirmat.

934 1439 1099 1499 Honorius
1108 1440 1292 1517 episcopus,
1301 1456 1417 1502 servus
1429 1458 1602 1504 seruorum
1613 1445 1684 1514 Dei,

894 1531 1024 1594 dilectis
1046 1533 1124 1595 liliis
1145 1533 1256 1596 abbati
1282 1537 1316 1598 et
1337 1537 1514 1598 conventui
1542 1540 1572 1598 S.
1589 1539 1688 1615 Dysi-

894 1628 1130 1702 bodi,salutem
1144 1634 1177 1693 et
1186 1633 1402 1709 apostolicam
1411 1633 1685 1696 benedictionem.

934 1727 1049 1788 Cuma
1073 1727 1169 1788 nobis
1197 1730 1320 1804 petitur
1340 1730 1426 1807 quod
1444 1733 1572 1808 iustum
1591 1732 1689 1794 estet

895 1822 1084 1894 honestum,
1102 1825 1149 1885 ita
1176 1825 1246 1886 tum
1268 1827 1365 1902 vigor
1387 1828 1565 1904 aequitatis,
1589 1843 1687 1905 quam

895 1919 975 1980 ordo
990 1921 1095 1995 exigit
1107 1922 1258 1994 rationis,
1270 1925 1305 1984 ut
1319 1923 1352 1983 id
1361 1940 1421 2000 per
1429 1924 1687 1986 sollicitudinem

895 2017 997 2079 oflicii
1017 2019 1123 2080 nostri
1143 2020 1184 2081 ad
1206 2019 1351 2082 debiturn
1368 2021 1569 2097 perducatur
1587 2023 1690 2084 elfec-

895 2115 975 2176 tum.
1002 2115 1118 2178 Oblata
1136 2116 1298 2194 siquidem
1320 2118 1415 2179 nobis
1438 2121 1549 2181 vestra
1573 2120 1688 2197 petitio

896 2213 1095 2286 continebat,
1124 2214 1310 2292 quodcum
1339 2218 1486 2277 vestrum
1519 2219 1689 2279 monaste-

896 2310 982 2372 rium
994 2310 1077 2372 adeo
1088 2313 1176 2372 esset
1189 2311 1288 2372 rebus
1303 2312 1537 2388 temporalibus
1547 2313 1690 2376 destitu-

64 2413 327 2489 respondendum,
342 2413 513 2488 sicutipse
528 2413 604 2472 viva
619 2427 701 2472 voce
711 2410 771 2473 tibi
788 2427 843 2488 po·

65 2511 129 2570 terit
147 2510 325 2587 explicare.
344 2511 462 2570 Datum
477 2509 644 2580 Laterani,
661 2508 768 2568 idibus
782 2523 844 2569 no-

67 2605 408 2684 uemb.,annoquint0.

437 2730 464 2816 C

130 2867 176 2924 Ad
189 2879 311 2926 omncs
326 2878 426 2940 repes
446 2865 479 2924 ei
495 2865 683 2939 principes,
706 2865 769 2924 cic.

344 2979 378 3035 lu
392 2992 458 3035 nov.
475 2977 553 3036 lito.

896 2408 976 2478 tum,
992 2409 1028 2469 ut
1042 2408 1161 2484 religio
1176 2410 1208 2470 et
1224 2409 1372 2470 divinum
1388 2409 1534 2472 oidcium
1556 2413 1689 2488 penitus

897 2507 1068 2567 cessarent
1087 2505 1220 2578 ibidem,
1238 2507 1439 2569 uenerabilis
1456 2507 1559 2570 irater
1573 2507 1687 2570 noster

898 2603 1080 2678 Moguntin.
1091 2603 1373 2681 archiepiscopus,
1388 2604 1452 2666 loci
1465 2605 1685 2676 dioecesanus,

898 2701 1084 2776 paupertati
1095 2701 1299 2776 compatiens
1308 2701 1500 2762 monasterii
1514 2702 1689 2764 memorati

897 2795 938 2857 de
970 2795 1186 2858 Sobarnbeim
1211 2799 1244 2859 et
1268 2797 1309 2860 de
1334 2799 1490 2869 osterna,
1516 2797 1687 2868 ecclesias,

899 2909 1037 2972 quarum
1056 2897 1111 2972 jus
1127 2894 1320 2971 patronatus
1338 2894 1378 2954 ad
1391 2897 1461 2972 jam
1481 2895 1604 2958 dictum
1618 2909 1691 2956 ωο-

899 2991 1079 3053 naslerium
1101 2990 1296 3067 pertinebat,
1310 2990 1404 3052 robis
1424 2992 1465 3052 de
1477 3007 1617 3053 assensu
1633 3007 1692 3053 ca-

134 3085 235 3147 [uuila.
254 3086 376 3142 Roman..
392 3083 431 3134 ou.
450 3084 535 3140 usur..
553 3081 596 3141 111,
611 3081 701 3140 siim.
715 3081 767 3146 ua]
899 3087 995 3165 pituli
1015 3087 1126 3148 sui-in
1142 3088 1292 3164 proprios
1308 3104 1388 3149 usus
1413 3089 1586 3160 concessit,
1604 3089 1692 3150 unde
1751 3135 1756 3140 .

70 3179 846 3252 Prohibetsnbcomminationeanathematisquomimus
899 3183 996 3245 nohis
1019 3184 1190 3246 humiliter
1202 3185 1424 3261 supplicastis,
1439 3185 1475 3246 ut
1495 3185 1689 3247 00110633ῑο-

160 3285 281 3344 regnum
294 3271 388 3328 Diiiae
400 3268 546 3338 invadam,
557 3269 602 3326 vel
613 3268 736 3326 turbent.
900 3297 975 3343 nem
1000 3283 1106 3359 ipsam
1133 3282 1323 3359 apostolico
1346 3282 1561 3357 dignaremur
1581 3283 1693 3343 muni-

102 3379 257 3439 Honorius
269 3379 761 3454 episcopus,servusservorum
771 3375 842 3446 Dei,
900 3379 989 3440 mine
1000 3377 1169 3441 roborare.
1179 3380 1247 3440 Nos
1258 3379 1361 3455 igitur
1371 3380 1601 3457 vestrisjustis
1617 3395 1690 3457 pos-

71 3475 237 3538 carissimis
257 3477 295 3536 in
310 3475 441 3536 Christo
455 3475 533 3536 liliis
548 3473 734 3534 illustribus
751 3472 844 3549 regi·
900 3476 1117 3538 tulationibus
1128 3477 1292 3547 inclinati,
1308 3477 1556 3538 concessionem
1569 3478 1693 3553 ipsam,

71 3567 169 3640 bus,et
178 3571 306 3635 dilectis
321 3571 398 3633 liliis
410 3571 626 3649 principibus,
636 3572 667 3631 et
680 3569 846 3630 universis
901 3573 987 3635 sicut
1010 3575 1064 3651 pie
1084 3575 1117 3644 et
1129 3573 1266 3650 provide
1285 3573 1372 3635 iacta
1387 3576 1448 3646 est,
1463 3576 1495 3635 et
1515 3575 1549 3635 in
1567 3573 1693 3635 nullius

74 3667 278 3731 beitidelihus
292 3685 395 3746 regno
412 3671 521 3730 Daciae
537 3668 781 3745 circumpositis
796 3682 848 3728 oa·
901 3671 1106 3746 dignoscitur
1125 3671 1354 3748 praejudicium
1380 3671 1584 3742 redundare,
1613 3686 1694 3732 auc·

73 3760 211 3826 italicam
222 3765 434 3827 servantibus
445 3763 845 3834 unitatem,salutem,etc.
901 3767 1694 3843 toritatenpostolicaconfirmanusetpraesentis

105 3861 222 3930 Quanto
237 3863 416 3941 specialius
440 3877 578 3937 regnum
602 3861 712 3922 Daciae
728 3859 769 3920 ad
786 3861 849 3920 lic·
902 3863 1016 3940 scripti
1033 3864 1218 3942 patrocinio
1233 3865 1485 3925 communimus.
1502 3863 1594 3924 Nulli
1615 3878 1694 3939 ergo

74 3954 169 4020 clesiae
203 3963 361 4023 Romanae
401 3959 549 4022 noscitur
580 3957 848 4035 jurisdictionem
903 3962 1038 4024 omnine
1076 3960 1248 4022 hominum
1282 3960 1382 4022 liceat
1420 3960 1507 4022 hanc
1541 3961 1696 4037 pagiuam

75 4055 219 4125 ilicium,
231 4059 325 4118 tanto
338 4056 379 4116 ad
393 4056 679 4116 conservationem
691 4057 762 4131 ejus
776 4068 850 4130 pro·
903 4061 1023 4122 nostrae
1034 4058 1295 4120 confirmationis
1304 4057 1558 4133 infringereve
1571 4059 1601 4118 ei
1612 4073 1696 4119 ausu

75 4151 205 4220 pensiori
233 4153 344 4215 studio
369 4151 526 4214 debemus
555 4151 737 4213 intendere·
765 4150 849 4222 Quia
902 4157 1080 4220 temerario
1101 4155 1278 4217 contraire.
1296 4155 1421 4232 siquis
1439 4157 1548 4216 autem
1564 4155 1696 4216 bocat-

76 4259 130 4305 uon
156 4248 318 4312 immerito
342 4249 446 4310 mulia
474 4247 734 4325 reprehensione
756 4246 850 4322 digni
902 4255 1030 4317 tentare
1050 4251 1310 4331 praesumpserit,
1333 4251 1595 4328 indignationem
1623 4267 1695 4312 om-

76 4342 456 4417 0¹isbrevideremunsi
471 4345 557 4422 quon
571 4346 621 4407 est
638 4345 726 4421 juris
740 4344 848 4406 Eccle·
904 4351 1083 4430 nipotenus
1106 4352 1166 4412 uei
1192 4352 1226 4412 et
1252 4350 1425 4410 beatorum
1448 4349 1538 4410 Petri
1552 4350 1585 4409 et
1599 4347 1697 4408 Pauli

77 4436 125 4498 Siae
143 4443 297 4506 Romanae
319 4445 509 4520 pateremur
527 4442 692 4513 imminui,
709 4442 760 4502 vel
773 4443 850 4503 iur-
904 4449 1127 4526 apostolorum
1151 4451 1234 4525 ejus,
1260 4463 1297 4507 se
1319 4445 1449 4507 noverit
1469 4445 1694 4506 incursurum.

77 4530 148 4595 bari.
164 4539 239 4602 Inde
260 4542 310 4602 est
322 4540 408 4617 qnod
423 4539 465 4600 ad
476 4539 647 4617 exemplar
659 4539 765 4599 ielicis
781 4555 852 4599 me·
905 4549 1023 4608 Datum
1052 4545 1218 4616 Laterani,
1234 4543 1294 4605 XV
1307 4542 1471 4604 kalendas
1501 4541 1696 4614 decembris,

78 4634 177 4696 moria
197 4637 379 4699 Alexandri
400 4639 434 4700 et
454 4637 650 4708 innocentii,
672 4636 852 4712 praedeces·

80 4740 176 4791 sorum
200 4738 388 4797 nostrorum
403 4737 628 4795 Romanorum
641 4727 849 4802 Pontificum,

80 4823 161 4887 robis
175 4831 324 4892 omnibus
347 4829 407 4892 sub
428 4830 699 4892 interminatione
713 4829 853 4892 anathe-

83 4923 167 4984 matis
180 4929 301 4990 arotius
317 4927 517 4999 inhibemus,
532 4943 574 4988 ne
589 4927 663 5005 quis
676 4925 853 5004 praescrip-

81 5017 139 5078 iun
164 5038 300 5100 regnum
327 5023 551 5086 invaderevel
571 5023 705 5086 turbare
720 5039 852 5098 praesu-

83 5117 149 5187 mat,
167 5122 221 5181 aut
234 5125 312 5200 jura
328 5121 494 5182 carissimi
517 5121 576 5182 tilii
593 5120 699 5182 nostri
713 5119 853 5182 illustris

83 5209 231 5278 banorum
255 5220 354 5296 regis,
371 5219 424 5280 vel
446 5218 618 5280 haeredum
642 5233 778 5278 suorum
791 5217 855 5277 mi-

83 5319 171 5371 nuere
190 5316 318 5388 audeat,
331 5317 383 5376 vel
403 5315 467 5376 sibi
486 5313 731 5392 quomodolibet
750 5329 852 5375 usur-

84 5417 160 5474 lare.
184 5411 216 5470 Si
230 5413 285 5489 qui
306 5413 416 5474 autem
440 5413 538 5488 hujus
561 5413 683 5473 nostras
705 5410 856 5488 probibi-

86 5497 171 5565 tionis
184 5507 443 5586 transgressores
456 5509 637 5579 extiterint,
653 5508 857 5584 indignatio-

87 5609 149 5658 nem
171 5609 311 5670 nostram
331 5610 364 5668 et
379 5606 535 5669 Ecclesiae
556 5609 712 5668 Romanae
733 5621 770 5666 se
790 5621 854 5666 no-

906 4643 1116 4723 pontificatus
1129 4643 1234 4703 nostri
1249 4656 1337 4702 anno
1351 4639 1476 4716 quinto.
1551 4733 1555 4746 ¹

1268 4791 1338 4878 CII

992 4919 1044 4978 Ad
1064 4917 1302 4977 Eberhardum
1322 4917 1616 4990 archiepiscopum

1145 5015 1460 5090 salzeburpensem.

1199 5117 1233 5175 23
1245 5131 1310 5174 nov.
1323 5117 1403 5174 luta.

923 5215 1013 5281 [Fater.
1024 5215 1108 5267 Codex
1118 5213 1299 5278 diplomaticus
1309 5212 1453 5276 Hunparias,
1461 5216 1479 5262 t.
1492 5212 1534 5268 lli,
1547 5225 1565 5268 r,
1578 5226 1603 5275 p.
1617 5211 1684 5275 bib]

909 5315 945 5373 Ut
959 5321 1094 5371 moneant
1103 5311 1258 5386 ilungariae
1271 5324 1381 5383 regem,
1394 5308 1429 5365 de
1447 5309 1566 5381 pecunia
1578 5309 1702 5367 strabus

944 5403 1007 5460 eliis
1021 5403 1161 5477 pretiosis,
1174 5399 1346 5475 imperatrici
1355 5398 1527 5457 constentiee
1539 5396 1700 5456 satisfactu-

945 5507 1007 5549 rum
1025 5505 1099 5550 esse.

950 5600 1115 5662 Honorius
1131 5599 1316 5678 episcopus,
1330 5610 1445 5656 servus
1456 5609 1627 5656 servornm
1644 5597 1702 5658 bei
