3952 6294
223 395 281 460 531

225 555 275 618 est
289 555 1024 628 necessitatisarticuloconstitutus,tantoeet

226 653 345 732 majori
361 654 583 717 sollicitudine
599 654 866 731 precavendum,
883 669 925 716 ne
941 670 1025 732 qua-

225 747 306 811 libet
322 748 498 811 occasione
519 749 625 826 possit
648 765 762 810 eorum
781 748 935 826 impediri
954 765 1025 810 suc-

226 859 353 916 cursus,
380 844 412 907 et
437 843 649 906 inimicorum
676 846 786 907 crucis
801 845 924 908 Christi
947 861 1025 907 con-

227 940 313 1002 lusio
335 941 579 1018 quomodolibet
602 943 756 1004 relevari.
776 946 863 1005 sane
881 943 922 1004 ad
950 959 1026 1004 nos·

229 1039 313 1100 tram
338 1040 472 1101 noveris
494 1040 696 1102 audientiam
710 1041 913 1118 pervenisse,
935 1039 1024 1118 quod

229 1151 304 1196 curn
319 1135 400 1197 illud
412 1137 678 1214 quadriennium,
701 1153 766 1215 quo
785 1138 848 1200 luit
864 1137 925 1200 snb
940 1153 1026 1200 ana-

226 1232 373 1295 themate
388 1234 422 1295 in
443 1234 594 1310 generali
621 1235 768 1296 Concilio
797 1235 1022 1307 interdictum,

230 1345 272 1392 ne
291 1331 472 1394 Christiani
499 1331 682 1394 transirent
695 1333 729 1393 in
744 1334 852 1395 terras
869 1335 1027 1395 Sarrace-

229 1443 360 1502 norum,
376 1430 433 1507 qui
446 1431 557 1507 partes
566 1430 745 1492 orientales
760 1429 959 1502 inhabitant,
971 1429 1025 1491 vel

229 1527 492 1589 transmitterent
518 1543 620 1588 naves
641 1543 731 1597 suas,
755 1528 792 1590 ut
805 1541 865 1604 per
883 1527 945 1589 hoc
959 1541 1024 1588 ro-

229 1622 374 1685 lentibus
398 1623 616 1686 transfretare
640 1623 676 1685 in
704 1623 888 1685 subsidium
912 1625 1024 1685 Terrae

231 1722 362 1782 Sanctae
386 1723 494 1798 major
521 1719 646 1797 navigii
670 1721 766 1798 copia
790 1722 975 1798 pararetur,
991 1723 1025 1782 et

158 1875 162 1882 .
232 1819 426 1878 sarracenis
454 1819 622 1895 praedictis
648 1817 900 1884 subtraheretur
927 1817 1026 1880 auxi-

231 1913 329 1986 lium,
346 1915 432 1992 quod
457 1931 501 1976 ex
523 1915 586 1978 hoc
609 1916 660 1976 eis
683 1916 859 1992 pervenire
879 1929 1026 1976 consue-

231 2010 334 2082 verat,
360 2011 403 2072 sit
417 2009 578 2087 elapsum,
595 2011 815 2073 Massiliensis
837 2010 1027 2088 cupiditatis

231 2105 388 2168 inebriati
403 2123 543 2180 veneno,
555 2109 743 2170 Mammona
759 2110 825 2170 Deo
848 2109 880 2170 et
893 2108 1027 2170 terrena

231 2203 470 2267 coelestibusac
485 2206 678 2268 transitoria
687 2208 915 2284 praeponentes
927 2207 1028 2267 aeter·

231 2300 295 2372 nis,
321 2301 404 2362 duas
428 2318 530 2364 nares
555 2318 745 2380 praeparare
772 2303 925 2365 nituntur
953 2317 1028 2364 cum

232 2399 457 2460 mercimoniis
481 2399 516 2460 in
534 2400 773 2464 Alexandriam
793 2397 1027 2462 transmitten-

232 2495 303 2566 das,
323 2494 358 2556 in
380 2495 574 2558 scandalum
594 2497 626 2558 et
641 2497 926 2560 conturbationem
947 2497 1030 2558 tlde-

234 2590 328 2662 lium,
339 2592 372 2653 et
387 2590 531 2653 hostium
543 2591 668 2654 Christi
685 2592 843 2668 gaudium
856 2595 889 2654 et
903 2591 1029 2668 proiec·

231 2687 314 2748 tum.
331 2689 412 2748 Cum
421 2688 524 2764 igitur
535 2705 578 2750 ex
587 2689 649 2751 hoc
663 2703 842 2751 succursus
855 2689 1029 2751 christiani

233 2784 399 2850 exercitus
421 2800 487 2847 non
503 2784 547 2849 sit
563 2785 697 2847 dubium
713 2786 878 2863 impediri,
901 2788 935 2848 et
949 2785 1030 2846 hos-

231 2882 313 2944 tium
334 2883 542 2944 commodum
557 2886 805 2960 proventurum,
825 2883 1027 2945 fraternitati

232 2981 299 3042 tuae
314 2995 374 3057 per
386 2980 575 3057 apostolica
592 2981 716 3058 scripta
735 2980 886 3043 districte
908 2979 1030 3057 praeci-

232 3077 353 3154 piendo
373 3078 578 3150 mandamus,
596 3079 758 3156 quatenus
773 3079 1028 3156 praesumptores

182 3171 186 3182 '
234 3174 409 3252 praedictos
427 3174 468 3236 ab
490 3176 680 3252 hujusmodi
699 3176 887 3238 temeritate
908 3174 1028 3252 populo

234 3271 417 3334 christiano
448 3271 618 3340 damnosa,
634 3271 816 3333 munitione
840 3271 1025 3348 praemissa,

234 3383 295 3446 per
309 3368 664 3431 excommunicationis
682 3369 884 3434 sententiam
899 3368 934 3428 in
958 3383 1030 3446 per·

236 3465 339 3538 sonis,
366 3467 399 3527 et
418 3466 454 3527 in
476 3466 644 3530 civitatem
668 3481 786 3528 eorum
806 3465 1030 3526 arctissimum

235 3561 459 3632 interdictum,
467 3563 597 3628 subiato
610 3563 786 3641 cujuslibet
798 3561 1030 3626 contradictio·

232 3659 288 3720 nis
309 3661 342 3722 et
365 3660 599 3737 appellationis
614 3659 760 3739 objectu,
779 3673 980 3736 compescas,
996 3659 1028 3720 et

233 3758 391 3836 qnoniam
430 3757 618 3834 hujusmodi
652 3757 829 3826 christiani
861 3757 1029 3819 exercitus
1063 3803 1065 3808 .

233 3857 430 3919 necessitate
449 3855 596 3922 durante
612 3855 810 3932 predictum
819 3853 1028 3932 quadriennii

233 3954 447 4017 interdictum
468 3953 601 4031 expedit
623 3954 796 4030 prorogari
812 3951 964 4014 omnibus
983 3951 1031 4013 in·

234 4045 459 4116 habitantibus
479 4053 589 4128 partes
604 4051 788 4113 maritimas
807 4048 868 4114 sub
889 4049 1031 4117 anathe-

233 4149 321 4211 mate
335 4143 530 4220 interdicas,
545 4163 591 4210 ne
607 4147 646 4209 in
665 4147 774 4210 terras
795 4147 1029 4224 predictorum

233 4245 378 4308 hostium
404 4243 528 4307 Christi
552 4244 709 4317 transire,
731 4245 784 4306 vel
813 4259 915 4306 naves
948 4257 1028 4305 suas

232 4343 459 4407 transmittere
490 4357 592 4405 causa
625 4341 863 4418 negotiationis
899 4355 1029 4417 praesu-

233 4441 335 4512 mant,
356 4455 529 4518 quousque
550 4440 673 4502 Christi
693 4439 862 4516 negotium
881 4438 1030 4514 optatum

234 4539 462 4616 consequatur.
476 4537 641 4599 effectum.
664 4537 784 4599 Datum
801 4534 887 4612 apud
910 4533 1030 4596 Urbem

233 4635 398 4706 Veterem,
414 4635 513 4697 tertio
526 4635 600 4697 idus
614 4632 787 4713 septemb,
800 4647 888 4696 anno
901 4632 1028 4710 quinto.

275 4732 311 4790 in
322 4731 473 4792 eumdem
488 4732 620 4794 modum
634 4732 793 4809 scriptum
807 4733 859 4793 est
873 4730 1030 4807 episcopo

190 4865 212 4908 ρ
236 4829 393 4889 Portuen.
413 4829 611 4905 apostoncae
626 4829 720 4890 Sedis
735 4829 857 4906 iegato,
875 4827 1032 4891 etarchi-

238 4922 339 5003 episc.
355 4927 497 4987 Januen.

236 5167 288 5228 Ad
299 5167 477 5235 decertum,
488 5164 687 5236 arcittdioc,
700 5164 733 5226 ct
745 5163 878 5228 cernor.
893 5167 1030 5228 Treccn.

490 5266 524 5325 ti
543 5265 683 5339 septemb.
705 5268 784 5326 iiii).

164 5359 166 5366 ’
274 5364 449 5432 [liegest.,lib.
462 5365 492 5423 V,
505 5363 580 5429 epist.
593 5365 645 5415 rie.
658 5365 716 5416 lias
725 5365 761 5414 La
773 5363 847 5414 Porta
857 5365 890 5415 du
902 5365 994 5430 Theti]

237 5454 353 5515 Mandat
364 5456 406 5512 eis
416 5461 446 5511 ut
456 5451 491 5511 de
503 5453 626 5526 querelis
641 5451 766 5526 episcopi
780 5453 971 5527 lingonensis
984 5451 1032 5510 ad·

274 5549 374 5592 versus
401 5531 533 5591 abbatem
554 5533 740 5592 Pulteriarum
762 5531 889 5605 audiant,
906 5541 934 5592 et
959 5532 1034 5607 quod

271 5614 381 5688 justum
392 5611 485 5683 luerit,
500 5621 635 5671 statuant.

280 5712 446 5776 Honorius
481 5713 667 5791 episcopus,
699 5713 774 5782 etc,
797 5711 926 5774 dilectis
957 5713 1035 5773 tiliis

844 397 1021 460 HONORII
1043 399 1087 460 111
1109 401 1258 464 OPERA.

1811 407 1875 467 532-

1078 559 1222 634 decano,
1253 560 1489 624 archidiacono
1517 565 1549 626 et
1578 565 1706 625 cantori
1731 566 1871 626 Trecen.

1118 656 1322 735 conquestus
1346 661 1396 722 est
1417 660 1512 721 nobis
1538 661 1741 722 venerahilis
1766 661 1875 722 irater

1079 756 1193 816 noster
1212 755 1386 833 episcopus
1414 757 1596 833 lingonen.
1620 758 1743 836 quod...
1768 758 1875 820 abbas

1080 852 1302 914 Pulteriarum
1319 854 1540 930 lingonensis
1553 855 1705 918 dioecesis
1716 857 1785 918 tres
1798 872 1878 916 mn-

1079 949 1179 1011 lieres
1195 945 1480 1028 de'jurisdictione
1494 951 1600 1029 ipsius
1615 952 1761 1032 episcopi
1776 953 1875 1014 exis-

1079 1048 1187 1111 tentes
1210 1049 1285 1125 capi
1302 1048 1429 1110 iaciens
1445 1051 1560 1112 contra
1575 1049 1751 1128 justitiam,
1766 1053 1799 1112 et
1820 1051 1879 1110 in-

1080 1145 1219 1208 honeste
1238 1146 1387 1218 tractari,
1404 1161 1463 1208 eas
1483 1147 1619 1219 detinet,
1640 1148 1674 1208 et
1697 1147 1878 1209 restituere

1940 372 1943 450 1

1944 706 1947 768 l

1945 777 1948 856 l

1948 872 1949 912 l

1949 956 1950 989 l

1081 1242 1288 1305 contradicit.
1304 1243 1353 1306 Ad
1368 1243 1441 1306 haec
1453 1243 1535 1305 duos
1550 1243 1703 1306 homines
1714 1247 1787 1322 ejus
1797 1243 1880 1306 iecit
1951 1279 1953 1290 ι

1080 1339 1235 1413 interfici,
1252 1355 1291 1402 ac
1308 1356 1366 1418 per
1387 1355 1435 1413 se,
1460 1355 1500 1403 ac
1523 1355 1602 1402 suos
1631 1341 1747 1403 contra
1765 1341 1878 1419 ipsum

1081 1438 1271 1517 episcopum
1297 1441 1331 1500 et
1350 1438 1502 1499 homines
1528 1443 1601 1514 ejus
1625 1439 1817 1511 seditiones,
1845 1442 1882 1500 et
1953 1454 1956 1518 q

1082 1536 1199 1611 praelia
1220 1551 1285 1597 nen
1301 1535 1430 1599 desinet
1452 1535 1639 1598 machinari
1657 1537 1725 1598 tam
1741 1537 1776 1597 in
1797 1551 1880 1598 mo·
1956 1538 1957 1602 l

1082 1633 1221 1694 hasterii
1240 1633 1291 1694 sui
1309 1649 1407 1711 quam
1434 1633 1585 1696 ecclesiae
1607 1634 1791 1709 Lingonen.
1807 1649 1880 1694 non
1957 1622 1958 1672 l

1081 1729 1245 1794 modicam
1258 1730 1438 1792 laesionem.
1456 1731 1550 1794 Unde
1565 1730 1660 1808 petiit
1673 1731 1707 1792 ut
1717 1731 1880 1792 mulieres
1958 1704 1959 1762 ¹

1082 1827 1172 1904 ipsas
1185 1827 1316 1890 restitui
1328 1827 1484 1897 libertati,
1495 1830 1527 1890 et
1536 1826 1708 1905 praeiatum
1721 1827 1879 1890 abbatem
1960 1872 1961 1922 q

1083 1925 1247 2000 compesci
1270 1939 1289 1985 a
1310 1924 1540 1987 molestatione
1558 1941 1620 1986 sna
1638 1925 1881 2002 hominumque
1961 1955 1962 1986 r

1083 2037 1230 2094 suorum,
1243 2037 1282 2084 ac
1297 2022 1397 2084 etiam
1412 2023 1524 2100 puniri
1535 2038 1595 2099 pro
1604 2022 1803 2100 perpetratis
1819 2023 1883 2085 ho·
1962 2037 1963 2062 ³

1083 2119 1227 2180 micidiis
1253 2118 1448 2181 faceremus.
1478 2119 1560 2192 Quia
1585 2135 1666 2181 vero
1692 2119 1786 2182 nobis
1807 2135 1882 2181 non
1963 2122 1964 2126 ’

1083 2216 1230 2279 constitit
1252 2215 1293 2277 de
1322 2216 1515 2293 praemissis,
1541 2216 1733 2279 discretioni
1753 2219 1882 2278 vestrae
1964 2213 1965 2216 ’

1083 2329 1144 2391 per
1154 2313 1343 2391 apostolica
1356 2314 1479 2390 scripta
1493 2315 1698 2387 mandamus,
1713 2314 1882 2392 quatenus

1082 2411 1219 2482 vocatis,
1230 2411 1287 2489 qui
1304 2411 1428 2473 riserint
1438 2412 1610 2484 evocandi,
1620 2412 1653 2473 et
1663 2411 1784 2476 auditis
1797 2411 1884 2473 hinc

1083 2508 1160 2569 inde
1175 2507 1365 2585 propositis,
1384 2507 1470 2585 quod
1487 2509 1614 2585 justum
1634 2507 1744 2578 luerit,
1760 2509 1885 2584 appel-

1084 2606 1210 2668 latione
1227 2605 1421 2682 postposita,
1444 2605 1608 2675 statuatis,
1625 2603 1794 2676 iacientes,
1811 2607 1880 2667 etc.

1084 2701 1176 2775 Quod
1190 2703 1218 2762 si
1231 2717 1297 2764 nen
1310 2718 1435 2776 omnes,
1448 2705 1510 2765 etc.
1526 2704 1644 2765 Datum
1655 2703 1741 2780 apud
1755 2701 1888 2768 Urbem

1083 2803 1252 2874 Veterem,
1265 2801 1294 2862 11
1305 2801 1381 2868 idus
1397 2800 1605 2880 septembris,
1616 2816 1704 2862 anno
1718 2799 1846 2878 quinto.

1444 2943 1513 3038 hv

1214 3079 1266 3144 Ad
1285 3079 1487 3151 epaoopnm
1500 3077 1753 3142 nequientem.

1333 3181 1374 3240 it⁴
1385 3179 1525 3253 septemb.
1546 3181 1626 3240 itio.

1110 3287 1230 3352 snagan,
1243 3285 1290 3338 lib.
1303 3287 1335 3347 V,
1347 3287 1420 3352 epist.
1433 3287 1486 3338 lie.
1500 3290 1558 3339 llss.
1572 3289 1608 3340 Le
1620 3289 1696 3340 Porto
1705 3290 1739 3341 du
1749 3291 1846 3356 Theti]

1083 3383 1197 3444 Mandat
1213 3393 1256 3464 ut,
1269 3386 1294 3442 si
1309 3387 1462 3458 episcopus
1485 3387 1697 3448 claromonten.
1714 3403 1764 3460 pro
1779 3403 1887 3446 recon-

1119 3473 1262 3532 ciliatione
1276 3475 1405 3532 ecclesia
1421 3477 1586 3534 monasterii
1602 3477 1746 3536 Biasilien.
1758 3478 1885 3536 mande·

1119 3569 1178 3620 tum
1193 3562 1350 3635 adimplere
1365 3577 1423 3622 non
1435 3565 1587 3634 curaverit,
1601 3565 1663 3638 ipse
1674 3572 1859 3638 exsequatur.

1123 3660 1391 3736 Honoriusetc,
1408 3661 1595 3724 venerabili
1609 3662 1703 3726 tratri
1720 3665 1895 3742 episcopo-

1083 3758 1256 3820 Mimaten.

1122 3854 1879 3920 Suanohisabbatissaetmonialesmonasterii

1084 3951 1253 4013 Biasilien.
1277 3951 1502 4015 insinuatione
1526 3955 1766 4026 monstrarunt,
1791 3955 1885 4031 quod

1084 4065 1184 4126 quum
1207 4063 1321 4118 eorttm
1335 4049 1659 4112 monasteriumcum
1681 4051 1883 4128 adjacentiis

1085 4147 1156 4208 suis
1169 4147 1213 4209 sit
1227 4147 1304 4209 Sedi
1322 4147 1520 4224 Apostolicae
1529 4147 1718 4210 immediate
1744 4147 1882 4226 subjec-

1084 4245 1165 4316 tum,
1179 4243 1380 4306 venerabilis
1395 4243 1500 4307 irater
1509 4247 1621 4307 noster
1632 4246 1880 4308 claromonten.

1084 4342 1258 4418 episcopus
1271 4341 1474 4404 contendens
1492 4341 1533 4402 de
1547 4341 1744 4419 quibusdam
1759 4358 1887 4418 procu-

1084 4436 1269 4504 rationibus
1291 4439 1324 4500 et
1338 4438 1427 4511 aliis,
1450 4455 1523 4500 cum
1550 4439 1675 4502 eisdem
1691 4439 1885 4516 impendere

1084 4535 1153 4597 illis
1170 4537 1269 4613 juxta
1296 4535 1553 4613 privilegiorum,
1572 4551 1708 4601 sucrum
1729 4538 1893 4600 tenorem.

1085 4635 1294 4696 sacramenta
1319 4634 1547 4696 ecclesiastica
1563 4633 1761 4702 contradicit
1775 4636 1809 4696 et
1820 4649 1886 4696 oc-

1086 4732 1228 4793 casione
1243 4731 1467 4794 contentionis
1495 4729 1810 4808 hujusmodiillata
1839 4747 1895 4800 ex,

1086 4830 1187 4906 parte·
1216 4844 1276 4890 sua
1311 4827 1472 4891 violentia
1500 4826 1644 4905 sanguis.
1673 4828 1714 4896 in,
1737 4829 1884 4890 ecclesia

1087 4927 1200 4989 Sancti
1219 4926 1354 4988 Martini
1368 4925 1569 4994 consistente
1588 4924 1676 4986 inira
1696 4925 1893 4990 claustrum,

1063 5043 1064 5048 ¹
1087 5023 1235 5102 ejusdem
1256 5023 1449 5090 monasterii
1470 5025 1522 5086 est
1538 5023 1677 5085 effusus.
1700 5022 1782 5095 Quia
1803 5039 1887 5086 vero

1087 5121 1300 5184 reconciliari
1315 5121 1457 5183 ecclesia
1472 5120 1545 5197 ipsa
1557 5122 1642 5198 eget,
1659 5122 1693 5183 et
1706 5136 1807 5198 super
1821 5121 1886 5184 hoc

1088 5221 1120 5282 et
1128 5219 1217 5292 aliis,
1228 5236 1294 5282 non
1306 5218 1402 5281 debet
1410 5219 1499 5282 idem
1508 5218 1683 5296 episcopus
1691 5218 1732 5281 ad
1745 5219 1893 5296 praedica

1087 5318 1157 5381 tum
1172 5317 1318 5380 cilicium
1333 5317 1385 5378 sui
1401 5315 1623 5380 ministerium
1635 5316 1813 5394 denegare,
1827 5318 1886 5394 qni

1089 5431 1162 5478 eam
1184 5430 1321 5478 serrare
1344 5413 1466 5476 debent
1487 5415 1523 5476 in
1536 5416 1606 5476 suis
1619 5414 1747 5477 actibus
1766 5415 1886 5490 gravi·

1089 5516 1200 5586 tatem,
1215 5513 1300 5592 quod
1313 5515 1347 5574 in
1359 5513 1486 5574 tantum
1502 5528 1568 5572 non
1584 5513 1695 5588 posset
1708 5527 1894 5574 excessum.

1089 5612 1141 5672 sui
1157 5610 1334 5673 occasione
1349 5609 1530 5687 prorumpi,
1547 5608 1654 5671 eidem
1677 5609 1801 5670 nostris
1820 5609 1886 5672 da-

1090 5727 1163 5772 mus
1183 5707 1303 5770 litteris
1318 5709 1352 5769 in
1368 5707 1545 5779 mandatis,
1560 5707 1595 5768 ut
1620 5707 1692 5768 sine
1720 5707 1888 5787 pravitate
