3946 6304
56 370 109 430 453
668 364 897 428 EPISTOLAE.
920 365 997 426 LIB.
1022 365 1076 426 IV.
1629 359 1688 419 451

57 527 137 598 bere,
152 525 246 588 uobis
261 525 431 590 humiliter
445 525 640 603 supplicasti
654 525 690 586 ut
701 525 837 598 eis,non
892 523 1085 596 memorate,
1108 521 1160 584 rel
1175 521 1253 583 aliis
1269 519 1330 583 tihi
1345 503 1515 597 subjeetis,
1532 518 1685 595 personis

57 625 197 686 obstante
223 623 310 702 quod
336 624 482 686 noudum
512 624 687 686 deventum
715 623 766 684 est
797 620 837 683 sd
893 619 1022 682 idoneis
1041 619 1239 681 auctoritate
1264 619 1369 695 ipsius
1391 603 1689 679 eonciliieonferas

56 736 219 782 numerum
233 720 459 798 saepedictum,
479 735 640 798 personas
656 719 792 781 idoneas
807 720 840 781 et
893 717 1009 790 libera,
1022 733 1061 780 ao
1075 717 1225 779 licenter.
1240 717 1358 778 Datum
1371 715 1458 792 apud
1466 715 1587 778 Urbem
1595 715 1691 776 Vete-

57 818 196 882 eoclesiae
211 818 309 880 utiles
323 817 499 894 subrogari
511 817 551 880 de
566 817 680 880 nostra
692 816 838 893 permis·
894 830 975 888 rem,
992 816 1036 876 vl
1055 813 1216 876 kalendas
1233 811 1323 892 julii,
1344 811 1557 890 pontificatus
1583 812 1691 874 nostri

58 915 142 978 sione
155 913 282 978 liceret
294 917 363 978 Nos
373 916 476 994 igitur
491 914 644 994 precibus
659 914 727 977 tuis
738 913 838 976 beni·-
895 927 983 974 anno
996 913 1126 990 quarto.

57 1028 148 1090 gnum
168 1012 398 1092 impartientes
419 1027 604 1084 assensum,
625 1009 840 1089 presentium

57 1111 109 1172 tibi
125 1111 322 1174 auctoritate
348 1109 561 1173 consedimus
583 1110 634 1182 ut,
651 1110 724 1186 post
745 1123 841 1185 spon·
1235 1043 1353 1130 CLIX

57 1209 180 1271 eneam
203 1208 442 1270 canonicorum
466 1207 615 1284 ipsorum
639 1205 841 1282 resignatio-

58 1321 136 1374 nem,
148 1304 249 1367 lrceat
269 1305 330 1368 tibi
352 1320 427 1366 oum
450 1304 595 1383 capitulo
611 1305 680 1376 tuo,
696 1303 749 1364 vel
769 1317 842 1364 ma·
971 1361 973 1366 .

55 1403 113 1480 jori
127 1403 159 1463 et
176 1402 303 1463 saniori
318 1403 412 1478 parte
427 1401 532 1478 ipsius
547 1401 582 1464 in
596 1399 679 1462 loeis
694 1399 840 1470 illorum,
990 1364 1597 1512 [³⁰¹¹‘1u‘t’R2‘32'sff0fflffisss'ep‘}g]¹‘·⁶⁹⁸³

57 1497 228 1608 PraemiSSis
254 1515 320 1560 ¹¹⁰³
343 1495 841 1608 ⁰b³t³nfflf¹¹⁸1³li³⁸p⁰r³⁰⁰⁸⁸
897 1535 1049 1605 Honorius,
1065 1535 1112 1608 qui
1130 1533 1253 1594 Gualteri
1269 1531 1692 1594 CornutieleetionemadPeri·

57 1593 193 1670 idoneas,
205 1595 335 1658 sublato
351 1594 584 1674 appellationis
593 1592 775 1666 obstacula,
791 1609 843 1654 su·
931 1623 1058 1681 „pensem
1069 1623 1305 1698 epiwopatum‚a
1322 1637 1392 1696 rege
1405 1621 1535 1694 Philippo
1548 1635 1692 1678 commen,

59 1691 192 1769 ῙἸΓΟΒᾶΓΪ·
210 1693 331 1756 Datum
343 1692 428 1770 apud
452 1689 573 1754 Urbem
590 1691 756 1762 Veterem,
767 1691 842 1752 Vffl
932 1709 1039 1780 datam,
1055 1713 1084 1770 in
1100 1713 1209 1770 irritum
1229 1711 1377 1785 rejecerat,
1393 1724 1492 1768 rursus
1511 1709 1692 1768 Guilielmurn

63 1789 212 1851 kalendas
225 1790 314 1868 julii,
330 1805 418 1851 anno
433 1789 562 1868 quartu.
933 1799 969 1858 tle
983 1801 1139 1873 signillaeo
1158 1799 1437 1858 Autissiodorensem
1456 1801 1634 1872 episcopum,
1657 1797 1693 1855 ad

93 1916 126 1974 ln
147 1913 300 1974 eumdem
321 1913 455 1975 modum
465 1912 625 1989 scriptum
641 1912 728 1974 esim
745 1911 778 1974 pt
791 1925 844 1972 ω.
932 1887 1032 1946 sedem
1052 1890 1243 1948 Parisiensem
1256 1895 1428 1961 promotum,
1445 1890 1518 1961 regi,
1533 1887 1692 1945 senonensi

60 2009 152 2086 pitulo
166 2011 413 2073 maromontem
933 1976 1150 2051 arehiepisoopo
1160 1977 1353 2036 etPsrisiensi
1365 1977 1489 2050 capitulo
1499 1975 1691 2034 commendet.

93 2108 206 2169 Potitio
222 2110 344 2181 vestra,
357 2121 464 2182 usque
475 2105 698 2185 supplicastis,
718 2106 754 2168 ut
776 2119 843 2166 non
938 2095 1105 2156 HOBOPiUS
1134 2093 1361 2170 episeopus...,
1397 2092 1580 2155 venerabili
1596 2093 1692 2154 fratri

60 2203 845 2282 ouansquonnonuumestannumerumsaeps
899 2192 1150 2269 archiepiscopo
1171 2189 1425 2270 senonensia),
1451 2190 1603 2262 salutem,
1629 2191 1691 2253 eto·

60 2300 180 2374 nictum,
198 2302 356 2364 dilectum
369 2300 473 2362 ulium
490 2303 664 2378 nugonem
684 2301 725 2362 ds
739 2303 844 2361 Turre
940 2293 984 2354 Ut
996 2291 1136 2352 sinoorae
1151 2290 1301 2351 caritatis
1315 2287 1455 2350 affectus
1468 2304 1564 2365 quem
1580 2286 1621 2349 ad
1633 2291 1693 2350 ea·

60 2397 204 2460 clericum
231 2398 335 2460 alicui
354 2399 591 2461 canonicorum
619 2397 765 2476 eiusdem
789 2413 846 2458 ern
899 2387 1074 2450 risieflsem
1098 2388 1273 2449 ecclesiam
1296 2387 1455 2463 uelimus,
1478 2387 1605 2462 pateret
1624 2385 1695 2448 0Ῑᾶ-

61 2495 159 2558 elesiae
180 2495 222 2558 de
236 2497 351 2559 nostra
364 2495 538 2572 subrogari
562 2495 780 2574 permissione
802 2493 846 2554 li-
899 2485 970 2548 rius
1000 2501 1060 2564 per
1083 2485 1238 2547 ellectum
1271 2484 1378 2546 eidem
1407 2483 1549 2561 pastoris
1574 2483 1693 2545 solatio

61 2595 148 2655 caret
165 2594 234 2656 Nos
255 2593 359 2670 igitur
384 2593 536 2671 precibus
551 2591 682 2664 uestris,
704 2594 780 2664 etc„
806 2592 846 2652 ut
900 2583 1077 2652 destitute,
1114 2580 1340 2645 uenerabilem
1369 2581 1505 2644 tratrem
1541 2583 1693 2644 nostrum

59 2705 156 2765 supro
171 2707 282 2766 resque
300 2691 561 2767 resignationem
583 2690 726 2766 alicujus
743 2704 846 2750 oeno-
900 2683 953 2742 W.
967 2679 1015 2761 (3)
1042 2682 1122 2743 tune
1142 2679 1467 2743 autissiodorensem
1490 2679 1692 2756 episcopum,

62 2787 200 2850 nieorum
214 2788 365 2867 ipsorum
378 2788 477 2852 liceat
490 2787 584 2850 vobis
594 2788 629 2849 in
642 2787 714 2850 looo
725 2786 843 2864 ipsius,
899 2779 1008 2840 virum
1023 2779 1194 2854 praeolarae
1207 2776 1316 2850 lamae,
1329 2779 1415 2838 nutae
1424 2775 1556 2839 virtutis
1568 2791 1608 2837 ao
1620 2792 1694 2853 pro·

65 2886 236 2960 praemissis
260 2903 327 2948 non
351 2885 569 2958 obstantibus,
587 2883 711 2947 dietum
733 2886 847 2961 liugo-
899 2873 1014 2937 bitatis
1028 2875 1186 2953 expertae,
1209 2874 1260 2935 illi
1282 2874 1485 2952 providimus
1508 2875 1544 2934 in
1565 2873 1696 2951 episeo-

65 2997 141 3055 nem,
157 2983 288 3046 subiato
302 2984 536 3062 appellationis
547 2982 728 3055 obstaculo,
741 2981 845 3042 libera
900 2989 978 3050 pum
990 2974 1023 3035 et
1037 2973 1215 3049 pastorem,
1228 2972 1259 3034 ei
1268 2971 1459 3048 perscripta
1473 2973 1585 3034 nostra
1599 2987 1696 3032 man·

63 3079 238 3158 subrogari,
254 3083 373 3144 Datum
388 3082 424 3144 ut
437 3077 553 3160 sum·
901 3070 1017 3132 dantes
1032 3071 1068 3134 ut
1081 3085 1166 3134 onus
1186 3069 1358 3146 regiminis
1377 3072 1450 3146 ejus
1465 3069 1695 3146 susciperet'a

901 3167 1125 3232 sollieitudine
1147 3167 1449 3230 Autissiodorensis
1469 3167 1621 3230 aeolesiae
1636 3167 1697 3229 ab·

370 3239 530 3328 GLVffl
901 3267 1029 3330 solutus
1045 3287 1053 3328 ε
1070 3265 1138 3343 qai,
1155 3267 1331 3344 autentum
1354 3266 1476 3326 nostrae
1494 3264 1537 3325 ad
1556 3280 1632 3326 eum
1645 3264 1697 3327 lit·

142 3365 192 3427 Ad
205 3367 404 3440 episcopum
419 3363 744 3428 emronwutensem.
900 3366 981 3427 teras
994 3363 1235 3442 pervenissent,
1252 3362 1317 3424 iter
1334 3361 1376 3424 ad
1393 3362 1616 3440 Apostolioam
1636 3365 1697 3425 Se-

333 3469 368 3527 io
384 3468 458 3542 iunii
483 3467 561 3526 aiau.
901 3461 974 3526 dem
990 3460 1167 3537 arripiens,
1189 3461 1236 3534 nt,
1259 3459 1356 3537 quasi
1374 3459 1568 3536 reintegra,
1586 3463 1698 3537 posset

82 3561 191 3627 mapa,
206 3563 254 3616 liu.
264 3565 308 3626 iti,
322 3565 396 3632 epist.
411 3564 466 3617 rsa.
477 3566 534 3616 uss.
546 3565 582 3615 na
594 3565 671 3616 rorte
681 3563 715 3615 du
728 3563 823 3630 thail]
901 3559 1091 3638 hujusmodi
1110 3571 1195 3620 onus
1210 3556 1342 3622 facilius
1362 3557 1543 3630 declinare,
1562 3558 1695 3620 demum

64 3659 184 3736 indulget
199 3663 225 3720 ei
241 3671 282 3733 ut,
295 3679 351 3722 non
365 3663 496 3722 obstante
511 3663 715 3721 canonicorum
727 3663 844 3736 opposi-
900 3658 936 3720 in
958 3659 1072 3720 nostra
1095 3658 1129 3720 et
1149 3656 1289 3718 fratrum
1309 3657 1499 3718 manorum
1514 3657 1697 3733 praesentia

80 3750 178 3820 'riona
199 3751 342 3811 benensis
366 3765 430 3826 que
459 3754 489 3810 in
507 3753 629 3811 eoeleste
650 3765 772 3824 suaper
795 3767 846 3808 sex
901 3755 1113 3826 constitutus,
1126 3754 1307 3832 postulavit
1325 3752 1498 3815 humiliter
1515 3755 1550 3816 et
1563 3754 1696 3817 instan-

91 3851 199 3898 menses
214 3855 320 3898 vacare
335 3842 499 3915 eontigerit,
516 3839 647 3899 conterre
663 3841 762 3915 possit.
900 3855 962 3926 ter,
988 3868 1030 3916 ne
1045 3856 1118 3930 jam
1140 3851 1264 3914 dictum
1278 3866 1363 3913 onus
1377 3851 1623 3927 imponeremus
1642 3852 1695 3913 θ(-

94 3945 268 4021 Honorius,
285 3950 362 4023 ete,
378 3947 563 4012 venerabili
588 3949 733 4012 bairi...
757 3949 847 4027 epis-
900 3951 986 4024 dem,
1012 3949 1098 4030 quod
1125 3949 1216 4012 ninia
1235 3949 1367 4010 ratione
1390 3948 1545 4011 deserere
1564 3947 1697 4013 volebat

63 4055 134 4118 copo
146 4043 405 4118 claromonten,
420 4047 571 4118 salutem,
582 4048 644 4108 eto.
901 4047 1225 4110 autissiodorensem
1246 4045 1434 4117 eeclesiam,
1451 4062 1524 4123 quaa
1546 4049 1698 4110 nutrive-

96 4143 241 4218 lixparte
253 4147 310 4206 tua
321 4142 383 4206 luit
396 4145 601 4222 propositum
612 4159 724 4206 coram
737 4143 844 4212 nobis,
901 4146 955 4208 rat
967 4145 1076 4222 ipsum
1089 4160 1109 4206 a
1121 4158 1236 4221 puero,
1261 4145 1295 4206 et
1309 4145 1527 4220 promoverat
1538 4145 1645 4222 primo
1660 4146 1695 4206 in

63 4239 138 4312 quod
152 4256 226 4302 eum
238 4238 412 4314 beneficia,
430 4256 503 4319 quse
518 4241 553 4302 in
568 4241 710 4303 ecclesia
721 4243 776 4303 tua
787 4257 847 4318 per
901 4243 1098 4306 canonicum
1113 4240 1276 4304 etdeinde
1287 4241 1509 4314 indeoanum,
1521 4242 1696 4304 etdemuua

63 4347 115 4396 sex
135 4353 265 4400 menses
289 4353 411 4400 vacare
440 4339 613 4415 contingit,
629 4339 680 4401 uis
710 4338 846 4401 consilii
901 4340 936 4401 iu
951 4340 1143 4417 episcopum
1167 4337 1416 4411 sublimaverat,
1440 4339 1570 4416 atljeoto
1596 4341 1694 4417 quod,

64 4431 248 4498 lateranen.
270 4435 469 4498 arroteritate
491 4434 662 4511 oouiorra;
692 4435 846 4498 canonici
901 4453 1004 4500 onera
1018 4436 1119 4499 offleii
1140 4436 1339 4514 pontificalis
1363 4437 1530 4514 expertus,
1558 4437 1600 4500 ad
1622 4454 1696 4516 quae

62 4531 196 4602 ejusdem
211 4531 365 4595 ecclesiae
389 4534 578 4596 asserentes
592 4535 624 4596 te
648 4534 747 4596 simul
771 4551 846 4596 cum
901 4534 1063 4614 portanda
1078 4531 1253 4613 reputabat
1267 4549 1304 4594 se
1319 4533 1576 4598 insufficientem
1591 4536 1696 4598 etiam

65 4624 136 4701 ipsis
146 4631 368 4707 negligentem
376 4631 411 4692 in
420 4628 598 4694 collatione
608 4630 845 4694 beneficiorum
900 4634 936 4695 iu
950 4633 1024 4694 looo
1039 4647 1136 4709 quam
1153 4630 1211 4692 diu
1227 4629 1439 4708 probaverat,
1458 4633 1490 4694 et
1501 4631 1536 4694 iu
1551 4649 1614 4712 quo
1629 4649 1695 4695 uo-

65 4719 241 4800 hujusmodi
260 4727 422 4802 extitisse,
440 4745 480 4790 eo
500 4729 587 4808 quod
607 4729 647 4792 de
668 4730 847 4792 consuetu·
900 4730 996 4791 verat
1013 4742 1123 4790 mores
1136 4726 1307 4788 bominum
1322 4729 1355 4788 et
1370 4717 1555 4790 devotionis
1572 4729 1698 4794 sentie-

65 4817 131 4881 dina
144 4823 387 4888 Glaromonten.
404 4825 579 4904 episeopus
601 4828 781 4889 eanonicus
797 4825 845 4906 (l)
900 4825 957 4888 bat
969 4825 1135 4896 affectum,
1147 4839 1270 4885 novum
1285 4822 1476 4903 sibijugum
1488 4826 1615 4903 imponi
1629 4843 1696 4890 non

64 4918 200 4982 ecclesiae
216 4923 591 5000 memoratae,impedire
611 4924 845 4997 consulumue
902 4921 1065 4985 immerito
1089 4917 1299 4992 formidabat,
1324 4922 1511 4999 praesertim
1535 4940 1610 4986 cum
1633 4924 1696 4986 ire-

65 5009 211 5080 beneiicia
237 5019 310 5096 ipsa
336 5019 489 5083 conferas
515 5021 713 5084 aucturitats
732 5021 846 5084 conoi—
901 5019 1077 5099 questibus
1090 5017 1124 5082 et
1138 5017 1322 5096 desperatis
1340 5019 1595 5095 egritudinibus
1611 5021 1694 5083 adeo

66 5107 96 5169 lii
119 5117 299 5178 memorati.
318 5117 461 5196 ideoque
482 5117 683 5181 fraternitati
702 5120 767 5182 tuae
786 5134 847 5196 per
901 5119 1025 5180 iraotus
1041 5117 1138 5188 esset,
1155 5115 1242 5193 quod
1257 5117 1293 5176 in
1310 5131 1349 5178 eo
1368 5115 1465 5194 vigor
1485 5121 1558 5180 erat
1572 5117 1694 5180 tirium

65 5210 240 5283 apostolica
274 5213 398 5293 scripta
426 5216 643 5290 mandamus,
683 5215 846 5294 quatenus
901 5217 934 5280 et
957 5213 1104 5277 omnium
1122 5227 1279 5274 sensuum
1304 5211 1507 5286 imminutus,
1536 5217 1693 5278 etmiuus

66 5317 123 5366 non
145 5309 295 5373 obstante
322 5313 497 5375 occasione
523 5310 715 5390 hujusmodi
746 5330 845 5392 quam
901 5312 1079 5376 eminentis
1090 5309 1240 5373 scientias
1255 5325 1294 5370 ao
1309 5309 1437 5386 peritiae
1451 5311 1638 5375 mitteretur
1652 5315 1693 5378 ad

67 5398 204 5467 friuolam
218 5409 421 5485 reputamus,
435 5409 609 5481 beneficia,
622 5428 696 5488 quae
718 5427 777 5488 per
790 5427 847 5472 se·
900 5411 1009 5473 looum
1025 5407 1081 5472 ubi
1093 5408 1260 5486 praecipue
1275 5407 1365 5483 viget
1381 5407 1520 5469 seientia
1535 5411 1568 5472 et
1582 5411 1692 5474 abun-

67 5503 175 5596 nestra
191 5505 452 5584 tempusvaeare
466 5508 687 5584 eontigeritin
703 5509 846 5572 ecclesia
901 5508 957 5570 dat
979 5506 1160 5570 eminentia
1182 5504 1374 5584 peritorum.
1405 5505 1553 5584 Denique
1582 5525 1618 5570 se
1644 5511 1690 5572 ita

97 5618 134 5693 (l)
152 5625 453 5712 Taxteevidemmeut
477 5629 585 5700 mutila,
604 5631 677 5688 mais
698 5629 846 5690 ooniorme
936 5630 978 5702 (2)
999 5632 1082 5688 Petro
1095 5627 1132 5686 ds
1146 5626 1285 5687 corbolio.

69 5701 100 5744 tu
113 5706 272 5756 manuscrit.
936 5701 976 5772 (3)
995 5699 1135 5760 Guilielm.
1152 5697 1188 5755 de
1201 5696 1365 5771 Signiiiaeo.

894 1171 947 1231 Act
961 1169 1120 1240 Petrum,
1134 1170 1366 1230 senonensem
1384 1168 1689 1242 areirtepiseopum.

1179 1272 1213 1331 27
1229 1271 1303 1344 junii
1322 1271 1402 1328 iiio.
