3978 6292
57 291 110 350 385
396 232 401 245 r
663 277 890 340 EPISTOLAE.
915 279 992 338 LIB.
1017 277 1071 338 iv.
1451 366 1453 375 Ι
1632 275 1691 334 3811

55 447 114 523 ipsi
135 445 201 508 tam
220 439 441 520 appellatione
465 453 563 518 quam
588 436 840 514 exceptionibus
895 437 1016 510 autem,
1044 435 1106 498 etc.
1137 435 1255 497 Datum
1283 433 1435 508 viterbii,
1463 435 1580 512 quarto
1614 435 1689 496 idus

5 533 6 536 '
33 548 36 556 '
54 545 166 606 vestris
179 557 237 618 pro
247 556 308 600 sua
317 539 488 600 voluntate
495 535 701 612 contemptis,
710 551 842 612 proces·
896 532 1066 604 februarii,
1082 531 1649 612 6611116616611661116616666116.

55 641 163 702 66111111
174 639 215 700 ad
231 637 341 700 omnia
356 635 566 712 supradicta;
583 647 687 710 quare
710 631 842 709 petebat

54 737 180 796 illorum
196 749 386 810 processum
397 730 530 796 irritum
546 729 705 800 nuntiari,
732 728 764 789 et
781 726 860 788 61)-Υ
1229 709 1366 809 LXXX

55 833 132 894 SOlVi
145 847 205 892 VOS
222 845 242 891 a
257 828 415 906 petitione
433 827 550 894 ,ΟῘΘΓῘΟῘ
567 825 751 891 memorati·
772 825 841 886 NOS
898 845 950 906 Aa
973 847 1103 906 clerum
1132 844 1204 904 tam
1232 845 1384 906 emtam
1406 859 1511 918 quam
1538 845 1695 904 dioeoesig

55 922 839 1006 igituniisotaliispropositisetostensiscoram
1161 941 1436 1016 grammis,

55 1025 201 1088 auditore
221 1022 379 1101 praedioio
403 1022 535 1100 plenius
553 1019 743 1092 intellectis,
765 1019 842 1096 quia
1196 1062 1230 1118 13
1245 1060 1291 1118 reb
1317 1061 1387 1120 mo

55 1120 198 1183 constitit
214 1119 370 1197 praeiatas
394 1119 525 1180 litteras
552 1116 657 1178 fuisse
680 1131 740 1194 per
765 1114 843 1177 salsi
1055 1179 1079 1224 rt
1118 1175 1125 1186 ,
1169 1177 1190 1228 N
1250 1107 1350 1228 m,
1382 1105 1435 1226 (XI
1534 1177 1581 1228 ω

57 1218 294 1294 suggestionem
330 1215 492 1288 obtentas,
523 1213 779 1292 11116166111666,
810 1215 844 1274 ot
992 1175 1054 1240 [Μ
1081 1189 1154 1235 worn,
1192 1191 1241 1227 ova
1268 1191 1323 1226 ²¹³¹
1344 1191 1370 1227 ¹³
1399 1193 1425 1244 Ψ
1438 1191 1523 1238 ''¹¹¹¹’
1583 1178 1603 1244 ']

57 1314 199 1380 habitum
214 1329 330 1374 earum
343 1312 719 1390 oceasionepmoessum
731 1310 848 1372 deero,
901 1292 973 1366 ipsis
996 1294 1114 1351 remittit
1128 1293 1294 1352 vicesimam
1315 1308 1330 1351 a
1350 1295 1475 1353 Concilio
1501 1295 1629 1367 generali
1645 1309 1696 1368 pro

58 1413 159 1474 simus
172 1407 731 1486 1161161616,16661161611116116
754 1421 845 1485 prae·
1019 1384 1113 1440 Teffae
1132 1383 1244 1440 5⁸⁰⁰*
1258 1382 1385 1440 subsidio
1404 1383 1577 1456 impositam.

59 1507 255 1570 adelerici
283 1505 504 1569 absolventes.
530 1507 648 1576 Datum
683 1503 866 1582 viterbii„
941 1509 1120 1582 Honorius,
1148 1510 1223 1581 etc,
1240 1509 1369 1572 dilectis
1395 1509 1474 1582 filiis
1508 1513 1546 1574 R.
1579 1509 1699 1586 majori

59 1604 197 1668 secundo
212 1619 319 1666 nonas
333 1602 506 1675 februarii,
523 1601 734 1680 pontificatus
741 1601 848 1666 nostri
902 1607 1090 1684 praeposito,
1111 1611 1144 1668 et
1157 1610 1195 1668 Α.
1213 1608 1351 1685 majoris
1373 1608 1523 1670 ecclesiae
1538 1607 1698 1669 canonico

57 1717 141 1764 anilo
154 1703 286 1780 quarto.
902 1705 935 1765 et
946 1706 982 1764 Β.
1000 1705 1112 1766 Sancti
1128 1705 1218 1766 Petri
1240 1705 1380 1778 custodi,
1395 1708 1541 1782 Argunt,
1558 1705 1700 1768 salutem

371 1820 531 1910 LXXI(
903 1803 936 1862 et
947 1801 1162 1878 apostolicam
1172 1801 1448 1864 benedictionem.

497 1879 509 1908 ¹
943 1897 1106 1959 Exhibitae
1115 1898 1209 1959 nobis
1220 1913 1263 1960 ex
1276 1899 1579 1976 parteveuerabilis
1588 1899 1701 1962 1161116

904 1995 1009 2057 nostri
1021 1996 1274 2070 argentinensis
1286 1998 1438 2074 episcopi
1458 1999 1490 2058 et
1505 1997 1701 2058 dilectorum

904 2091 1048 2153 illiorum
1070 2093 1153 2154 cleri
1175 2096 1273 2170 atque
1305 2095 1372 2156 tam
1407 2095 1563 2162 civitatis,
1603 2111 1701 2172 quam

354 2168 388 2226 ¹⁰
399 2165 454 2225 seb.
470 2168 550 2226 ¹²²⁰·
904 2189 1057 2252 dioecesis
1066 2192 1331 2266 argentinensis,
1345 2192 1464 2252 litterae
1476 2191 1699 2263 continebant,

94 2273 267 2340 [neamus.
277 2272 323 2336 lv,
336 2289 378 2340 il·
391 2273 447 2326 ⁶⁵⁷·
459 2274 517 2326 ΝΒ·
530 2275 566 2326 ¹¹²
580 2275 655 2326 ΡΜ
671 2273 706 2326 ‘¹¹¹
717 2271 810 2338 rosit]
905 2287 990 2364 quod
1006 2303 1046 2348 ec
1061 2288 1269 2364 suggerente,
1285 2289 1340 2366 qui
1354 2289 1451 2350 bonis
1466 2289 1640 2350 consuevit
1651 2305 1703 2350 ac·

63 2383 195 2442 sumtum
204 2379 362 2452 (1110411161,
372 2395 422 2453 1110
430 2381 636 2438 ¹1¹011ili2110ium
644 2381 850 2450 imitatione
904 2384 992 2447 tibus
1006 2385 1168 2457 invidere,
1185 2400 1205 2446 a
1220 2385 1366 2462 tempore
1377 2386 1517 2447 concilii
1530 2383 1698 2462 generalis

78 2467 190 2542 provide
204 2467 504 2538 iactumauctornste
513 2469 675 2540 Aposmlior
690 2468 848 2530 confirmat.
905 2483 1035 2559 gumi„
1057 2483 1223 2545 oontpmfig
1251 2484 1401 2559 regionis
1418 2483 1533 2546 afflicti
1554 2484 1703 2560 graviter

98 2585 275 2657 Honorius,
301 2587 376 2656 etc„
391 2585 521 2646 dilectis
549 2584 665 2644 111116...
690 2585 796 2662 priori
820 2586 852 2647 et
906 2581 939 2642 61
957 2582 1118 2658 oppressi,
1145 2597 1183 2642 ar
1210 2582 1294 2642 alius
1320 2582 1448 2658 rapinis
1474 2583 1507 2642 et
1534 2581 1699 2643 incendiis

65 2681 238 2743 couventui
254 2681 447 2742 monasterii
461 2683 573 2743 Sancti
588 2681 737 2742 Medardi
751 2684 853 2743 Sues-
906 2679 1133 2755 multipliciter
1160 2678 1318 2750 lacessiti,
1341 2679 1468 2744 tantam
1490 2679 1701 2742 sterilitatem

67 2780 200 2851 sionem,
221 2779 373 2850 salutem,
386 2781 448 2840 etc
906 2777 942 2837 in
957 2792 1045 2840 anuo
1056 2776 1222 2838 sustinere
1237 2777 1404 2852 praesenti,
1420 2776 1505 2853 quod
1518 2777 1621 2838 sitam
1634 2776 1704 2838 ino-

60 1963 105 2022 Ad
112 1961 271 2036 priorem
284 1959 318 2020 et
338 1959 545 2022 conventum
558 1957 677 2020 8611611
690 1959 849 2020 Medendi

318 2057 587 2117 comsanensis.

101 2877 187 2938 Solet
201 2891 354 2936 annuere
367 2877 470 2937 Sedes
483 2877 673 2953 Apostolica
686 2877 751 2954 piis
765 2877 852 2938 votis
907 2889 981 2950 pem
997 2871 1196 2936 deducentes
1209 2874 1267 2937 vin
1286 2875 1414 2950 possint
1428 2874 1470 2936 de
1490 2873 1539 2935 tot
1558 2874 1701 2936 calami-

69 2974 98 3033 et
122 2973 271 3037 honestis
296 2973 477 3048 petentium
501 2972 676 3035 desideriis
705 2973 852 3034 favorem
906 2967 1030 3030 tatibus
1062 2967 1240 3045 respirare.
1276 2968 1370 3030 Unde
1403 2967 1499 3028 nobis
1535 2982 1579 3030 ex
1609 2969 1703 3042 parte

66 3067 254 3130 benevolum
263 3069 438 3146 impertiri.
451 3071 642 3147 Eapropter,
654 3070 768 3132 dilecti
779 3071 850 3142 iiiii,
906 3065 1079 3127 memorati
1092 3064 1172 3126 cleri
1188 3079 1248 3142 per
1262 3080 1321 3125 vos
1332 3065 1470 3126 dilectos
1481 3064 1567 3126 illios
1579 3067 1616 3126 A.
1633 3080 1701 3126 ma·

43 3207 47 3222 ,
67 3167 176 3228 restris
197 3166 355 3244 precibus
377 3167 572 3240 annuentes,
595 3182 753 3244 personas
771 3183 851 3229 ves·
903 3161 988 3238 joris
1002 3162 1153 3224 ecclesiae
1165 3163 1373 3234 canonicum,
1382 3163 1416 3224 et
1428 3164 1464 3224 Β.
1483 3162 1596 3224 Sancti
1609 3161 1699 3225 Petri

67 3261 136 3332 tras,
166 3262 199 3322 et
225 3259 464 3322 monasterium
489 3261 525 3322 in
550 3276 614 3337 quo
638 3261 750 3322 divino
770 3262 852 3323 estis
910 3259 1079 3322 custodem
1091 3259 1377 3334 argentinensem,
1388 3259 1428 3322 ad
1442 3259 1505 3320 boc
1513 3257 1705 3334 specialiter

66 3357 215 3434 obsequio
241 3357 431 3434 mancipati,
460 3373 536 3418 cum
563 3357 716 3418 omuibus
741 3358 850 3430 bonis,
909 3355 1704 3432 destinatosiuithumilitersupplioanrm,uicum

67 3469 130 3528 pirae
141 3455 176 3514 111
184 3454 440 3531 praesentiarum
449 3453 693 3518 rationabiliter
706 3457 853 3532 posside·
907 3455 1042 3532 propter
1055 3453 1228 3532 premissa
1242 3455 1275 3515 et
1285 3453 1352 3514 alia
1361 3452 1597 3530 impedimenta
1607 3455 1705 3530 juxta

67 3551 112 3622 tis,
125 3553 180 3612 aut
202 3552 239 3611 iu
255 3549 402 3613 iuturum
418 3552 518 3628 justis
536 3552 652 3624 modis,
675 3555 853 3630 praestante
908 3549 1038 3628 praerau
1048 3549 1172 3612 statuta
1182 3549 1320 3612 concilii
1335 3548 1528 3615 vicesimam
1542 3564 1610 3610 non
1624 3564 1702 3627 per-

66 3647 206 3722 Domino,
224 3647 375 3724 poteritis
398 3647 550 3725 adipisci,
567 3649 628 3709 sub
649 3652 685 3710 Β.
709 3651 799 3712 Ρ6111
821 3651 854 3712 61
907 3647 1079 3721 solverint,
1112 3663 1151 3710 ec
1176 3647 1281 3710 veiint
1298 3648 1333 3708 in
1361 3647 1703 3723 recompensationem

66 3745 168 3808 nostra
205 3744 413 3821 protectione
443 3746 653 3822 suscipimus.
671 3749 776 3819 Quum
792 3763 855 3808 au·
907 3744 1013 3822 ipsius
1026 3746 1150 3806 certam
1163 3743 1293 3807 solvere
1305 3745 1456 3819 pocuaiae
1470 3744 1699 3822 quantitatem,

66 3843 134 3914 iem,
158 3843 248 3904 siout
271 3841 364 3904 nobis
390 3842 611 3908 referentibus
626 3844 852 3906 intelleximus
907 3841 1036 3904 66111661
1052 3841 1211 3904 ducentas
1223 3855 1352 3902 marcas
1367 3841 1509 3915 argenti,
1522 3841 1703 3902 secundum

66 3939 208 4015 exigente
242 3939 404 4010 utilitate,
429 3940 621 4014 honestate,
658 3956 697 4002 ac
732 3957 852 4003 neces·
908 3937 1704 4014 mandatumnostrumprosubsidioTerreeSauc·

68 4035 153 4098 sitate
179 4036 378 4098 monasterii
408 4037 523 4110 vostri,
555 4036 596 4100 de
623 4039 728 4100 vestri
756 4038 854 4100 abba·
907 4037 961 4108 te,
978 4052 1020 4098 ne
1036 4035 1201 4098 sententia
1216 4034 1569 4097 excommunicationis
1590 4035 1625 4096 111
1640 4035 1703 4098 de-

66 4131 103 4192 tis
120 4149 271 4204 assensu,
296 4132 459 4197 duxeritis
484 4134 706 4207 statuendum,
731 4137 768 4196 ut
793 4151 853 4212 pro
906 4135 1053 4197 teniores
1068 4131 1174 4210 ipsius
1189 4133 1357 4194 vicesimae
1377 4132 1584 4209 promulgata
1599 4132 1703 4209 ligeu-

67 4228 202 4290 vsstibus
231 4229 266 4292 et
294 4229 370 4290 aliis
396 4230 567 4304 honestis,
592 4234 627 4294 et
651 4233 853 4300 necessariis
907 4232 972 4304 tur,
989 4230 1164 4309 providere
1178 4230 1220 4293 de
1244 4229 1449 4306 benignitate
1477 4230 1571 4292 Sedis
1596 4233 1704 4306 Apos-

67 4325 171 4388 usibus
183 4327 307 4388 uestris
322 4327 494 4390 annuatim
509 4328 591 4392 certi
606 4329 755 4406 ejusdem
776 4345 852 4392 mo·
907 4328 1016 4392 161166
1037 4328 1261 4406 dignaremur.
1285 4329 1354 4390 Nos
1375 4327 1479 4403 igitur
1498 4327 1604 4404 ipsius
1621 4327 1703 4390 cleri

67 4424 196 4484 nasterli
210 4422 361 4484 redditus
385 4423 593 4502 deputentur,
618 4428 652 4488 et
672 4426 759 4506 quod
785 4429 853 4490 tam
907 4425 1076 4489 miseriam
1090 4425 1703 4502 11166116611111611111661611166,611611-

68 4519 205 4592 predicti
232 4536 332 4598 quam
356 4521 488 4598 quidam
514 4522 573 4584 6111
598 4523 746 4586 redditus
770 4541 853 4602 quos
908 4525 1028 4602 portati
1039 4523 1287 4601 compatientes,
1300 4523 1406 4600 ipsius
1417 4521 1560 4584 oblatam
1571 4538 1630 4600 por
1641 4539 1702 4586 vos

67 4615 193 4686 emistis,
213 4632 359 4678 necnon
382 4620 600 4694 quarumdam
620 4621 804 4696 vinearum,
821 4622 855 4684 61
907 4626 945 4686 Α.
971 4623 1004 4682 61
1018 4625 1054 4684 Β.
1080 4621 1220 4682 nuncios
1244 4620 1419 4696 pecuniam
1445 4621 1700 4696 acceptavimus,

67 4710 197 4774 aliarum
210 4715 458 4790 possessionum
470 4717 650 4792 proventus
664 4717 786 4790 collati,
799 4735 853 4780 vo·
908 4719 1015 4781 eidem
1042 4719 1197 4796 episcopo
1225 4717 1348 4780 nostris
1369 4717 1493 4780 dantes
1518 4716 1638 4780 litteris
1666 4719 1702 4785 in

67 4804 263 4886 depietatis
278 4811 411 4881 intuitu,
423 4827 483 4888 pro
496 4813 600 4874 vestri
618 4811 800 4879 reiectione
814 4831 853 4880 ac
908 4815 1102 4894 preceptis,
1130 4815 1167 4877 ut
1193 4816 1285 4878 viros
1312 4814 1451 4878 idoneos
1483 4817 1515 4876 61
1543 4816 1701 4878 honestos

67 4903 133 4966 aliis
155 4907 356 4970 necessariis
382 4907 540 4984 deputati,
572 4911 609 4972 111
630 4911 740 4974 nullos
773 4928 853 4974 usus
907 4914 948 4978 de
967 4912 1101 4976 civitate
1121 4927 1161 4975 66
1184 4912 1320 4976 dioecesi
1346 4912 1547 4988 supradictis
1576 4913 1702 4990 eligere

68 5000 142 5064 alios
165 5004 423 5078 transferantur,
458 5021 519 5068 nos
548 5007 709 5071 statutum
736 5008 854 5088 hujus·
907 5011 1038 5074 studeat
1052 5011 1126 5072 sine
1141 5024 1245 5082 mora,
1265 5011 1323 5088 qui
1340 5009 1554 5074 facultatibus
1575 5011 1701 5078 statiis

68 5097 158 5170 modi,
173 5101 261 5162 sicut
289 5101 428 5178 provide
449 5119 489 5166 ac
508 5104 635 5166 utiliter
653 5105 851 5180 factumest,
908 5107 1166 5170 circumstantiis
1180 5108 1285 5185 ipsius
1305 5107 1420 5170 clerici
1434 5108 1627 5184 diligentius
1643 5109 1699 5168 in·-

67 5193 96 5254 et
114 5195 147 5256 111
169 5195 328 5261 coniectis
355 5198 475 5261 exinde
503 5199 624 5268 litteris
649 5201 851 5276 continetur,
908 5204 1037 5281 dagans
1050 5207 1169 5268 taxare
1191 5205 1355 5276 studeant,
1379 5205 1456 5281 quid
1482 5205 1522 5265 de
1538 5203 1702 5277 solutione

68 5292 253 5356 auctoritato
263 5294 452 5370 Apostolica
466 5297 702 5360 confirmamus
720 5299 754 5361 et
767 5316 854 5377 prae-
907 5303 1014 5379 ipsius
1027 5302 1178 5378 pecunia
1191 5303 1361 5378 contingat
1377 5301 1556 5380 quemlibet
1567 5315 1702 5362 eorum-

69 5389 161 5450 sentis
170 5389 286 5466 scripti
297 5393 482 5467 patrocinio
493 5396 746 5460 communimus.
760 5397 853 5461 Nulli
908 5398 991 5460 dem.
1018 5399 1173 5478 idemque
1196 5400 1286 5477 ipsos
1307 5398 1395 5459 iutra
1418 5397 1606 5476 quindecim
1630 5398 1701 5460 dies

69 5488 236 5558 6166616,
249 5487 852 5569 hancpaginamnostraeprotectiouis
907 5497 981 5572 post
990 5497 1213 5574 receptionem
1221 5493 1583 5573 praesentiumsublato
1593 5497 1701 5571 cutus-

70 5579 98 5638 et
122 5583 379 5646 confirmationis
402 5587 598 5664 intringere,
625 5594 687 5651 eto.
714 5591 749 5650 Si
779 5591 853 5667 quis
907 5591 987 5652 libet
999 5592 1272 5654 contradictionis
1286 5596 1319 5654 et
1340 5591 1573 5668 appellationis
1589 5591 1701 5654 obsta-

200 5735 315 5779 rarnon.
336 5719 476 5782 16116111.
619 5715 623 5724 ’
1527 5733 1559 5787 13
