3988 6306
72 427 121 487 nol
673 418 899 482 EPISTOLAE.
924 420 1001 478 nin.
1026 419 1081 478 ΙΙΙ.
1637 412 1699 473 202

72 587 122 646 tua
141 585 285 660 tempora
310 595 538 644 conservasse.
556 581 676 642 Datum
696 579 852 642 Laterani
907 577 1118 639 concedimus
1127 575 1397 647 faculatempnsi
1406 601 1449 637 nn
1460 571 1588 650 t‹‚‚,rod
1597 569 1695 640 absit,

74 684 113 742 llI
141 681 212 742 idus
238 679 373 758 aprilis,
402 677 614 755 pontificatus
638 678 743 739 nostri
764 692 851 738 anno
907 677 989 736 adeo
1003 675 1092 735 esset
1106 674 1261 750 gravissi
1275 671 1421 734 enormis
1432 686 1600 740 excessus,
1611 667 1697 746 quod

73 778 170 839 tertio.
907 772 1096 849 hujusmodi
1125 787 1280 832 manuum
1310 771 1487 846 injectores
1517 766 1698 828 adsedem

105 877 266 937 Ertmdem
287 878 428 935 modeim
449 873 618 948 scriptum
638 873 689 933 est
705 872 748 933 ad
771 873 854 933 Ber·
906 870 1129 946 apostolicam
1145 867 1377 930 torentmerito
1392 864 1591 928 destinandi.
1606 863 1699 924 Nulli

72 971 208 1033 tioldum
222 970 374 1033 abbatem
386 969 671 1045 staingadensem.
687 971 803 1030 Datum
819 971 854 1030 ut
907 982 987 1042 ergo
1002 967 1136 1027 omnino
1162 961 1699 1039 hominumliceatlrancpaginam

71 1084 173 1146 supra.
908 1065 1030 1126 nostrae
1045 1063 1270 1125 concessionis
1285 1063 1478 1137 intringere,
1499 1060 1553 1120 vel
1568 1059 1600 1118 ei
1615 1073 1701 1118 ausu

348 1173 570 1262 CLXXXIX
907 1163 1085 1222 temerario
1113 1161 1291 1220 contraire.
1326 1160 1361 1220 Si
1393 1157 1466 1236 quis
1495 1157 1605 1218 autem
1638 1155 1701 1216 hoc

908 1260 1071 1319 attentare
1089 1256 1347 1334 praesumpserit,
1363 1255 1623 1330 indignationem
1636 1267 1703 1312 om·

908 1355 1090 1431 nipotentis
1104 1355 1173 1425 Dei,
1190 1357 1224 1415 et
1248 1353 1419 1414 beatorum
1437 1351 1529 1413 Petri
1551 1352 1585 1411 et
1604 1349 1700 1411 Pauli

909 1452 1133 1528 apostolorum
1159 1453 1232 1528 ejus
1261 1465 1296 1510 se
1325 1449 1455 1510 noverit
1478 1449 1700 1508 incursurum.

909 1551 1027 1610 Datum
1042 1548 1199 1608 Laterani
1212 1550 1257 1608 lll
1273 1547 1347 1607 idus
1362 1546 1480 1623 aprilis
1492 1544 1703 1623 pontificatus

909 1646 1014 1708 nostri
1029 1661 1116 1706 anno
1130 1645 1239 1706 tertio.

98 1309 149 1372 ld
165 1309 340 1373 Simonem
357 1309 512 1370 uinctam
527 1308 824 1382 aquicinctensem

259 1409 416 1468 dioecesis
434 1405 658 1467 Arelatensis.

335 1519 368 1576 ll
384 1519 481 1592 aprilis
497 1518 575 1576 llis.

71 1625 113 1690 [Ει
119 1625 252 1678 cartulario
260 1625 393 1676 abbatissae
403 1625 487 1677 Sancti
495 1623 632 1677 Salvatoris
640 1621 841 1688 aquicinctensis
846 1641 853 1680 ;

153 1706 274 1756 Biblioth.
283 1707 353 1760 Nat..
362 1704 438 1756 ionds
446 1705 555 1762 llorean,
568 1709 587 1752 t.
597 1703 650 1762 liti,
660 1718 687 1766 p.
696 1701 761 1768 lla]

70 1803 117 1860 nat
135 1805 244 1862 Simoni
263 1811 291 1860 et
314 1801 377 1876 eius
403 1801 616 1860 successoribus
636 1815 721 1858 usum
740 1799 853 1873 pontill-
1259 1753 1352 1840 CXC

98 1892 199 1948 callum
222 1900 251 1949 et
265 1893 392 1948 minores
404 1890 518 1948 ordines
532 1887 856 1947 conterendimonachis
969 1880 1020 1939 Ad
1042 1879 1338 1953 arcmepncopnm
1359 1876 1642 1951 sennontensem.

98 1981 293 2052 Aqulcineten·
310 1979 482 2037 incultltem·
1101 1991 1182 2064 (Sine
1191 1990 1248 2060 dio,
1260 1996 1403 2047 mense-et
1417 1986 1516 2060 anno.)

104 2089 270 2150 Honorius
287 2088 595 2166 episcopusservus
611 2085 856 2148 servoranei
1035 2087 1164 2149 [Thelme
1181 2087 1294 2137 nonum.
1314 2085 1457 2150 nonaria,
1478 2098 1504 2132 ¹¹·
1528 2082 1581 2147 ¹⁷·]

69 2184 180 2247 dilecto
204 2183 271 2246 lilio
285 2185 413 2248 Simoni
434 2184 545 2247 abbati
559 2181 606 2264 (1)
627 2184 854 2261 aquicineten.
910 2186 1135 2260 Archiepisccpo
1162 2186 1349 2258 strigoniensi
1372 2191 1403 2240 ut
1427 2199 1463 2240 ex
1487 2197 1538 2239 sua
1560 2181 1706 2254 provincia

69 2283 204 2342 salntem
220 2283 256 2343 et
266 2281 483 2358 apostolicam
501 2280 775 2343 benedictionem,
947 2276 1098 2332 nonnullos
1108 2276 1182 2332 viros
1189 2273 1306 2331 idoneos
1317 2271 1480 2339 sibimlttat,
1489 2271 1537 2343 qui
1546 2269 1708 2326 nationibus

104 2379 144 2440 Ut
154 2379 191 2440 in
203 2395 260 2456 spe
273 2394 389 2454 gerere
403 2379 709 2455 quodtangemjupe
724 2377 858 2439 habebit
947 2364 1077 2436 gentium
1093 2363 1210 2450 uerbum
1225 2362 1407 2434 evangelium
1419 2359 1574 2433 praedicare
1586 2359 1704 2432 possint.

71 2491 100 2536 se
123 2477 326 2538 demonstret
351 2476 503 2548 ecclesia,
524 2477 557 2538 et
576 2475 749 2537 veritatem
772 2489 859 2551 prae·
952 2471 1120 2532 Honorius
1131 2471 1304 2547 episcopus
1318 2485 1434 2529 servus
1451 2481 1622 2528 servorum
1635 2466 1706 2537 Dei,

71 2573 184 2636 indicet
204 2589 264 2650 per
282 2573 436 2649 figuram,
450 2573 553 2635 variis
577 2572 753 2634 decoratur
775 2570 859 2632 insi·
912 2567 1096 2629 venerabili
1122 2567 1255 2629 tratri...
1276 2564 1496 2642 strigoniensi
1518 2561 1707 2639 archiepis-

70 2671 179 2744 gnibus
191 2671 390 2747 dignitatum
397 2686 456 2748 per
465 2685 538 2748 quae
552 2669 692 2747 pulchra
706 2666 858 2729 fidelibus
914 2681 995 2742 copo
1007 2665 1148 2726 salutem
1162 2664 1194 2727 et
1208 2659 1707 2741 apostolicambenedictionem.

69 2771 98 2828 et
109 2766 298 2828 infidelibus
322 2769 482 2845 appareat
503 2767 539 2828 ut
559 2767 743 2829 castrorum
769 2765 859 2826 acies
953 2763 1005 2823 Ne
1018 2761 1047 2823 si
1062 2777 1158 2823 secus
1175 2762 1306 2823 vineam
1320 2759 1451 2821 Domini
1473 2759 1596 2820 nostras¹
1619 2772 1708 2818 curae

70 2865 227 2925 ordinata.
244 2866 355 2936 Quare
381 2879 442 2925 nos
471 2863 526 2940 qui
554 2863 706 2924 decorem
742 2861 859 2923 domus
914 2859 1123 2920 commissam
1153 2857 1277 2934 positas
1300 2856 1445 2933 undique
1469 2852 1708 2916 sollicitudines

70 2961 193 3022 Domini
220 2963 375 3023 tenemur
401 2976 445 3021 ex
470 2959 579 3022 officio
594 2958 689 3020 nobis
712 2958 859 3036 inJuncto
913 2955 1065 3031 redigere
1081 2953 1324 3030 neglexerimus
1340 2951 1380 3013 ad
1393 2952 1566 3023 culturam,
1583 2952 1616 3012 ei
1631 2966 1710 3028 pro-

69 3045 212 3134 diligere,
229 3058 385 3120 decentes
407 3072 566 3134 personas
581 3055 724 3117 libenter
737 3054 860 3117 talibus
915 3068 1037 3130 pagare
1051 3052 1084 3112 in
1099 3052 1147 3112 eis
1161 3050 1371 3127 propagines,
1390 3066 1463 3126 quae
1476 3049 1575 3110 dores
1597 3046 1708 3110 odoris

69 3157 269 3228 decoramus,
284 3155 459 3231 sperantes
470 3155 505 3215 ut
516 3154 608 3215 tanto
623 3153 664 3214 ad
677 3168 791 3214 eornm
808 3152 860 3214 si·
915 3151 948 3211 et
973 3149 1114 3210 fructum
1142 3148 1284 3210 afferant
1307 3146 1513 3226 honestatis,
1543 3145 1709 3222 possimus

68 3252 229 3326 gnificata,
255 3251 438 3313 studiosius
466 3267 503 3312 se
518 3251 707 3322 informent,
736 3252 859 3326 quanto
915 3247 1033 3308 merito
1048 3247 1088 3307 de
1112 3247 1245 3322 torpore
1258 3261 1317 3307 seu
1338 3244 1466 3306 desidia
1487 3241 1707 3321 reprehendi:

69 3347 330 3424 significantibus
346 3365 382 3409 se
397 3347 558 3409 denostra
571 3349 772 3422 cognoscant
783 3362 862 3422 gra·
915 3345 992 3406 licet
1007 3343 1181 3405 undecima
1197 3345 1240 3405 sit
1250 3343 1345 3416 hora,
1361 3341 1532 3421 operarios
1547 3340 1708 3403 tamenin

69 3445 109 3505 tia
132 3445 313 3522 specialius
335 3443 504 3518 insigniri.
521 3445 712 3520 Eapropter,
742 3441 861 3503 dilecte
916 3442 1005 3518 ipsas
1034 3442 1248 3520 proponimus
1272 3442 1458 3509 destinare,
1494 3441 1551 3517 qui
1578 3437 1710 3500 sarculo

72 3542 102 3601 in
123 3542 264 3604 Domino
291 3541 351 3614 fili,
367 3541 435 3601 tuis
459 3540 612 3616 precibus
627 3555 666 3602 eo
688 3538 860 3600 favorabi-
916 3541 1163 3617 praedicationis
1195 3556 1239 3601 ex
1259 3527 1612 3616 circumadjacentibus
1645 3551 1710 3596 na·

70 3636 126 3698 lius
151 3637 339 3698 annuentes
362 3651 427 3712 quo
451 3635 624 3711 religionis
650 3635 861 3698 observantia
916 3639 1062 3700 tionibus
1072 3639 1227 3700 vitiorum
1236 3637 1535 3715 spinasevellentes
1544 3636 1709 3710 stveprss,

71 3735 295 3795 ethonestatis
322 3733 401 3794 vitae
425 3731 521 3793 nobis
548 3734 582 3794 te
609 3732 721 3794 reddis
744 3733 862 3796 merito
918 3738 950 3798 et
978 3737 1193 3798 extendentes
1219 3736 1254 3796 in
1285 3735 1418 3796 easdem
1448 3734 1599 3811 palmites
1634 3731 1711 3792 tidei

71 3833 237 3903 cariorem,
251 3830 293 3890 ad
305 3829 407 3890 decus
419 3829 610 3890 eideoorem
621 3829 743 3891 nobilis
754 3831 861 3907 Aqui·
918 3832 1208 3908 compluentcsqne
1230 3831 1305 3891 illas
1320 3831 1429 3907 aquis,
1445 3845 1518 3907 quae
1537 3829 1713 3890 transeunt

73 3929 204 3990 cineten.
217 3926 370 3988 ecclesiae
382 3926 434 3988 cui
446 3941 563 4002 praees,
575 3928 682 3989 mitras
693 3943 733 3989 ac
748 3927 863 3988 annuli
917 3929 1161 3990 intermedium
1175 3928 1345 3998 montium,
1356 3927 1573 4003 ipsasllorere
1588 3925 1713 3986 iaciant

71 4040 159 4085 usum
185 4023 249 4086 tibi
271 4024 305 4084 ei
333 4023 581 4084 successoribus
608 4024 674 4085 tuis
694 4022 735 4084 de
750 4026 863 4086 nostra
919 4025 951 4086 et
974 4025 1132 4086 virtutum
1158 4024 1307 4100 germina
1336 4025 1526 4099 germinare
1555 4043 1563 4082 ε
1593 4022 1632 4083 a'c
1663 4021 1712 4087 sic

72 4121 276 4184 concedimus
286 4121 395 4198 gratia
408 4119 550 4192 liberali,
560 4135 620 4181 nec
631 4137 698 4181 non
709 4121 865 4187 altarisct
919 4121 1108 4184 effundente
1134 4121 1273 4182 Domino
1295 4121 1447 4198 spiritum
1471 4121 1511 4182 de
1528 4120 1662 4184 excelso
1678 4119 1713 4179 in

73 4219 247 4281 sacerdotis
263 4219 460 4279 ornamenta
473 4216 690 4280 benedicendi
701 4218 734 4281 et
747 4233 865 4279 mona·
918 4218 1096 4281 solitudine
1105 4219 1278 4294 judicium,
1292 4235 1356 4295 quo
1371 4235 1407 4280 se
1423 4233 1496 4279 cum
1519 4221 1586 4279 Deo
1601 4219 1634 4279 et
1649 4231 1711 4278 co·

74 4316 137 4378 clus
150 4317 219 4378 tuis
231 4315 367 4377 ordines
379 4313 573 4377 conserendi
581 4314 738 4388 minores,
752 4331 864 4376 mona·
918 4332 991 4378 ram
1007 4319 1084 4388 Dec,
1109 4333 1150 4377 ne
1168 4315 1210 4376 ab
1225 4332 1263 4378 eo
1277 4315 1455 4392 judicetur,
1473 4314 1636 4376 dividicus
1651 4314 1715 4374 ha·

74 4412 209 4491 aliosque
239 4413 274 4474 et
297 4426 477 4473 conversos
506 4412 700 4473 monasterii
720 4412 778 4484 tui,
807 4413 864 4489 qui
918 4413 1011 4485 bitet,
1023 4414 1322 4490 datquenationum
1333 4413 1498 4474 desertum
1509 4411 1712 4483 inGhermel,

73 4513 196 4588 propter
210 4497 370 4570 manuuni
392 4509 604 4584 injectionem
631 4508 720 4570 inter
734 4523 770 4570 se
787 4525 866 4571 sen·
919 4510 954 4572 in
964 4526 1053 4572 verae
1069 4510 1333 4572 circumcisionis
1346 4509 1517 4573 scientiam
1530 4509 1713 4571 veniendo:

72 4609 198 4672 notiam
215 4607 568 4670 excommunicationis
585 4604 771 4680 incurrunt,
783 4610 865 4685 jux·
919 4609 952 4668 ei
974 4610 1146 4686 postquam
1171 4608 1346 4670 intraverit
1369 4607 1516 4682 gentium
1531 4608 1714 4686 plenitude,

71 4705 100 4765 ta
125 4707 264 4768 formam
286 4704 437 4766 ecclesiae
458 4703 653 4766 absolvendi
677 4707 710 4766 et
731 4705 865 4782 propter
917 4706 1053 4766 tandem
1089 4705 1372 4768 reconciliationis
1392 4707 1523 4783 justitia
1552 4707 1666 4768 sedeat
1681 4707 1716 4768 in

73 4799 126 4863 hoc
145 4801 345 4880 injungendi
360 4801 410 4861 eis
424 4801 652 4878 poeniteniiam
675 4802 866 4878 competen-
919 4803 1070 4864 Chermel
1100 4803 1134 4862 in
1160 4802 1344 4863 israelitico
1373 4803 1510 4880 populo,
1541 4805 1597 4881 qui
1628 4820 1716 4866 nunc

72 4897 143 4972 tem,
173 4899 317 4962 liberam
343 4897 405 4960 tibi
430 4898 629 4960 auctoritate
650 4899 863 4975 praesentium
918 4901 1094 4977 reputatur
1108 4900 1143 4960 in
1158 4898 1449 4979 saltu(2).Verum
1463 4916 1537 4962 cum
1548 4903 1644 4964 multi
1658 4918 1718 4979 per

102 5031 139 5104 (l)
159 5025 381 5090 L'euthentieiti
402 5025 438 5086 de
453 5035 527 5086 cette
541 5029 617 5088 bulla
641 5037 685 5088 est
696 5027 811 5088 donnes
826 5047 863 5088 en
919 5030 997 5088 etant
1012 5037 1092 5088 entre
1105 5029 1180 5092 deux
1190 5033 1336 5089 voillesan
1351 5030 1717 5103 noutdud01·totr,ducote

73 5115 114 5156 res
130 5109 238 5182 termes
254 5097 327 5156 dans
345 5100 372 5156 le
386 5099 545 5182 manuscrit
567 5097 633 5158 d'oit
660 5115 734 5158 nona
755 5101 865 5160 l’evons
919 5102 954 5158 de
967 5101 1076 5174 l’dglise
1090 5109 1175 5176 spent
1185 5101 1295 5160 emises
1310 5100 1496 5161 alerem.-
1509 5106 1673 5173 Qoanraar.
1691 5127 1702 5154 ι

73 5179 182 5229 extruite
200 5187 208 5229 :
223 5171 291 5238 «ie,
311 5171 475 5242 soussigne,
491 5171 630 5242 religieux
642 5170 678 5229 de
693 5172 718 5228 la
739 5169 862 5245 congre·
955 5173 1065 5242 Simon,
1092 5171 1109 5229 l
1130 5173 1178 5243 qui
1201 5179 1275 5230 cette
1310 5173 1386 5231 bulte
1411 5182 1455 5232 est
1481 5175 1625 5244 adrensis,
1648 5175 1718 5234 ituit

73 5245 159 5368 galtlion
172 5241 212 5300 de
226 5241 425 5367 ‚splot-naor,
444 5239 553 5324 certifie
575 5242 655 5300 avoir
679 5245 813 5326 transmit
836 5251 864 5300 at
902 5243 1075 5334 ennon-11,
1093 5241 1165 5300 abbe
1187 5243 1223 5301 de
1243 5245 1415 5304 saint-liam
1433 5245 1585 5317 d'duchin,
1604 5246 1720 5306 diocese

72 5317 596 5465 ntttttntttnnatttt
611 5319 865 5466 tit-‘itinn
918 5313 1055 5456 diliis
1075 5383 1197 5467 tanta
1222 5386 1311 5458 ,stin
1330 5384 1366 5442 a
1388 5401 1437 5444 ns
1459 5393 1554 5446 nna
1621 5405 1655 5448 n

73 5460 147 5510 nene
160 5467 271 5535 pouces
284 5451 450 5525 hutttignes
464 5451 500 5509 de
512 5451 714 5520 lienteuntout
727 5469 861 5528 compris,
918 5456 1087 5528 aliundene,
1101 5455 1235 5528 Jusqn’au
1254 5456 1305 5514 itas
1324 5455 1360 5513 de
1378 5458 1404 5514 le
1426 5475 1511 5532 page,
1528 5468 1572 5518 est
1590 5460 1718 5521 ividem·

74 5527 164 5596 auquel
180 5530 313 5580 tiennent
333 5523 375 5579 les
389 5521 546 5580 sceauxdu
568 5537 641 5606 pape
654 5526 796 5583 Honorius
811 5528 864 5584 ΙΙΙθ
920 5533 999 5583 nient
1026 5524 1158 5598 notique.
1187 5529 1266 5586 Nous
1292 5528 1401 5586 l’avons
1434 5531 1579 5604 reprodull
1606 5532 1720 5608 d'apres

75 5592 105 5652 du
125 5609 201 5662 nom,
218 5593 235 5652 a
256 5591 361 5650 double
375 5605 469 5666 queue
485 5591 521 5649 de
533 5607 595 5650 soie
614 5609 705 5721 rouge
719 5603 747 5652 et
759 5610 865 5654 sceaux
919 5596 1055 5664 Thelser,
1071 5597 1340 5670 scrupuleusement
1352 5600 1541 5676 collationue3
1557 5604 1630 5662 mais
1647 5621 1721 5664 nous

75 5663 407 5807 ttlttltnitttttt
417 5661 691 5794 tiittlittttn
708 5666 865 5796 idid
919 5667 958 5726 ¹¹¹¹
974 5682 1010 5726 ⁰¹¹
1026 5667 1150 5727 ¹³¹⁸⁸⁰¹¹⁸
1164 5669 1191 5726 ¹³
1207 5671 1435 5744 '⁹⁸¹'⁰¹¹⁸³¹’³¹³²‘³·

550 5763 559 5776 “
854 5777 863 5808 a
