4066 6290
100 347 161 414 849

95 503 248 582 justitia,
269 517 374 581 ,qnam
395 504 546 568 inillam
570 505 661 570 'diem
686 509 802 573 reddet
825 511 894 572 illis

99 602 262 662 Dominus
273 603 386 678 justus
399 603 417 663 J
421 603 518 664 udex.
543 604 660 668 Datum
673 607 841 680 Laterani,
858 609 894 672 ut

101 713 213 776 supra,
227 713 314 760 anno
330 699 455 776 quinto.

363 982 632 1112 ccccxxvii

115 1217 116 1225 ,
213 1178 266 1236 Ad
283 1177 536 1238 monasteriam
552 1178 587 1250 S.
603 1175 777 1252 scapnam.
835 1182 837 1190 ’

389 1316 420 1371 ΙΙ
435 1315 508 1386 iunii
522 1315 600 1378 latr.

267 1436 451 1502 [Dumoustien
465 1438 581 1489 Neustria
594 1437 645 1502 pia,
660 1437 727 1502 all]

99 1560 170 1620 illud
186 1563 434 1620 monasteriensi
452 1562 514 1634 eJ'us
530 1563 728 1635 possessiones
746 1560 798 1620 sub
817 1561 893 1620 beati

237 1651 311 1708 Petri
325 1651 500 1723 protectione
519 1657 547 1708 el
563 1665 614 1708 sua
630 1651 757 1722 suscipit.

137 1784 810 1862 Honoriusepiscopus,servusservorum
821 1785 891 1859 Dei,

98 1881 253 1954 salutem,
266 1883 328 1944 etc.

137 1979 344 2053 Religiosam
354 1978 456 2040 vitam
467 1979 665 2055 eligentibus
676 1979 893 2056 apostolicum

97 2076 257 2136 convenit
268 2076 385 2137 adesse
402 2076 604 2153 praesidium,
619 2093 661 2138 ne
676 2077 761 2138 torte
775 2079 893 2154 cnjus-

95 2171 179 2233 libet
194 2173 391 2234 temeritatis
405 2173 572 2245 incursus,
592 2177 649 2235 aut
664 2189 721 2235 eos
738 2189 758 2234 a
772 2189 895 2250 propo-

96 2269 172 2341 sito,
189 2270 248 2330 aut
262 2269 375 2341 robur,
392 2270 479 2346 quod
490 2271 586 2341 absit,
602 2285 706 2331 sacrae
719 2271 892 2346 religionis

95 2365 269 2442 infringat.
287 2369 479 2443 Eapropter,
490 2367 696 2432 dilectissimi
711 2369 745 2427 in
754 2368 892 2428 Domino

95 2462 170 2534 tilii,
184 2463 306 2524 vestris
313 2465 413 2540 justis
426 2462 703 2540 postulationibus
714 2464 893 2526 clementer

95 2561 288 2632 annuimus,
307 2563 339 2621 et
354 2561 590 2621 monasterium
605 2562 717 2622 Sancti
734 2561 893 2637 Stephani

95 2657 324 2729 cadomensis
347 2658 460 2736 inquo
481 2657 593 2718 divino
617 2657 797 2734 mancipati
813 2657 892 2719 estis

95 2755 276 2831 obsequio,
303 2754 343 2814 ad
379 2755 551 2832 exemplar
583 2754 689 2815 ielicis
724 2757 892 2816 memoriae

94 2851 281 2912 Alexandri
301 2855 400 2927 Papae
421 2853 477 2923 ΙΙΙ,
499 2851 752 2928 praedecessoris
775 2853 891 2922 nostri,

94 2953 193 3026 cujus
216 2947 381 3024 privilegii
395 2947 556 3020 tenorem,
573 2949 608 3008 in
628 2951 699 3025 ejus
714 2949 890 3026 perspexi-

93 3059 168 3103 mus
200 3041 363 3103 contineri
386 3045 533 3118 regesto;
559 3045 593 3103 in
617 3037 730 3119 juset
755 3043 891 3104 tutelam

92 3140 185 3202 beati
202 3140 303 3208 Patri,
317 3141 350 3202 at
365 3143 523 3212 nostram,
541 3141 749 3216 suscipimus
766 3141 799 3202 at
811 3155 892 3217 prae-

93 3236 202 3300 sentis
218 3237 332 3312 scripti
352 3236 527 3312 privilegio
548 3237 810 3298 communimus:
828 3241 892 3300 sta·

93 3335 240 3406 inantea,
257 3335 293 3394 ut
304 3349 526 3410 quascumque
542 3334 779 3410 possessiones,
797 3351 890 3412 quae-

94 3447 239 3507 cumque
261 3430 348 3492 hona
367 3431 455 3510 idem
477 3431 724 3503 monasterium,
744 3431 777 3492 in
795 3445 890 3508 'prae-

93 3529 282 3590 sentiarum
298 3529 398 3605 juste,
416 3543 455 3588 ac
477 3529 636 3588 canonice
660 3529 815 3604 possidet,
834 3531 892 3590 aut

92 3627 128 3686 in
146 3625 305 3697 lutrarum,
323 3625 537 3686 concessione
556 3626 765 3698 Pontificum,
782 3627 890 3701 largi-

90 3725 186 3784 tione
200 3738 327 3797 regum,
343 3722 395 3783 vel
411 3722 610 3799 principum,
625 3721 792 3784 oblatione
806 3722 890 3784 tide-

91 3821 189 3892 lium,
207 3835 266 3880 seu
281 3819 357 3880 aliis
368 3819 468 3895 justis
483 3819 599 3892 modia,
616 3820 795 3895 praestante
818 3823 888 3882 Do-

91 3917 200 3988 mino,
217 3917 338 3998 poterit
352 3917 503 3993 adipisci,
526 3915 620 3976 firma
632 3915 737 3988 vohis,
752 3917 891 3978 vestris-

67 4027 157 4090 ·qne
181 4013 430 4074 successorihus
450 4013 576 4076 illibata
593 4014 820 4090 permaneant.
840 4013 889 4076 Ad

92 4110 178 4182 haec,
194 4108 345 4186 praedicti
366 4110 586 4170 antecessoris
602 4109 724 4170 nostris
740 4109 889 4186 vestigiis

90 4207 310 4278 inhaerentes,
325 4205 511 4278 statuimus
525 4206 652 4267 nullum
664 4207 888 4268 ecclesiastica

91 4321 153 4365 seu
165 4302 322 4364 saeculari
337 4303 510 4379 praeditum
533 4303 704 4378 dignitate,
726 4304 761 4364 in
777 4301 887 4376 rebus,

89 4401 144 4462 vel
161 4400 410 4476 dispensatione
425 4400 618 4462 monasterii
634 4399 808 4476 praelibati,
831 4401 890 4462 ali·

90 4513 194 4574 quam
210 4496 342 4568 habere,
360 4497 481 4572 praeter
498 4513 671 4558 romanum
687 4498 887 4575 pontificem,

88 4595 291 4672 potestatem
303 4615 310 4652 :
321 4594 377 4654 sed
391 4609 487 4654 omne
496 4597 552 4670 jhs
563 4595 668 4670 ipsius
682 4595 887 4667 monasterii,

89 4693 133 4753 ad
159 4691 396 4752 sollicitudinis
426 4693 564 4764 nostrae,
594 4707 888 4768 successorumque

88 4791 284 4850 nostrorum
307 4788 517 4850 decernimus
540 4789 682 4850 studium
708 4789 886 4865 pertinere.

90 4889 127 4947 Si
152 4889 264 4946 autem
289 4885 431 4961 alicujus
455 4885 602 4962 episcopi
622 4886 775 4949 molestia
797 4903 887 4963 prae-

88 4983 224 5060 gravati
251 4981 397 5053 fueritis,
424 4983 637 5061 sanctamque
663 4984 887 5059 apostolicam

90 5081 213 5142 sedem
240 5078 499 5156 appellaveritis,
521 5079 625 5140 donec
651 5096 752 5142 causa
776 5082 888 5142 vestra

88 5178 132 5238 ad
146 5179 331 5238 Romanam
343 5175 511 5236 deteratur
522 5177 721 5252 pontificem,
734 5178 766 5239 et
781 5177 821 5238 ah
835 5193 885 5250 ec,

86 5274 144 5335 vel
165 5273 206 5334 de
228 5272 383 5334 mandato
396 5273 500 5350 ipsius
513 5273 719 5346 terminetur,
737 5274 820 5335 nnlli
835 5275 887 5334 ul-

87 5372 197 5433 terius
221 5369 450 5446 episcopornm
472 5369 571 5430 liceat
590 5371 706 5431 contra
721 5387 779 5432 vos
795 5370 886 5432 litem

87 5483 237 5529 movere.
264 5465 484 5528 prohibemns
508 5467 608 5527 etiam
630 5482 673 5527 ne
693 5469 885 5544 Bajocensis

88 5565 280 5640 episcopus,
297 5578 357 5639 pro
380 5562 525 5640 qualibet
539 5561 679 5636 abbatia,
692 5563 746 5625 vel
764 5581 886 5625 mona-

88 5662 231 5723 chorum
251 5659 361 5735 culpa,
378 5675 435 5722 eos
454 5661 633 5736 praesumat
651 5663 883 5723 excommuni-

715 353 954 414 EPISTOLAE.'
967 348 1044 418 LlB.
1068 357 1106 418 V.

1680 363 1740 430 850

949 529 1038 587 care,
1058 502 1111 578 'vel
1128 509 1166 575 'ln
1194 511 1397 578 monastario
1423 518 1572 582 divinum
1592 519 1738 586 officium

949 611 1136 688 prohibere.
1159 612 1305 675 Obaunte
1324 630 1403 676 varo
1421 616 1465 688 to,
1483 611 1571 678 nunc
1591 619 1738 695 eJusdem

949 707 1013 770 loci
1036 709 1163 782 abbate,
1180 709 1379 772 veltuorum
1395 714 1541 790 quolibet
1561 729 1737 778 successo-

948 819 1033 876 rum,
1047 805 1159 865 nullus
1181 805 1228 868 ibi
1250 803 1370 868 astutia
1388 809 1534 884 qualibet
1552 811 1740 888 subreptio-

949 901 1012 972 nis,
1039 917 1099 963 seu
1126 902 1270 976 malitia,
1298 909 1525 981 praeponatur,
1549 907 1613 968 nisi
1640 925 1738 986 quern

948 996 1067 1059 tratres
1083 1000 1247 1060 communi
1267 1016 1416 1074 assensu,
1435 1004 1487 1064 vel
1504 1005 1644 1066 fratrum
1659 1021 1737 1083 pars

948 1096 1093 1157 sanioris
1107 1097 1249 1169 consilii,
1263 1099 1444 1160 secundum
1455 1101 1514 1162 Dei
1526 1103 1688 1176 timorem,
1705 1103 1739 1167 et

947 1195 984 1252 B.
1000 1188 1171 1254 Benedicti
1195 1196 1356 1270 regulam,
1378 1198 1583 1273 providerint
1605 1199 1737 1276 eligan-

948 1289 1037 1350 dum.
1053 1293 1230 1364 Praeterea,
1246 1292 1368 1354 liberas
1384 1295 1416 1356 ot
1433 1293 1601 1357 absolutas
1618 1312 1737 1373 perso·
1813 1285 1815 1291 ’

947 1401 1008 1447 nas
1024 1389 1176 1449 asaeculo
1188 1388 1364 1465 fugientes,
1381 1388 1479 1454 liceat
1492 1391 1585 1454 vobis
1601 1395 1641 1454 ad
1657 1409 1739 1455 con-

947 1483 1135 1546 versionem
1148 1487 1291 1547 vestram
1305 1487 1486 1564 suscipere,
1501 1491 1534 1551 et
1544 1505 1601 1550 aas
1613 1479 1738 1567 absque

949 1581 1049 1642 ullius
1066 1582 1324 1646 contradictione
1345 1585 1380 1645 in
1397 1587 1508 1648 vestro
1523 1588 1663 1663 collegio
1678 1603 1737 1649 re-

878 1678 881 1684 '
948 1678 1065 1738 tinere.
1082 1679 1232 1740 Chrisma
1245 1697 1336 1754 vero,
1351 1683 1459 1743 oleam
1473 1686 1634 1757 sanctum,
1650 1685 1739 1746 dedi-

949 1776 1094 1836 cationes
1114 1777 1341 1851 ecclesiarum,
1365 1782 1633 1844 consecrationes
1653 1783 1740 1844 alta-

947 1875 1046 1945 rium,
1072 1875 1298 1938 ordinationes
1320 1879 1557 1939 monachorum
1582 1881 1615 1941 et
1634 1880 1738 1942 cleri-

948 1987 1062 2032 corum
1085 1975 1289 2045 vestroruin,
1318 1975 1374 2050 qui
1399 1975 1440 2035 ad
1467 1991 1580 2037 sacros
1605 1977 1739 2038 ordines
1798 1995 1802 2004 ·

949 2067 1072 2129 tuerint
1092 2071 1328 2146 prornovendi3
1352 2071 1513 2134 laicorum
1538 2073 1653 2146 etiam,
1681 2074 1739 2151 qui

949 2165 1137 2227 criminalia
1155 2168 1290 2243 peccata
1308 2169 1521 2238 incurrerint,
1538 2171 1688 2242 consilia,
1706 2171 1739 2232 et

948 2262 1216 2338 poemtentiarum
1245 2265 1486 2342 injunctiones,
1516 2283 1536 2327 a
1562 2268 1739 2344 Bajocensi

949 2359 1136 2436 suscipietis
1162 2362 1335 2438 episcopo,
1366 2363 1528 2438 siquidem
1556 2364 1740 2426 catholicus

947 2455 1063 2528 luerit,
1092 2457 1125 2518 et
1157 2459 1315 2533 gratiam,
1344 2460 1441 2538 atque
1476 2461 1740 2524 communionem

912 2571 915 2578 ·
947 2555 1145 2630 apostolicae
1173 2556 1267 2617 Sedis
1290 2556 1454 2630 hahuerit,
1479 2558 1513 2619 et
1532 2559 1592 2618 illa
1615 2559 1738 2634 gratis,

948 2650 1072 2728 absque
1093 2652 1160 2713 ulla
1184 2654 1347 2730 pravitate
1366 2655 1459 2716 vobis
1478 2655 1621 2718 voluerit
1642 2657 1741 2716 exhi-

947 2747 1025 2809 bere
1039 2765 1046 2809 :
1062 2749 1210 2826 alioquin
1224 2751 1323 2812 liceat
1337 2751 1430 2812 vohis
1445 2768 1541 2827 quem
1555 2752 1739 2818 malueritis

948 2846 1146 2906 catholicum
1159 2845 1254 2907 adire
1267 2847 1459 2919 antistitem,
1478 2849 1534 2925 qui
1549 2851 1662 2910 nostra
1679 2849 1740 2911 tul-

946 2942 1000 3002 tus
1016 2943 1223 3014 auctoritate,
1241 2944 1326 3020 quod
1340 2945 1537 3020 postulatur,
1548 2946 1737 3022 indulgeat:

947 3040 980 3100 el
993 3041 1138 3100 maxime
1155 3039 1184 3100 si
1207 3040 1433 3102 ordinationes
1455 3043 1692 3104 monachorum
1707 3043 1741 3106 et

915 3131 916 3138 ’
947 3122 1143 3198 clericor'um
1162 3138 1359 3210 vestrorum,
1385 3137 1472 3200 ultra
1495 3141 1593 3201 liniris
1614 3141 1739 3202 mansis

946 3233 1102 3310 spatium,
1125 3234 1305 3295 secundum
1330 3235 1415 3312 quod
1436 3235 1477 3296 ah
1502 3237 1617 3297 eodem
1644 3237 1740 3299 ante-

946 3346 1077 3392 cessore
1093 3333 1212 3396 nostro,
1225 3332 1381 3393 statutum
1397 3335 1458 3406 esi,
1475 3335 1649 3410 episcopus
1668 3337 1739 3396 Ba-

941 3428 1091 3506 jocensis
1102 3427 1277 3490 distulerit.
1290 3431 1505 3492 Decernimus
1516 3447 1595 3507 ergo
1607 3433 1643 3493 ut
1653 3431 1738 3494 nulli

946 3527 1080 3588 omnino
1104 3526 1274 3588 hominum
1294 3527 1393 3590 liceat
1412 3529 1585 3606 praelatum
1604 3545 1741 3592 monas-

945 3624 1066 3684 terium
1081 3625 1204 3686 temere
1224 3625 1428 3702 perturbare,
1447 3627 1504 3688 aut
1518 3631 1591 3705 ejus
1605 3643 1740 3704 posses·

946 3721 1058 3782 aiones
1072 3719 1216 3790 nanterre,
1240 3722 1292 3783 vel
1315 3721 1481 3784 abhatiam
1498 3723 1653 3796 retinere,
1670 3723 1738 3784 mi-

945 3817 1736 3896 nuere,senquibuslibeivexationibusfatigare,

946 3915 1003 3975 sed
1018 3914 1146 3976 illibata
1161 3914 1283 3984 omnia,
1306 3917 1338 3976 et
1354 3917 1484 3992 integra
1496 3920 1739 3980 ¹conserventur

945 4026 1070 4084 eorum,
1094 4027 1153 4088 pro
1176 4029 1314 4089 quorum
1336 4012 1578 4089 gubernatione
1602 4031 1641 4078 ac
1663 4029 1739 4076 sus-

944 4111 1127 4172 tentatione
1143 4125 1300 4170 concessa
1314 4112 1391 4173 sunt
1403 4111 1517 4172 usibus
1538 4111 1737 4174 omnimodis

945 4205 1128 4282 protutura,
1153 4207 1243 4268 salva
1267 4208 1361 4269 Sedis
1380 4209 1569 4284 apostolica
1585 4211 1737 4271 auctori-

945 4305 1028 4378 tate3
1046 4303 1073 4363 si
1090 4319 1153 4380 qua
1172 4303 1272 4380 igitur
1287 4305 1321 4364 in
1337 4303 1482 4394 laturum
1498 4307 1734 4380 ecclesiastica,
1795 4311 1804 4324 ’

945 4400 1156 4462 saecnlarisve
1176 4417 1317 4478 persona
1332 4403 1418 4464 hanc
1433 4405 1555 4465 nostrae
1576 4404 1737 4466 constitu-

945 4498 1043 4560 tionis
1067 4497 1222 4575 paginam
1247 4499 1355 4560 sciens
1382 4505 1498 4561 contra
1519 4517 1592 4562 eam
1613 4503 1738 4564 temere

943 4595 1058 4656 venire
1071 4595 1259 4666 tentaverit,
1274 4597 1430 4668 secundo,
1445 4598 1584 4660 tertiove
1598 4615 1738 4660 commo-

944 4693 1024 4764 nita,
1038 4693 1103 4753 nisi
1117 4694 1407 4770 praesumptionem
1421 4711 1513 4755 suam
1526 4696 1628 4771 digna
1643 4697 1737 4757 satis·

943 4787 1087 4850 factione
1109 4791 1302 4862 corroserit,
1329 4792 1511 4867 potestatis,
1534 4792 1736 4871 honorisque

944 4885 995 4945 sui
1009 4885 1168 4961 dignitate
1184 4887 1307 4952 careat,
1324 4901 1480 4964 reamque
1496 4903 1532 4948 se
1551 4887 1663 4950 divino
1675 4884 1736 4965 j'u·

943 4967 1029 5042 d'icio
1049 4983 1182 5053 existat,
1205 4983 1245 5043 de
1269 4985 1457 5060 perpetrata
1480 4985 1655 5061 iniquitate
1678 5001 1737 5046 co-

942 5080 1080 5156 gnoscat
1096 5101 1102 5138 :
1121 5079 1154 5140 et
1168 5095 1187 5140 a
1200 5079 1425 5142 sacratissimo
1441 5096 1581 5158 corpore
1603 5098 1642 5142 ac
1657 5097 1737 5144 san-

942 5177 1042 5252 gnine
1065 5176 1134 5246 Dei,
1160 5177 1193 5239 et
1215 5177 1346 5238 Domini
1373 5177 1602 5254 Redemptoris
1630 5179 1735 5240 nostri

941 5277 1020 5335 lesu
1035 5272 1156 5334 Christi
1176 5274 1287 5335 aliena
1309 5274 1365 5335 liat
1383 5291 1390 5328 τ
1410 5276 1509 5350 atque
1530 5277 1565 5335 in
1587 5279 1735 5338 extremo

943 5372 1095 5432 examine
1106 5371 1263 5432 districtae
1275 5371 1445 5447 subjaceat
1456 5372 1585 5434 ultioni.
1599 5375 1733 5435 Cunctis

941 5469 1051 5528 autem
1074 5467 1180 5527 eidem
1205 5467 1277 5528 loco
1302 5484 1360 5528 sua
1372 5471 1449 5544 jnra
1466 5469 1675 5532 servantibus
1691 5472 1735 5534 sii

941 5580 1007 5641 pax
1022 5564 1153 5625 Domini
1175 5564 1281 5625 nostri
1295 5567 1375 5627 lesu
1398 5566 1522 5638 Christi
1542 5587 1549 5626 :
1571 5569 1735 5644 quatenus

940 5663 973 5724 et
988 5661 1042 5724 hic
1060 5661 1201 5723 trucium
1216 5662 1311 5724 honae
1329 5663 1472 5726 actionis
1490 5664 1686 5741 perciplant,
1703 5667 1736 5728 et
