4198 6322
321 379 367 436 95
943 377 1117 436 HONORH
1141 378 1185 437 111
1207 379 1356 439 urunt.
1931 395 1970 450 ιιι

318 537 429 607 suerit,
444 535 583 598 irritetis
600 535 762 596 eumdem.
782 533 1060 607 contradictores,
1085 537 1115 597 si
1171 537 1333 616 Philippos
1364 539 1537 614 ntatalium,
1571 557 1631 620 pro
1662 555 1726 623 qrra
1747 549 1971 625 jampridem

318 635 374 712 qui
388 633 520 705 luerint,
533 633 586 694 vel
596 632 748 704 rebelles,
761 649 1001 709 percensuram
1014 635 1117 695 eccle-
1170 637 1262 698 citati
1288 637 1422 700 luerunt
1446 641 1644 704 auctoritate
1672 645 1877 720 Apostolica,
1902 663 1972 708 res-

318 733 486 794 siasticam
515 731 736 808 appellatione
754 731 938 808 postposita
964 747 1117 808 compes·
1171 734 1326 810 pondere,
1342 751 1381 797 ac
1395 752 1580 814 proponere
1595 739 1623 798 si
1639 742 1717 816 quid
1731 741 1862 804 babent.
1877 746 1970 816 Quod

316 830 431 892 cende.
466 829 576 890 Nullis
603 829 723 890 litteris
757 827 965 890 obstantibus
992 831 1115 906 praeter
1171 832 1200 890 si
1224 833 1336 894 forsan
1352 831 1453 911 (quod
1478 835 1598 914 absitt)
1617 839 1714 913 juxta
1741 842 1972 918 praescriptam

317 943 489 988 assensum
505 926 647 1002 partium
662 925 806 996 veritati,
824 928 857 986 et
873 927 1013 1003 justitiae
1028 943 1118 1003 prae-
1172 929 1310 991 sormam
1351 931 1479 993 absolsi
1512 935 1699 1007 noluerint,
1736 938 1788 996 vel
1824 938 1972 1018 absoluti

315 1023 572 1100 judicantibusa
599 1023 683 1083 Sede
707 1024 896 1099 Apostolica
918 1025 1114 1100 impetratis.
1172 1029 1361 1090 mandatum
1396 1033 1588 1106 praedictum
1623 1036 1881 1112 contempserint
1910 1038 1973 1097 ad-

319 1121 410 1192 Quod
422 1121 522 1181 sinon
533 1136 649 1180 omnes
660 1120 712 1180 llis
723 1121 944 1198 exsequendis
955 1121 1117 1182 interesse
1173 1126 1321 1203 implere,
1336 1143 1395 1187 seu
1411 1131 1532 1190 statum
1552 1133 1766 1192 comitatuum
1782 1135 1971 1210 Campaniae

318 1217 503 1296 potueritis,
521 1218 585 1278 duo
602 1220 802 1279 vestrumea
823 1218 1039 1279 nibilominus
1057 1235 1118 1278 ex·
1172 1225 1271 1300 atque
1282 1225 1379 1296 Briae‚
1397 1226 1431 1286 in
1451 1241 1516 1302 quo
1538 1229 1634 1288 erant
1647 1231 1794 1305 tempore
1809 1246 1874 1306 quo
1890 1232 1972 1292 dicti

318 1316 510 1391 sequantur.
539 1316 656 1375 Datum
686 1315 853 1386 Laterani,
889 1315 1004 1391 quinto
1042 1315 1117 1376 idus
1174 1321 1317 1382 Erardus
1343 1323 1376 1383 et
1400 1323 1552 1401 Philippa
1568 1326 1764 1387 auctoritate
1779 1329 1971 1403 Apostolica

316 1411 476 1489 januarii,
493 1411 704 1488 pontificatus
717 1411 822 1472 nostri
838 1427 927 1473 anno
942 1413 1050 1473 tertio.
1174 1417 1265 1479 tuere
1280 1420 1383 1490 citati,
1401 1421 1596 1496 perturbare
1617 1425 1668 1484 vel
1687 1423 1863 1486 immutare
1879 1441 1970 1501 prae-

1174 1518 1386 1592 sumpserint,
1417 1519 1521 1580 donec
1541 1522 1631 1596 justo
1649 1522 1846 1597 Apostolicae
1876 1524 1972 1583 Sedis

666 1598 767 1683 XCV
1170 1615 1297 1690 judicio
1323 1615 1511 1676 declaretur
1534 1620 1643 1677 utrum
1667 1619 1740 1695 ipsa
1764 1619 1824 1679 Ph.
1852 1619 1973 1682 debeat

320 1743 372 1801 Art
386 1742 522 1800 abbates
543 1743 643 1800 Vultis
661 1741 822 1812 Secrctoe,
839 1739 956 1800 Surrctt
975 1741 1120 1800 ronanus
1174 1709 1346 1787 illegitima
1368 1715 1528 1789 reputari,
1557 1731 1614 1774 ⁰⁰⁸
1640 1719 1673 1776 θῑ
1698 1717 1806 1776 terras
1823 1717 1971 1793 il’sorum

358 1841 396 1898 pn
432 1839 561 1908 Vim,
595 1839 628 1898 et
663 1841 828 1898 demum
863 1841 1120 1898 suessionensis
1175 1811 1209 1870 in
1233 1810 1391 1886 pristinas
1415 1813 1607 1884 sententias,
1638 1813 1859 1889 appellatione
1880 1820 1974 1890 posta

360 1937 519 1995 ecclesius.

615 2027 712 2101 dian.
741 2029 819 2085 1219.

319 2139 453 2207 [Bouquet.
468 2143 568 2194 Recueil
585 2143 627 2191 des
642 2143 746 2200 Hister,
763 2149 781 2191 t.
800 2143 868 2199 XlX.
887 2159 913 2206 p.
934 2141 991 2192 ortt.
1010 2141 1118 2205 liegesb,

581 2222 626 2271 nn.
639 2223 680 2279 ιιι,
693 2223 767 2286 epm.
779 2223 847 2286 ιιι]

319 2330 451 2390 Nondum
466 2329 581 2386 delinita
609 2331 706 2386 liomae
729 2331 922 2388 controversia
938 2329 973 2386 de
989 2331 1052 2404 jure
1074 2335 1121 2386 ue-

355 2420 453 2476 talium
485 2416 632 2490 Philippa,
662 2418 795 2490 cortjugis
823 2417 923 2474 llrardi
953 2417 988 2474 de
1016 2421 1119 2486 Brena,

355 2507 473 2564 mandat
499 2507 650 2576 Honorius,
676 2513 705 2563 ut
726 2505 810 2563 ambo
831 2507 996 2578 conspectui
1018 2521 1071 2563 suo
1090 2519 1122 2563 se

355 2602 570 2668 representem,
594 2609 686 2666 neque
712 2595 824 2652 interim
851 2595 1014 2666 Campanis
1033 2596 1120 2652 corni·

358 2691 446 2742 tetum
460 2683 639 2756 perturbent;
661 2684 705 2740 siu
719 2683 828 2752 minus,
850 2682 1021 2740 reducuntur
1035 2683 1120 2740 iidem

354 2774 383 2829 in
400 2773 533 2845 pristinas
549 2772 677 2830 ecclesie
691 2773 859 2840 sententias,
880 2769 1014 2844 aquibus
1035 2772 1119 2829 abso·

355 2862 405 2920 luti
421 2861 542 2918 luerent.

360 2971 526 3030 Honorius
536 2969 713 3046 episcopus
724 2985 853 3040 servus,
862 2983 1035 3030 serrorum
1048 2971 1118 3040 Dei,

322 3068 450 3129 dilectis
473 3067 551 3128 tiliis
572 3068 678 3127 Vallis
695 3069 838 3129 Secretae
866 3065 916 3145 (c)
938 3067 1122 3130 Praemons·

321 3165 480 3226 tratensis
496 3164 635 3234 ordinis,
654 3165 886 3224 Laudunensis
904 3165 1067 3236 dioecesis,
1086 3166 1119 3224 S.

321 3260 484 3323 lobannis
509 3259 543 3320 in
568 3261 683 3320 Vincis
700 3259 747 3338 (b)
769 3261 1003 3320 Suessionensi
1018 3260 1122 3321 abba-

320 3357 408 3419 tibus
424 3359 457 3418 et
478 3358 602 3418 decano
626 3357 875 3417 suessionensis
894 3356 1045 3418 ecclesiae
1061 3355 1118 3437 (c),

321 3456 504 3516 salutemet
518 3454 734 3531 apostolicam
747 3453 1023 3516 benedictionem.

364 3555 442 3612 Cum
455 3553 494 3612 ad
504 3551 777 3627 supplicationem
793 3551 915 3612 nobilis
928 3553 990 3613 viri
1004 3552 1121 3613 Erardi

322 3648 362 3711 de
377 3651 484 3710 Brena
499 3653 532 3709 et
547 3648 709 3724 Philippae
724 3648 838 3709 uxoris
852 3649 968 3725 ipsius,
991 3649 1120 3712 dilectis

323 3745 402 3807 tiliis
433 3746 661 3813 cisterciensi,
687 3745 924 3806 Olarevallensi
951 3749 985 3808 ct
1012 3747 1119 3819 Quin·

320 3844 400 3905 tiaci
427 3843 611 3915 abbatibus
629 3843 864 3904 cisterciensis
890 3843 1028 3915 ordinis,
1042 3861 1121 3905 nos-

320 3941 382 4002 tris
412 3939 600 4002 dederimus
636 3940 756 4002 litteris
791 3941 826 4001 in
864 3941 1046 4013 mandatis,
1086 3943 1121 4002 ut

322 4037 676 4097 excommunicationis
707 4039 889 4098 sententias
930 4037 966 4097 in
996 4053 1053 4098 eos
1088 4039 1121 4098 et

322 4132 531 4208 coadjutores
563 4134 712 4208 ipsorum
749 4149 809 4209 pro
843 4133 949 4194 nobili
981 4134 1120 4194 muliere

322 4229 481 4300 Blancba,
505 4229 675 4290 comitissa
703 4229 904 4305 Campaniae,
925 4245 966 4290 ao
979 4231 1039 4290 Tb.
1057 4247 1119 4292 co-

323 4329 414 4394 mite,
429 4326 506 4388 nato
519 4329 602 4402 ejus,
616 4325 773 4402 prolatas,
795 4328 827 4387 et
842 4326 1051 4386 interdictum
1067 4328 1120 4388 cui

320 4428 420 4486 terrae
448 4424 597 4499 ipsorum
625 4423 805 4500 suppositae
828 4426 915 4493 sunt,
948 4425 1045 4500 juxta
1065 4441 1121 4487 cc-

323 4521 434 4583 etesiae
447 4520 586 4580 turmam
601 4520 754 4580 relaxent
767 4518 826 4598 (1),
837 4520 1030 4581 discretioni
1045 4539 1122 4582 ves-

322 4621 394 4689 trae,
407 4633 466 4692 per
477 4617 665 4692 Apostolica
678 4617 801 4693 scripta
817 4616 1024 4688 mandamus,
1038 4635 1122 4694 qua·

322 4719 429 4784 tenus,
450 4729 525 4773 cum
540 4715 663 4774 eaedem
677 4713 726 4775 sic
745 4713 869 4775 tuerint
890 4715 1064 4787 relaxatae,
1081 4729 1121 4776 ac

323 4811 451 4873 edictis
462 4810 629 4870 comitissa
643 4809 676 4871 et
686 4811 804 4870 comite
814 4811 942 4872 fueritis
954 4813 1118 4888 requisiti,

322 4905 506 4986 injungatis
518 4905 653 4976 eisdem,
672 4909 706 4965 ut
721 4904 808 4966 inira
827 4907 1005 4967 terminum
1025 4923 1120 4968 com-

323 5005 499 5084 petentem,
530 5019 625 5078 quem
650 5001 732 5077 ipsis
754 5004 1009 5079 peremptorium
1034 5005 1122 5065 assi-

324 5100 442 5177 gnetis
463 5113 521 5174 per
536 5113 572 5157 se
587 5096 640 5157 vel
655 5112 715 5173 per
729 5100 960 5172 procuratores
981 5099 1120 5160 idoneos

323 5196 512 5275 Apostolico
535 5211 570 5254 se
586 5195 776 5270 conspectui
798 5200 1047 5270 repraesentent,
1063 5213 1122 5256 su-

324 5310 384 5371 per
398 5293 451 5354 bis
463 5307 523 5369 pro
544 5290 662 5368 quibus
678 5291 843 5368 praedictae
857 5293 979 5352 luerint
993 5295 1121 5354 senten·

323 5393 378 5453 tiae
401 5389 628 5466 promulgatae,
655 5389 803 5448 nostrum
826 5389 971 5450 audituri
988 5391 1121 5450 manda·

323 5488 449 5558 tumet
465 5486 570 5562 parati
586 5485 802 5546 nihilominus
819 5485 851 5544 in
863 5501 963 5546 causa
973 5487 1120 5563 ejusdem

363 5603 405 5690 (o)
420 5615 560 5676 Conrado.
582 5613 622 5686 (b)
636 5615 764 5672 liedulfo.

362 5687 398 5760 tc)
412 5688 532 5746 Gnidoni
547 5686 583 5742 de
595 5686 697 5758 Cbezy.

1175 1908 1292 1984 posita,
1323 1909 1394 1970 sine
1421 1925 1520 1970 morae
1549 1910 1721 1986 dispendio
1745 1911 1922 1983 reducatis,
1940 1917 1973 1974 et

1177 2005 1305 2066 faciatis
1325 2005 1457 2067 easdem
1477 2009 1658 2068 sententias
1681 2009 1857 2084 publicari,
1872 2013 1971 2086 juxta

1176 2104 1324 2164 tenorem
1346 2104 1530 2166 litterarum
1555 2108 1754 2178 nostrarum,
1772 2121 1853 2182 quas
1871 2123 1973 2184 super

1176 2203 1238 2264 hoc
1262 2201 1445 2262 direximus
1460 2203 1719 2280 archiepiscopis
1739 2205 1772 2264 et
1792 2203 1970 2280 episcopis,

1175 2311 1215 2361 ac
1240 2299 1316 2361 aliis
1342 2299 1557 2360 ecclesiarum
1580 2301 1727 2376 praelatis
1752 2317 1813 2380 per
1834 2303 1971 2377 ungine

1175 2409 1323 2468 nensem,
1348 2398 1626 2470 Bisuntinensem,
1651 2402 1887 2472 senonensem,
1916 2401 1973 2461 Bis

1175 2497 1384 2566 turicensem,
1400 2498 1637 2567 Turonensem,
1652 2500 1859 2569 Remensem,
1875 2499 1974 2558 Colo-

1176 2595 1325 2654 niensem
1347 2593 1380 2654 et
1396 2596 1631 2654 Treverensem
1646 2596 1834 2671 provincias
1847 2596 1974 2656 consti*

1176 2692 1265 2752 tutis.
1283 2691 1374 2761 Quod
1390 2690 1498 2750 sinon
1515 2706 1640 2761 omnes,
1656 2693 1745 2752 etc...

1215 2790 1333 2848 Datum
1356 2787 1509 2848 Laterani
1524 2790 1552 2846 V
1567 2787 1640 2848 idus
1664 2790 1812 2865 januarii
1829 2789 1970 2865 pontina

1176 2888 1269 2946 catus
1285 2885 1389 2946 nostri
1412 2899 1499 2945 anno
1513 2885 1622 2946 tertio.

1510 3053 1634 3141 XCVI

1216 3189 1267 3247 Ad
1290 3187 1492 3248 abbatemet
1509 3189 1715 3248 concentum
1732 3191 1767 3250 S.
1785 3191 1933 3263 nemtpu

1479 3295 1669 3354 tiernensis.

1471 3399 1506 3462 tu
1521 3407 1581 3476 jan.
1600 3399 1678 3462 tili.

1208 3508 1326 3576 [liegest.,
1339 3509 1383 3563 lib.
1399 3513 1429 3570 ll,
1442 3511 1515 3576 epist.
1525 3511 1579 3562 227.
1591 3513 1648 3562 blss.
1662 3513 1697 3563 Lu
1709 3513 1784 3562 Porto
1798 3513 1833 3564 du
1846 3513 1939 3576 rheti]

1260 3629 1296 3686 Ut
1308 3627 1452 3685 novalium
1465 3626 1592 3686 decimes
1607 3628 1753 3700 percipere
1763 3629 1886 3686 valeant.

1215 3746 1380 3806 Honorius
1396 3745 1707 3821 episcopusservus,
1718 3745 1970 3816 servorumDei,

1175 3841 1304 3904 dilectis
1320 3843 1398 3908 tiliis
1413 3841 1525 3902 abbati
1538 3843 1572 3903 et
1583 3841 1760 3903 conventui
1775 3843 1887 3904 Sancti
1901 3845 1971 3903 Re-·

1176 3940 1268 4014 migii
1284 3938 1468 4010 Remensis,
1479 3938 1618 4000 salutem
1633 3939 1666 3999 et
1684 3939 1898 4015 apostolicam
1908 3939 1971 4000 be*

1176 4037 1407 4096 nedictionem.

1215 4135 1295 4193 Cum
1324 4133 1453 4194 anobis
1476 4134 1599 4210 petitur
1617 4133 1702 4208 quod
1719 4135 1845 4209 justum
1866 4133 1916 4194 est
1940 4135 1973 4194 et

1176 4230 1361 4302 honestum,
1379 4231 1446 4290 tam
1474 4230 1570 4304 vigor
1593 4231 1760 4307 aequitatis
1779 4245 1877 4306 quam
1891 4230 1971 4290 ordo

1175 4326 1280 4400 exigit
1294 4325 1433 4387 rationis
1446 4326 1482 4386 ut
1492 4325 1523 4384 id
1536 4341 1594 4401 per
1604 4325 1859 4387 sollicitudinem
1870 4324 1971 4386 officii

1175 4424 1280 4486 nostri
1297 4423 1338 4484 ad
1353 4421 1499 4483 debiturn
1524 4423 1723 4497 perducatur
1739 4423 1903 4484 effectum.
1927 4425 1972 4484 Ea

1176 4523 1318 4596 propter,
1331 4519 1444 4580 dilecti
1456 4519 1491 4579 in
1506 4519 1642 4580 Domino
1658 4519 1730 4590 tilii,
1740 4519 1860 4581 vestris
1870 4521 1971 4596 justis

1176 4614 1451 4692 postulationibus
1462 4617 1558 4690 grato
1569 4617 1804 4678 concurrentes
1819 4605 1968 4688 assensu,

1176 4714 1370 4774 auctoritate
1397 4711 1490 4774 vobis
1522 4714 1734 4789 praesentium
1762 4712 1971 4788 indulgemus

1176 4811 1211 4871 ut
1234 4811 1322 4872 intra
1348 4810 1508 4872 terminos
1532 4809 1619 4870 intra
1638 4825 1720 4885 quos
1735 4810 1880 4872 decimas
1893 4813 1970 4872 ante

1175 4905 1330 4980 generale
1341 4907 1526 4967 Concilium
1536 4907 1730 4982 percepistis
1740 4907 1972 4968 novalinmde

1175 5004 1278 5064 cimas
1289 5004 1460 5079 percipere
1470 5004 1622 5074 valeatis,
1634 5003 1735 5064 salvis
1749 5003 1892 5063 aliorum
1907 5005 1973 5078 pri·

1175 5099 1306 5175 vilegiis
1320 5116 1339 5160 a
1356 5101 1439 5160 Sede
1453 5101 1642 5177 Apostolica
1664 5100 1858 5176 impetratis.
1879 5101 1970 5159 Nulli

1175 5211 1255 5273 ergo
1270 5197 1404 5258 omnino
1415 5197 1586 5258 hominum
1601 5197 1700 5258 liceat
1714 5196 1800 5258 banc
1815 5195 1970 5272 paginam

1176 5295 1298 5355 nostrae
1313 5295 1539 5356 concessionis
1558 5294 1752 5368 intringere,
1775 5294 1827 5354 vel
1842 5295 1874 5354 ei
1887 5309 1972 5354 ausu

1175 5391 1352 5452 temerario
1373 5391 1550 5453 contraire.
1576 5391 1611 5451 si
1627 5391 1701 5466 quis
1716 5391 1826 5451 autern
1838 5389 1902 5451 boc
1917 5393 1970 5452 at-

1174 5489 1304 5549 tentare
1332 5489 1590 5564 presumpserit,
1615 5487 1878 5562 indignationem
1900 5503 1972 5548 om-

1211 5617 1252 5691 (i)
1273 5615 1484 5675 Recurrendum
1511 5614 1547 5674 etl
1573 5617 1689 5674 lionorii
1720 5617 1849 5685 Litteras,
1868 5615 1914 5673 lib.
1933 5619 1969 5686 ll,

1174 5691 1258 5761 epist.
1273 5689 1455 5758 cxxl1,eol.
1471 5686 1533 5756 ott,
1548 5693 1567 5742 t.
1580 5690 1617 5745 ll.
