3952 6294
297 399 357 460 527

612 571 778 660 XLVIII

914 405 1090 466 HONORII
1113 407 1157 466 III
1179 407 1328 468 OPERA.

1875 415 1926 474 528

1147 565 1284 628 tentiam
1310 565 1529 643 proterentes,
1557 585 1663 648 nuper
1690 570 1833 646 anobis,
1861 589 1925 636 cunr

298 708 350 768 Ad
363 705 578 767 concurrens
596 707 745 778 Maioris
759 710 908 770 rectem
927 707 961 770 ct
974 707 1093 770 Scirott
1147 663 1294 725 mnium
1321 663 1446 728 ”mm
1464 667 1660 729 wemmam
1680 683 1746 730 ”⁰¹¹
1764 671 1924 746 P⁰⁸⁸iffl11⁸2

615 804 779 866 Wtreimc

552 923 570 980 e
589 917 730 992 septemb.
750 917 828 977 itio.

328 1027 445 1089 [dimoti.
458 1029 613 1080 Eremiscbas
625 1025 840 1086 Urlendanbucb,
857 1027 876 1084 i,
888 1023 943 1083 tta,
954 1039 980 1076 n.
994 1023 1059 1090 ito]

200 1105 201 1110 ἵ
294 1127 679 1190 liauduteisutdiluoidant
697 1139 814 1184 causam
837 1126 910 1184 inter
934 1123 1090 1184 arnoldum

329 1216 500 1275 canonicum
525 1224 553 1274 et
580 1213 718 1276 alardum
746 1215 881 1273 clericum
906 1216 1090 1273 bremensem

331 1320 418 1378 super
428 1304 579 1380 prebenda
594 1303 811 1364 Ramesbereusi
822 1309 990 1361 vertentem.

335 1413 504 1477 Honorius
516 1413 819 1493 episcopusservus
834 1426 1007 1474 serrorum
1017 1409 1088 1483 Dei,

294 1511 424 1574 dilectis
439 1512 518 1573 tiliis
532 1496 670 1589 Mep'oris
696 1511 857 1583 ecclesiae,
885 1510 954 1571 et...
977 1509 1090 1572 Sancti

293 1609 455 1671 Willelmi
484 1608 671 1672 scolasticis
694 1608 763 1670 et...
790 1606 930 1684 plebano
960 1607 1089 1669 Sancte

293 1707 411 1769 Mariae
429 1706 630 1778 Bremensis,
653 1705 845 1768 salutemet
873 1704 1089 1782 apostolicam

292 1803 569 1867 benedictionem.

334 1901 543 1979 Significavit
573 1900 668 1964 uobis
700 1900 878 1972 Arnoldus,
907 1899 1088 1964 canonicus

292 1998 577 2073 Ramesberensis,
603 1998 690 2078 quod
717 2015 792 2060 cum
808 1997 896 2062 inter
920 1997 1029 2076 ipsum
1056 2000 1089 2062 et

289 2097 450 2162 alardum
466 2098 622 2188 clericum
639 2097 829 2160 Bremensls
848 2096 1014 2170 dloecesis,
1025 2113 1087 2158 su-

290 2212 350 2273 per
363 2195 538 2274 praebenda
552 2194 808 2259 Ramesberensi
821 2211 933 2257 coram
946 2209 1088 2256 venera-

1146 759 1208 823 tuit
1230 761 1346 824 dolosa
1374 765 1592 840 persuasione
1613 769 1825 841 suggestum,
1851 771 1926 846 quod

1147 873 1247 936 super
1270 859 1333 922 boc
1353 877 1419 923 non
1438 863 1513 924 erat
1536 865 1704 926 sententia
1723 866 1925 942 promulgata,

1146 959 1178 1020 et
1190 957 1239 1018 sic
1247 957 1287 1019 ad
1301 959 1334 1021 te
1348 957 1499 1022 tuerinta
1511 959 1618 1034 uobis,
1632 960 1807 1034 utdicitur,
1821 963 1925 1027 littere

1146 1069 1206 1130 per
1220 1054 1444 1133 subreptionis
1458 1059 1616 1120 astutiam
1630 1061 1817 1136 reportatae,
1833 1064 1927 1124 couti·

1145 1153 1273 1226 nentes,
1289 1155 1324 1216 ut
1337 1155 1572 1232 supersederes
1589 1157 1758 1229 mandato,
1780 1159 1862 1237 quod
1876 1176 1925 1220 su·

1145 1265 1205 1326 per
1225 1250 1289 1312 hoc
1308 1266 1368 1328 pro
1389 1254 1592 1316 monasterio
1612 1269 1789 1332 receperas
1814 1272 1927 1319 memo-

1144 1348 1229 1409 rato.
1252 1349 1333 1409 Cum
1360 1348 1465 1424 igitur
1496 1351 1623 1412 nemini
1651 1353 1852 1429 patrocinari
1877 1354 1927 1416 de-

1144 1441 1245 1504 beant
1264 1442 1356 1505 fraus
1376 1445 1409 1506 et
1429 1444 1536 1518 dolus,
1560 1447 1775 1523 presentium
1787 1447 1844 1510 tibi
1856 1465 1926 1512 aue-

1144 1541 1277 1603 toritate
1309 1541 1525 1614 mandamus,
1562 1543 1727 1620 quatenus
1758 1560 1816 1622 pro
1846 1549 1925 1610 certo

1145 1637 1270 1699 babeas
1284 1639 1501 1714 quaestionem
1514 1640 1622 1717 ipsam
1639 1657 1699 1718 per
1713 1658 1775 1704 nos
1789 1659 1859 1705 esse
1872 1643 1925 1704 de·
1956 1646 1960 1662 ‘

1144 1734 1259 1808 cisam,
1276 1736 1363 1814 quod
1384 1751 1428 1798 ex
1449 1740 1572 1800 nostre
1594 1739 1804 1803 diffinitionis
1817 1740 1926 1818 pagina

1143 1831 1204 1895 tibi
1229 1835 1349 1912 poterit
1374 1834 1549 1899 manifeste
1574 1835 1721 1914 liquere,
1747 1837 1782 1900 in
1808 1839 1925 1914 negotio

1143 1928 1216 2006 ipso
1228 1944 1295 1992 non
1307 1930 1515 1994 obstantibus
1529 1919 1650 1996 litteris
1665 1933 1926 2011 postmodumim·

1143 2029 1291 2106 petrstis,
1309 2031 1486 2108 predictas
1496 2034 1594 2108 juxta
1607 2031 1757 2110 priorum
1767 2035 1927 2096 conduen-

1141 2127 1223 2190 tiam
1237 2127 1424 2190 litterarum
1437 2129 1478 2191 ad
1489 2130 1735 2207 reprimendam
1748 2146 1858 2194 eorum
1875 2132 1924 2192 in-

1142 2225 1329 2297 solentiam,
1346 2226 1403 2303 qui
1417 2228 1534 2288 contra
1548 2227 1749 2292 sententiam
1764 2229 1927 2306 lpsemse·

290 2293 349 2356 bili
364 2295 467 2356 tratre
479 2297 593 2358 nostro
605 2293 781 2356 Lubieensi
793 2293 948 2372 episcopo
964 2293 997 2355 et
1007 2309 1088 2354 con·
1141 2321 1215 2384 nire
1228 2323 1511 2400 praesumpserinp,
1521 2325 1745 2402 spiritualiter
1760 2328 1922 2403 eptompo.

286 2392 456 2468 judioibus
478 2393 559 2464 suis,
585 2392 783 2454 auctoritate
811 2393 926 2454 nostra
948 2391 1087 2469 quaestio
1142 2420 1268 2493 mmor,
1289 2423 1387 2499 prout
1408 2422 1568 2500 expedire
1592 2422 1730 2496 videris,
1750 2427 1784 2488 01
1797 2423 1922 2484 reponio

291 2491 488 2562 verteretur,
504 2488 1086 2562 luittandemineosdem,subcerta
1141 2518 1331 2581 oorumdem
1358 2521 1520 2596 exegerit,
1545 2521 1772 2598 apponam
1797 2522 1921 2598 postpo-

294 2587 412 2661 torma‚
432 2589 590 2666 tanquam
627 2587 661 2649 in
687 2586 831 2650 arbitros
865 2588 1085 2665 compromis-
1142 2615 1217 2688 sita,
1236 2630 1463 2693 processurus·
1486 2619 1605 2680 Datum
1625 2619 1715 2697 apud
1735 2617 1851 2683 urbm
1866 2619 1925 2680 pp.

290 2703 377 2755 ΒΜ)
394 2687 462 2764 qui,
480 2686 621 2749 f⁰f¹¹¹³ffl
648 2701 842 2763 inpressam
870 2683 906 2746 ¹¹¹
934 2701 1088 2796 ⁰⁰fnPI0·
1140 2716 1306 2783 terem,lV
1318 2714 1394 2775 idus
1407 2715 1615 2794 septembris,
1632 2717 1843 2793 pontificatus
1852 2731 1924 2778 uos·

289 2785 392 2846 misso
420 2784 629 2858 excedentes,
657 2784 807 2862 iniquum
836 2784 951 2846 contra
976 2800 1086 2860 ipsum
1139 2811 1183 2874 tri
1199 2812 1431 2890 annoquinto·
1970 2805 1971 2808 ’

288 2882 463 2944 arbitrium
484 2883 703 2961 protulerunt.
722 2881 861 2960 ideoque
891 2881 1084 2944 discretioni

287 2983 408 3044 vestrae
434 2996 493 3059 per
515 2980 705 3058 Apostolica
734 2981 859 3058 scripta
889 2977 1085 3041 mandamus
1525 2955 1557 3043 L

288 3080 463 3158 quatenus,
474 3078 623 3157 pertibus
633 3077 822 3141 convocatis
833 3076 996 3139 standitis
1006 3077 1085 3138 hino
1160 3093 1213 3152 Aa
1227 3090 1482 3152 monasterium
1497 3092 1535 3153 s,
1550 3091 1676 3154 Mam
1689 3093 1731 3154 dp
1745 3093 1905 3154 mrum,

288 3177 366 3240 inde
383 3177 571 3254 propositis,
584 3177 669 3254 quod
681 3179 808 3254 iustum
819 3174 930 3246 tuerit,
941 3175 1086 3252 appella·
1399 3204 1433 3261 10
1449 3201 1590 3276 ,epm
1607 3204 1686 3263 Μ.

290 3273 380 3335 tione
389 3273 582 3351 postposita,
592 3273 757 3341 statuatis,
766 3271 925 3333 iacientes
936 3270 1022 3350 quod
1032 3271 1085 3334 de·
1310 3306 1406 3372 [emis
1416 3308 1628 3368 emman·
1641 3309 1702 3360 ino.
1713 3309 1767 3377 ⁹2]

287 3371 461 3434 “mritis
474 3386 534 3448 1¹⁹¹*
547 3386 722 3433 “mmmm
738 3369 999 3433 ⁶⁰⁰¹⁰⁸i³³ti⁰⁸m
1026 3369 1085 3431 ἣν·
1140 3403 1209 3462 illud
1225 3406 1429 3464 monasterium
1444 3405 1618 3465 denisi-isco
1630 3408 1769 3467 mendum
1781 3407 1892 3480 suscipit
1899 3411 1924 3462 et
1970 3385 1971 3388 ¹

288 3469 385 3531 mlier
394 3468 575 3531 observari.
587 3470 701 3531 Testes
716 3468 899 3545 autem,qui
911 3483 947 3530 se
962 3468 1081 3544 gratia,
1164 3495 1227 3566 ejus
1240 3497 1448 3567 mmmm,
1464 3495 1529 3569 jure
1544 3511 1579 3556 π
1591 3497 1742 3571 privilegis
1756 3496 1906 3556 mmmm·

287 3565 365 3629 odio
388 3566 441 3628 vel
463 3567 583 3629 timore
609 3563 847 3638 subtraxerint,
873 3581 1014 3628 censure
1037 3565 1085 3626 si·
1177 3603 1346 3665 Honorius
1376 3603 1569 3682 episcopus,
1607 3619 1725 3668 sem
1759 3618 1920 3669 servorum

288 3665 371 3776 mm?
384 3664 786 3774 fipr¹¹³fi⁰¹¹⁰f⁰⁸⁸⁸ntQ
803 3664 930 3774 ⁰⁰⁸3&
948 3664 1083 3727 mimi
1138 3700 1208 3773 Dei,
1223 3701 1353 3765 dilectis
1377 3702 1455 3764 tiliis
1483 3702 1595 3766 abbati
1609 3704 1643 3767 et
1665 3703 1842 3766 conventui
1856 3715 1922 3763 mo-

286 3765 514 3824 t⁹⁸t¹¹¹¹⁰¹¹¹¹²¹¹¹
530 3761 717 3840 mmmm·
732 3761 824 3834 Qu⁰d
841 3779 872 3824 ⁸¹
886 3778 953 3825 ”⁰¹¹
968 3776 1083 3825 ⁰¹¹¹¹¹⁰⁸
1137 3799 1276 3862 nasterii
1290 3801 1420 3863 Sanctae
1435 3801 1552 3864 Mariae
1567 3801 1608 3863 de
1623 3801 1789 3874 birriaco,
1803 3798 1922 3863 ordinis

286 3861 339 3922 his
370 3861 591 3972 exsequendi?
616 3861 779 3970 iflssssffli‘ffl
807 3861 996 3939 P⁰²¹¹⁰rffi⁸2
1018 3861 1082 3923 ‘¹¹¹⁰
1138 3899 1171 3959 S.
1187 3893 1332 3960 Victoris
1356 3897 1538 3971 Pariensis,
1557 3898 1700 3962 salutem
1723 3901 1758 3964 et
1775 3895 1923 3977 apostoli-

285 3961 433 4023 vestrum
454 3974 494 4022 ea
514 3959 732 4022 nihilominus
754 3960 993 4036 exsequantur.
1016 3962 1084 4022 Da·
1137 3993 1498 4058 cambenedictionem,

284 4059 354 4119 tum
370 4055 456 4168 ΨΜ
469 4055 591 4168 Urbfm
603 4057 898 4168 V⁰t⁰femfiqu³nm
911 4056 986 4166 ΜΨ
1003 4072 1082 4135 ⁸⁰¹²*
1176 4095 1257 4154 Cum
1279 4107 1300 4155 a
1326 4092 1422 4156 nobis
1441 4093 1664 4172 petiturquod
1684 4095 1810 4172 justum
1832 4093 1881 4155 est
1893 4090 1923 4152 et

285 4153 433 4227 ‘mm’
450 4153 663 4232 p⁰nt¹fl⁰³t¹¹⁸
674 4154 780 4216 mm
795 4168 883 4216 ⁸³³⁰
898 4154 1023 4232 qum·
1136 4189 1323 4264 honestum,
1340 4193 1408 4253 tam
1424 4191 1522 4268 vigor
1542 4192 1711 4270 requitatis
1730 4209 1828 4270 quam
1848 4187 1921 4252 ordo

1136 4288 1241 4366 exigit
1277 4289 1430 4363 rationis,
1461 4291 1497 4351 ut
1523 4289 1557 4350 ld
1584 4305 1644 4367 per
1671 4289 1919 4354 sollicitudinem

1136 4385 1236 4448 officii
1255 4387 1362 4449 nostri
1385 4386 1426 4448 ed
1446 4385 1593 4450 debitum
1610 4388 1811 4465 perducatur
1828 4386 1920 4448 effec-

1135 4485 1216 4545 tum.
1250 4485 1443 4562 Enpropter,
1482 4484 1596 4548 dilecti
1624 4486 1659 4546 ln
1688 4487 1827 4549 Domino
1854 4480 1917 4552 nili.

1136 4582 1255 4645 uestris
1267 4582 1370 4660 justis
1394 4583 1672 4659 postulationibus
1685 4586 1782 4661 grato
1794 4593 1920 4647 concur·

1135 4681 1245 4742 rentes
1260 4694 1410 4752 assensu,
1425 4695 1585 4758 personas
1598 4682 1728 4745 vestras
1742 4685 1778 4746 et
1794 4693 1918 4744 mouss-

1134 4778 1256 4842 terium
1276 4780 1311 4840 B.
1340 4778 1456 4840 Martae
1476 4779 1517 4841 de
1539 4779 1704 4854 LtvriacO,
1730 4780 1765 4843 in
1781 4795 1843 4858 quo
1868 4775 1916 4837 di·

1135 4876 1223 4939 viris
1236 4876 1318 4939 estis
1331 4876 1498 4954 obsequiis
1514 4877 1704 4956 mancipati,
1727 4895 1803 4941 cum
1816 4871 1916 4939 omni-

623 4315 745 4403 XLIX

284 4455 337 4514 Ad
348 4453 543 4514 Romanum
556 4451 592 4514 S.
608 4453 730 4528 Aeacii
748 4452 932 4514 diaconum
945 4453 1078 4514 cordio.

534 4563 569 4622 itt
590 4564 730 4638 septemb.
752 4563 831 4623 iano.

332 4677 461 4743 slbsinsr,
474 4680 535 4732 Gnd.
550 4679 613 4745 dipl.
626 4679 736 4731 dominii
750 4685 842 4744 temp..
855 4681 876 4739 l,
889 4679 931 4739 tis,
941 4693 969 4731 n.
979 4679 1033 4746 dd]

285 4775 400 4836 Mendai
414 4784 444 4834 ut
463 4779 635 4836 sententiam
655 4779 729 4838 inter
747 4777 952 4838 monesterium
967 4778 1004 4841 de
1017 4781 1078 4839 'rri-

309 4867 430 4936 sulto,et
439 4865 571 4924 homiues
581 4867 666 4925 collis
675 4867 760 4926 Perdi
772 4868 858 4926 latum
870 4875 1052 4943 exsequatur.

1134 4973 1195 5036 bus
1219 4989 1293 5052 quae
1321 4974 1357 5035 in
1393 4976 1648 5052 presentiarum
1683 4971 1917 5040 rationabiliter

1134 5072 1324 5150 possidetis,
1361 5073 1420 5136 aut
1450 5071 1484 5134 ln
1516 5071 1663 5136 futurum
1682 5074 1783 5152 justis
1810 5069 1914 5137 modis.

325 4973 493 5036 Honorius
509 4970 810 5052 episcopusservus
826 4993 998 5041 servorum
1007 4978 1078 5050 Dei,

285 5074 407 5136 diiecto
422 5072 491 5134 tilio
507 5071 545 5134 it.
563 5073 675 5136 Sancti
687 5074 803 5150 Angeli
819 5074 960 5138 diacono
975 5077 1080 5138 cardi·

283 5171 364 5243 nsit,
383 5170 572 5248 campanies
591 5170 833 5249 Maritimaeque
861 5175 996 5247 rectori,
1019 5189 1079 5237 sa·
1134 5171 1315 5247 prestante
1338 5169 1488 5243 Domino,
1510 5171 1661 5249 poteritis
1684 5171 1835 5250 adipisci,
1863 5163 1916 5228 sub

285 5269 386 5332 lutem
404 5273 437 5331 et
450 5268 667 5346 apostolicam
681 5267 957 5333 benedictionem.
1134 5265 1224 5330 beati
1245 5267 1336 5330 Petri
1356 5268 1389 5331 et
1412 5271 1527 5332 nostra
1557 5270 1762 5346 protectione
1787 5263 1917 5342 suscipi·

325 5370 405 5429 cum
428 5364 486 5428 diu
519 5365 765 5430 sententialiter
788 5368 1080 5431 terminaverimus
1134 5381 1218 5427 mus.
1247 5365 1444 5444 Specialiter
1466 5369 1575 5430 autem
1603 5367 1645 5430 de
1680 5367 1712 5430 la
1740 5370 1855 5438 Rocce,
1880 5361 1916 5421 do

286 5465 502 5543 quaestionem
520 5465 608 5526 inter
619 5465 856 5527 monasterium
869 5466 981 5528 Sancti
997 5468 1080 5528 Bar-
1134 5465 1245 5526 Monte
1261 5463 1430 5536 Firmiolo,
1456 5468 1490 5526 et
1511 5464 1552 5526 de
1570 5465 1722 5527 Cormart
1748 5463 1914 5544 prioratus,

284 5562 454 5625 tirolomsei
476 5561 516 5624 de
531 5561 675 5625 Trisulto
698 5577 741 5624 ex
762 5564 856 5639 parte
874 5578 951 5636 una,
965 5565 998 5626 et
1012 5565 1078 5626 bo·
1134 5577 1215 5624 cum¹
1233 5563 1442 5639 pernitentiis
1466 5563 1674 5636 eorumdem,
1701 5565 1735 5626 et
1754 5560 1916 5626 ecclesiam

285 5660 1078 5738 rninesCollisPardiexaltera,supersylvaciei
1133 5659 1222 5721 beati
1238 5659 1387 5738 Dionysii
1406 5660 1450 5722 de
1467 5661 1574 5723 Clichi
1590 5683 1598 5721 ε
1615 5661 1781 5724 sexdecim
1802 5656 1916 5722 modios

285 5759 410 5821 diutius
424 5759 594 5835 agitatam,
616 5774 675 5835 pro
695 5759 766 5836 ipso
780 5759 982 5821 monasterio
1002 5773 1079 5820 seu·
1135 5775 1263 5821 nrinuos
1288 5758 1378 5822 bladi
1402 5773 1421 5819 e
1449 5759 1622 5821 carissimo
1643 5760 1678 5822 in
1702 5760 1830 5821 Christo
1856 5751 1916 5815 lilio
