3978 6292
892 395 1067 456 nonoau
1090 397 1134 457 111
1156 399 1304 460 ornas.
1679 385 1703 497 ⁸,
1852 407 1908 468 res

604 589 731 680 ΟΜΝ
1123 557 1310 636 potentibus
1322 561 1395 636 ejus
1411 557 1623 623 insolentiam
1636 562 1810 636 sustinere,
1825 563 1909 626 idem

1122 656 1162 717 ad
1178 657 1354 718 ecclesiam
1374 659 1487 719 Sancti
1510 659 1617 721 liurtii
1636 660 1846 722 Aurelianae.
1868 663 1910 724 ab

271 730 323 790 Ad
343 729 566 806 Rssdtnstldlim
585 730 627 790 de
652 731 819 800 Hllmafflr
849 730 1002 806 ΝΟΜ·
1024 730 1066 790 ‘²⁰
1121 753 1910 835 abbatesuoextititdestinatus3sedpostpaucos

311 827 1066 890 comorroerontuonemuectrrtrataeoeane
1121 851 1192 912 ures
1202 851 1545 914 ennueuueenuatus
1556 853 1726 928 recedens,
1740 855 1911 932 religiosas

309 927 403 986 ⁷²²⁶⁰⁸
411 925 667 986 Novwmem·
1120 949 1230 1011 vestes
1242 949 1385 1010 vendere
1398 965 1483 1012 ausu
1497 951 1676 1013 temerario
1690 967 1755 1013 non
1768 955 1907 1030 expavit

568 1037 675 1111 flium
691 1037 769 1097 ¹²19·
1122 1047 1255 1118 Quarto,
1273 1047 1358 1124 quod
1382 1063 1457 1108 cum
1483 1047 1584 1124 ipsi...
1611 1047 1763 1110 abbatem
1788 1051 1820 1112 et
1833 1041 1929 1112 con-'

302 1144 421 1210 [ΗΘΜ-ι
433 1143 479 1196 ¹1¹³·
490 1142 535 1206 111,
543 1145 618 1209 epist.
629 1144 685 1196 ⁵¹⁹·
698 1144 757 1196 ¹¹⁵⁸·
769 1145 888 1197 tarem
898 1143 932 1195 dr
941 1143 1034 1208 rnen]
1120 1145 1254 1206 rantum
1270 1144 1381 1206 Sancti
1396 1145 1551 1218 Victoris,
1572 1161 1711 1224 quorum
1735 1145 1909 1211 observant

272 1241 474 1302 Utinlormont
493 1241 637 1301 decausis
652 1243 926 1316 repulsuscanouici
947 1243 1067 1302 loannis
1121 1241 1269 1303 ordinem
1296 1257 1398 1320 super
1415 1243 1605 1320 receptione
1626 1243 1731 1322 ipsius
1752 1243 1909 1308 Johannis

418 1331 623 1416 tumultuario
636 1331 919 1391 Sincllfflnflslvril·
1122 1339 1278 1401 duxerint
1301 1339 1532 1412 consulendos,
1561 1339 1661 1401 tidem
1695 1343 1745 1404 eis
1776 1345 1911 1406 consilio

309 1441 489 1515 Honorius,
505 1443 581 1512 etc,
598 1439 815 1502 dilectisflliis
828 1439 1011 1518 Reginaldo
1027 1439 1067 1502 de
1122 1436 1235 1500 habito
1249 1452 1398 1515 persnas
1413 1439 1560 1514 petentes
1580 1438 1708 1500 litteras
1730 1442 1911 1517 responde-

271 1541 432 1612 Humano,
449 1541 582 1614 Drogon
597 1537 638 1599 de
650 1537 808 1600 Condolio
823 1540 856 1602 et
869 1537 1012 1600 (luidoni
1026 1537 1067 1600 de
1120 1537 1209 1608 runt,
1226 1535 1311 1612 quod
1337 1535 1527 1597 nullatenus
1542 1535 1650 1612 ipsum
1676 1537 1864 1614 reciperent
1880 1541 1912 1600 in

272 1635 459 1698 Gintiniaco
470 1634 643 1698 canonicis
658 1635 854 1697 Norlomen.
1122 1632 1322 1694 monasterio
1331 1635 1523 1695 memorato.
1535 1633 1748 1705 Quinto,cum
1755 1637 1915 1712 sepedic-

311 1735 393 1796 Cum
416 1732 545 1795 dilectis
564 1731 682 1793 tiliis...
705 1731 817 1794 abbati
832 1735 865 1795 et
889 1733 1066 1795 conventui
1120 1731 1175 1792 tus
1188 1729 1358 1792 Johannes
1374 1729 1512 1806 praelato
1527 1729 1638 1792 abbati
1652 1732 1765 1794 Sancti
1780 1735 1914 1796 Bartho-

272 1830 467 1894 monasterii
492 1830 604 1891 Sancti
619 1828 854 1892 Bartholomaei
869 1830 1064 1892 Noviomen.
1121 1827 1230 1890 lomaei
1246 1827 1406 1905 quasdam
1420 1829 1672 1904 praesentarerit
1682 1829 1822 1902 litteras,
1832 1848 1911 1909 quas

272 1927 461 1991 multotiens
483 1927 704 1988 direxerimus
727 1926 850 2004 scripta
874 1927 1003 2000 nostra,
1032 1927 1068 1990 ut
1121 1941 1158 1987 se
1181 1925 1313 1987 dicebat
1331 1941 1353 1986 a
1377 1925 1462 1987 Sede
1487 1927 1676 2005 apostolica
1704 1927 1910 2004 impetrasse,

270 2027 455 2089 iohannem
473 2023 669 2086 canonicum
690 2040 798 2096 suurn,
822 2025 879 2102 qui
893 2025 980 2086 sicut
996 2025 1067 2101 ipse
1121 2023 1208 2084 idem
1233 2023 1335 2084 abbas
1350 2023 1478 2085 litteras
1493 2023 1583 2100 ipsas
1598 2023 1725 2086 habens
1748 2025 1789 2087 de
1818 2026 1913 2088 falsi-

271 2123 367 2185 nohis
393 2121 565 2200 exposuit,
590 2121 792 2184 monasterio
812 2121 885 2198 ipso
913 2137 1067 2198 egressus
1121 2121 1189 2183 tate
1202 2121 1383 2197 suspectas,
1399 2135 1549 2182 coram...
1571 2121 1689 2184 abbata
1703 2123 1816 2186 Sancti
1831 2125 1914 2186 Leo-

271 2221 380 2282 luerat
400 2219 505 2281 animi
520 2219 668 2287 lenitate,
686 2217 883 2296 reciperent,
899 2219 992 2282 salva
1006 2235 1066 2282 or·
1122 2217 1250 2294 degerit
1267 2218 1481 2280 Suessionon.
1503 2219 1537 2280 et
1550 2219 1748 2296 quibusdam
1763 2221 1840 2282 aliis
1859 2237 1914 2282 eos

271 2319 360 2380 dinis
373 2315 562 2394 disciplina,
576 2315 657 2394 quia
670 2315 735 2392 ipsi
750 2315 864 2389 abhas,
881 2317 913 2378 et
928 2333 1068 2380 conuen·
1122 2315 1308 2378 examinari
1320 2316 1460 2388 curavit,
1474 2318 1507 2377 et
1520 2331 1594 2377 cum
1608 2316 1731 2379 viderit
1739 2317 1864 2380 bullam
1875 2318 1915 2380 ab

271 2417 326 2478 tus
340 2415 373 2476 id
396 2413 528 2476 efficere
550 2430 615 2475 non
637 2412 809 2486 curabant,
826 2414 920 2476 vobis
934 2413 1066 2477 tandem
1123 2413 1274 2476 interiori
1289 2415 1382 2490 parte
1396 2413 1574 2486 tenentem,
1595 2413 1687 2476 iilum
1706 2415 1830 2477 exinde
1844 2417 1915 2478 sine

273 2514 424 2576 dedimus
444 2512 478 2572 in
494 2511 670 2584 mandatis,
687 2511 724 2573 ut
747 2511 907 2588 inquisita
922 2512 1068 2588 diligen·
1123 2511 1234 2588 aliqua
1243 2509 1437 2572 difficultate
1446 2506 1621 2583 subtraxit,
1632 2515 1767 2589 propter
1778 2514 1865 2590 quod
1876 2512 1916 2575 de

273 2613 341 2674 tius
352 2611 493 2673 raritate
508 2624 611 2686 quare
637 2609 827 2672 mandatum
841 2609 1067 2687 apostolicum
1122 2607 1266 2670 falsitate
1285 2608 1433 2685 ipsarum
1456 2610 1606 2671 constitit
1623 2609 1806 2671 evidenter.
1824 2610 1916 2672 Unde

272 2726 338 2772 non
362 2707 506 2778 deberet,
532 2707 584 2768 vel
607 2723 673 2768 non
689 2706 800 2783 posset
817 2707 960 2786 impleri,
981 2707 1067 2786 quod
1122 2705 1272 2782 saepelati
1287 2705 1389 2767 abbas
1408 2707 1441 2768 et
1465 2709 1646 2768 conventus
1660 2707 1754 2768 nobis
1779 2707 1917 2769 humili-

271 2823 372 2886 super
393 2807 446 2867 his
469 2804 665 2866 inveneritis
686 2820 745 2882 per
760 2806 888 2868 vestras
906 2805 1068 2868 curaretis
1121 2806 1173 2865 ter
1191 2803 1430 2880 supplicarunt,
1451 2805 1489 2866 ut
1502 2820 1577 2864 cum
1600 2805 1759 2883 appareat
1773 2822 1817 2868 ex
1832 2821 1917 2882 prae-

270 2905 366 2968 nobis
381 2901 791 2977 litterasintimare3vobis
806 2902 918 2980 itaque
935 2903 976 2964 ad
992 2919 1068 2965 mo·
1123 2902 1219 2963 dictis
1252 2901 1478 2978 supradictum
1509 2901 1695 2964 iohannem
1727 2901 1770 2964 alt
1801 2919 1915 2964 eorum

268 3001 450 3068 nestorium
466 3000 574 3078 ipsum
589 2999 809 3076 personaliter
820 3000 1066 3068 accedentibus,
1123 2998 1244 3060 dehere
1256 2999 1423 3060 consortio
1435 3000 1591 3075 tanquam
1608 2999 1790 3060 membrum
1811 3001 1918 3077 putri·

270 3106 304 3167 et
317 3098 491 3162 veritatem
502 3097 746 3176 inquirentibus
757 3097 986 3176 depraemissis
1000 3105 1068 3166 tarn
1123 3096 1201 3158 dum
1209 3111 1374 3167 resecare,
1384 3111 1437 3168 ne,
1447 3096 1533 3172 quOd
1545 3095 1642 3168 absit,
1654 3097 1753 3156 unius
1759 3096 1915 3158 morbid&

270 3198 403 3278 publice
416 3211 514 3273 quam
530 3195 696 3271 privatim,
725 3195 811 3258 sicut
830 3197 925 3258 nobis
947 3201 1068 3263 vestris
1123 3194 1195 3258 ouis
1210 3193 1399 3268 contagium
1417 3193 1545 3256 inliciat
1566 3195 1671 3256 totum
1688 3209 1835 3270 gregem,
1861 3211 1915 3256 eos

270 3291 1067 3365 litterisintimastis,venerabilislraternoster...
1123 3291 1165 3353 ab
1190 3291 1421 3370 impetratione
1441 3291 1546 3368 ipsius
1565 3290 1737 3354 absolvere
1756 3291 1915 3368 dignare-

270 3391 468 3456 Noriomen.
484 3390 672 3466 episcopus,
689 3391 823 3468 juratus
837 3391 872 3452 in
889 3393 990 3456 verbo
1003 3397 1070 3458 Do-
1124 3405 1207 3450 mur.
1227 3389 1368 3466 Ideoque
1387 3387 1580 3452 discretioni
1599 3391 1720 3451 restrae
1734 3404 1793 3466 per
1807 3393 1915 3468 Apos-

270 3489 366 3562 mini,
378 3488 464 3567 quod
477 3486 586 3548 dictus
598 3487 769 3549 Jonannes
780 3488 951 3552 confessus
962 3491 1070 3556 luerat
1123 3487 1358 3564 tolicascripta
1371 3485 1766 3564 mandamus,quatenus,
1782 3487 1917 3550 sirenis

272 3603 384 3650 coram
404 3599 445 3647 eo
468 3585 501 3646 et
524 3584 674 3661 pluribus
697 3584 773 3646 aliis
795 3585 940 3664 quinque
963 3605 1069 3652 annos
1123 3584 1309 3647 constiterit
1328 3585 1369 3645 de
1382 3583 1575 3661 premissis,
1592 3583 1749 3661 praelatos
1764 3585 1915 3647 abbatem

273 3700 348 3746 esse
366 3683 553 3746 transactos
568 3680 654 3759 quod
677 3681 787 3758 ipsum
806 3681 957 3746 abbatam
973 3703 1068 3748 suum
1124 3684 1157 3746 ct
1191 3683 1388 3744 conventum
1425 3681 1466 3742 ab
1499 3681 1732 3759 impetratione
1766 3683 1914 3760 saepelati

271 3779 505 3852 interfecisset,
524 3779 553 3840 si
569 3779 742 3856 potuisset,
757 3795 887 3842 veneno
899 3783 952 3844 vel
967 3783 1066 3846 terro.
1123 3779 1296 3852 iohannis,
1323 3777 1452 3841 sublato
1483 3779 1717 3856 appellationis
1731 3779 1913 3850 obstaculo,

271 3880 358 3942 Dicti
370 3893 450 3940 uero
463 3875 565 3938 abhas
584 3876 617 3939 et
629 3879 810 3939 conventus
826 3879 1069 3956 responderunt
1123 3877 1355 3940 absolvatis.N
1359 3875 1435 3938 ullis
1446 3876 1566 3938 litteris
1579 3877 1726 3950 veritati,
1736 3879 1770 3939 et
1777 3877 1915 3955 justitie

273 3993 309 4040 se
322 3976 411 4038 nolle
423 3989 485 4036 nec
499 3973 634 4046 audere,
653 3989 714 4034 nec
732 3975 861 4052 dejure
883 3977 1002 4040 debere
1017 3980 1069 4058 ip-
1123 3972 1426 4054 praejudicantibus,
1443 3976 1505 4035 etc.
1534 3973 1626 4046 Quod
1650 3973 1678 4034 si
1702 3989 1769 4035 non
1788 3989 1914 4040 omnes,
1986 4017 1987 4054 3

273 4089 346 4135 sum
361 4071 545 4136 todennam
565 4072 714 4148 recipere
729 4071 904 4149 multiplici
926 4077 1067 4138 ratione.
1122 4075 1185 4136 etc.
1201 4074 1319 4135 Datum
1335 4071 1568 4149 Ileatequarto
1588 4071 1662 4135 idus
1681 4072 1916 4151 julii,pontid·
1986 4067 1987 4088 ¹

273 4171 398 4239 Primo,
414 4167 580 4240 videlicet,
601 4167 678 4245 quia
700 4183 774 4228 cum
796 4169 883 4231 idem
900 4172 1068 4238 lohannes
1124 4173 1217 4234 catus
1232 4169 1336 4232 nostrl
1351 4185 1439 4231 anno
1454 4170 1564 4231 tertio.

274 4269 412 4332 mortem
428 4265 534 4344 ipsius
548 4265 677 4327 abbatie
692 4265 1022 4344 itteritmachinatus,
1037 4274 1070 4335 et

273 4367 381 4429 dictus
394 4363 496 4426 abbas
511 4377 627 4424 secure
640 4379 705 4424 non
720 4364 850 4440 poterat
863 4366 976 4428 vivere
994 4385 1068 4431 cum
1446 4365 1596 4454 GCLVI

274 4463 401 4535 eodem,
417 4463 450 4524 et
462 4461 582 4523 iratres
594 4460 703 4523 scelus
716 4461 967 4537 committerent,
982 4467 1067 4543 quod
1223 4511 1275 4571 Ad
1302 4511 1498 4584 episcopum
1515 4512 1806 4572 Cenommmem

274 4561 463 4638 inpetrem
494 4558 666 4620 audaciter
691 4559 845 4622 uoluerat
864 4563 1066 4639 perpetrare.
1467 4630 1473 4642 ‚
1507 4631 1523 4642 Η
1809 4554 1817 4571 ’

276 4656 439 4728 Secundo,
457 4656 603 4734 quiaper
616 4657 688 4718 veri
697 4657 965 4736 suppressionem
975 4674 1069 4739 apos·
1413 4630 1447 4688 ¹³
1461 4630 1525 4704 ΝΜ
1545 4629 1623 4689 ¹²¹9·

272 4755 392 4818 tolicas
407 4769 506 4832 super
520 4752 708 4830 receptione
723 4771 782 4816 sua
807 4755 936 4818 litteras
956 4757 1066 4835 impe·
1154 4745 1381 4812 [angerannus
1394 4744 1598 4810 θνῑῦῑωῦῦ-
1615 4745 1888 4812 tenerenturne]
1985 4763 1986 4772 ¹

271 4852 384 4916 travit.
401 4853 482 4913 Cum
505 4851 594 4911 enim
617 4850 695 4915 dicti
711 4850 811 4914 abbas
836 4855 869 4916 et
887 4857 1067 4918 conuentus
1123 4853 1255 4927 indulget
1265 4853 1401 4925 episcopo
1413 4859 1506 4910 uttres
1514 4852 1670 4910 canonicos
1686 4865 1784 4910 secum
1796 4853 1915 4910 retinen

273 4951 381 5029 ipsum
401 4947 590 5011 monuerint
606 4949 641 5009 ut
655 4947 860 5012 satisfaceret
875 4951 915 5012 de
928 4967 987 5013 sue
1002 4969 1066 5014 ex.
1157 4943 1239 5000 elisii
1255 4939 1558 4999 nihilominusfrtlctun
1571 4941 1699 5014 integros
1710 4955 1825 4999 suatum
1843 4957 1913 5014 pre·

273 5065 370 5112 cessu
384 5049 418 5110 et
431 5047 659 5126 poenitentiam
675 5048 790 5122 ageret
802 5046 837 5107 in
853 5047 993 5126 quadam
1012 5065 1068 5112 ec-
1156 5029 1314 5089 b⁰¹¹d³fl¹¹²¹
1328 5029 1494 5103 percipiant.

273 5147 387 5218 alesia,
418 5145 505 5207 idem
532 5144 667 5205 obedire
695 5145 903 5222 contempsit,
932 5161 1068 5209 excom·
1161 5148 1341 5218 Honorius,
1359 5149 1435 5218 etc,
1461 5145 1645 5210 venerabili
1667 5145 1801 5210 fratri...
1825 5147 1913 5225 epis-

272 5244 459 5308 municatus
493 5241 642 5312 recessit,
680 5243 712 5303 et
745 5241 786 5303 ad
823 5243 981 5304 saeculum
1007 5245 1068 5308 'est
1121 5261 1204 5323 copo
1220 5247 1441 5307 cenomanen.

273 5357 442 5404 reuersus.
456 5339 578 5410 tertio,
593 5339 670 5416 quia
695 5355 769 5400 cum
788 5339 883 5401 bonas
898 5342 1066 5404 memoriae
1161 5342 1210 5405 Ad
1226 5358 1326 5404 aures
1337 5344 1468 5404 nostras
1480 5343 1513 5403 ta
1528 5341 1737 5418 significante
1753 5343 1911 5419 pervenit,

272 5442 312 5504 R.
337 5438 424 5501 tituli
443 5435 556 5501 Sancti
581 5437 740 5513 Stephani
766 5438 801 5498 in
823 5439 925 5500 coelio
956 5441 1066 5502 monte
1121 5440 1206 5518 quod
1222 5457 1296 5502 cum
1312 5439 1346 5500 in
1372 5440 1594 5501 cenomanen.
1611 5438 1753 5500 ecclesia
1775 5455 1914 5501 consue-

271 5536 443 5618 prashyter
471 5535 650 5596 cardinalis
680 5535 787 5614 ipsum
814 5537 1000 5598 iohannem
1025 5537 1066 5598 ad
1120 5543 1189 5602 tum
1216 5537 1317 5598 luerit
1337 5535 1379 5598 ab
1408 5534 1556 5612 antiquo,
1573 5537 1727 5613 utipsius
1748 5535 1913 5614 lociepis-

270 5639 398 5711 Augen.
415 5632 590 5696 ecclesiam
611 5631 744 5694 duxerit
763 5634 1065 5706 transmittendum,
1121 5652 1222 5712 copus
1237 5635 1277 5696 de
1292 5633 1463 5695 canonicis
1478 5633 1627 5710 ejusdem
1641 5633 1791 5695 ecclesiae
1804 5649 1912 5694 secum

271 5733 390 5796 abbate
410 5731 444 5792 et
468 5731 631 5796 conuentu
654 5730 800 5808 eJ'usdem
825 5733 975 5796 ecclesia
1001 5747 1066 5794 nou
1122 5735 1232 5812 posset
1244 5731 1379 5800 habere,
1396 5747 1436 5791 ac
1456 5746 1515 5808 pro
1529 5731 1635 5807 ipsius
1659 5732 1810 5792 ecclesiae
1834 5748 1911 5809 pro-
