4090 6316
329 334 387 394 159

327 489 567 570 providendum
581 487 616 550 in
628 483 864 550 ecclesiasticis
876 485 1128 549 beneflciisdic-

326 593 371 652 tis
383 588 515 652 clericis
525 587 722 650 auctoritate
734 584 925 662 apostolica
940 599 1006 647 non
1026 601 1128 662 coga-

208 681 213 691 '
327 689 387 750 ris.
418 688 536 748 Datum
572 685 727 748 Laterani
755 683 871 762 quinto
896 682 972 744 idus
1000 685 1125 757 martii,

327 801 416 852 anno
429 785 540 848 tertio.

697 889 758 978 ci.

473 1029 528 1088 Aa
537 1023 768 1101 praeposttum
788 1023 829 1085 oto
843 1025 981 1086 Setbotd.

614 1141 644 1198 ll
667 1143 749 1195 mart.
764 1135 842 1196 lile.

419 1248 576 1313 [Wartvein
589 1247 666 1299 Dima.
679 1244 837 1310 lloguntina,
854 1243 899 1296 lib.
911 1243 955 1302 lll,
967 1241 1034 1308 ioh]

327 1349 371 1408 llll
383 1348 534 1406 ecclesiam
549 1346 585 1403 dc
597 1343 700 1403 Grinda
717 1343 912 1418 praepositura
921 1341 984 1416 ejus
995 1341 1082 1400 libare
1099 1341 1126 1399 in

363 1443 552 1510 augmentum
569 1433 787 1508 prebendarum
806 1433 955 1490 collectam
971 1431 1007 1490 ab
1022 1421 1125 1490 Fre'de·

363 1527 423 1583 rico
438 1539 507 1598 rege
523 1524 667 1592 collatam,
683 1521 843 1580 confirmat.

368 1634 548 1705 Honorius,
562 1633 637 1704 etc,
663 1632 782 1694 dilecto
806 1630 876 1692 illio
894 1627 1072 1708 praeposito
1087 1627 1127 1690 de

328 1731 474 1804 Selbold,
490 1729 633 1791 salutem
661 1731 695 1790 et
722 1729 938 1814 apostolicam
970 1725 1129 1788 benedic-

327 1830 463 1891 tionem.

366 1925 471 1988 Justis
497 1926 681 2002 petentium
709 1923 883 1986 desideriis
901 1923 1049 2006 'dignum
1076 1924 1128 1986 est

328 2041 390 2086 nos
401 2023 531 2085 facilem
548 2022 695 2100 praebere
708 2038 904 2084 consensum
918 2023 951 2083 et
962 2023 1039 2084 vota
1053 2037 1126 2099 quae

294 2105 297 2121 ’
326 2137 346 2183 a
369 2121 509 2184 rationis
530 2121 663 2183 tramite
685 2137 752 2182 non
775 2120 977 2194 discordant,
1005 2121 1123 2182 effectu

325 2220 545 2298 prosequente
569 2218 746 2296 complere.
772 2221 818 2279 Ea
839 2219 982 2296 propter,
1006 2217 1125 2280 dilecte

326 2317 362 2378 in
383 2317 523 2378 Domino
548 2315 606 2388 dli,
641 2315 707 2378 tuis
724 2316 824 2393 Justis
847 2315 1125 2393 postulationihus

327 2416 422 2490 grato
450 2413 685 2476 concurrentes
709 2430 858 2485 assensn,
889 2413 1064 2475 ecclesiam
1084 2413 1125 2475 de

326 2511 453 2572 Grinda
474 2511 706 2572 acharissimo
721 2511 756 2571 in
772 2509 902 2572 Christo
918 2511 986 2572 illio
1002 2512 1126 2574 Frede-

325 2610 395 2670 rico
406 2609 530 2670 illustri
545 2624 623 2684 rege
638 2608 761 2670 Siciliae
774 2608 809 2668 in
823 2611 1047 2670 Romanorum
1062 2610 1126 2670 im-

321 2708 510 2786 peratorem
524 2707 628 2768 electo
641 2721 681 2766 ac
696 2705 881 2768 venerabili
896 2705 999 2768 fratre
1009 2709 1124 2770 nostro

322 2805 517 2882 Moguntino
533 2803 784 2882 archiepiscopo
799 2803 852 2864 sui
865 2803 1006 2882 capituli
1027 2821 1125 2866 acce-

322 2903 420 2964 dente
435 2917 610 2974 consensu‚
628 2902 694 2962 tuae
718 2901 948 2978 praepositurae
970 2901 1074 2963 libere
1089 2903 1123 2962 in

322 3002 535 3077 augmentum
563 2997 816 3076 prebendarum
838 2999 1011 3072 collatam,
1038 2999 1124 3061 siunt

321 3113 396 3160 eam
413 3100 503 3174 juste
523 3096 670 3174 possides
696 3097 730 3159 et
748 3097 869 3174 quiete,
884 3096 945 3158 tibi
961 3113 1003 3158 ac
1017 3113 1076 3174 ρει
1091 3099 1123 3159 te

322 3196 386 3272 ipsi
404 3193 630 3272 praepositura
643 3195 1037 3272 auctoritatehpostolica
1049 3211 1123 3256 cou-

323 3293 493 3353 ilrmamus
529 3293 562 3354 et
587 3292 760 3368 praesentis
790 3291 904 3368 scripti
937 3292 1121 3368 patrocinio

322 3390 575 3452 communimus.
592 3389 684 3449 Nulli
700 3403 778 3462 ergo
794 3389 929 3449 omnino
950 3388 1121 3449 hominnm

323 3488 423 3549 liceat
446 3487 532 3548 hanc
548 3487 703 3563 paginam
717 3486 840 3547 nostrae
861 3485 1121 3550 confirmationis

323 3586 506 3660 intringere
520 3584 573 3646 vel
588 3583 618 3645 ei
635 3599 718 3645 ausu
739 3583 917 3644 temerario
942 3583 1118 3645 contraire.

324 3683 359 3744 Si
375 3683 449 3760 quis
464 3682 575 3743 autem
600 3681 663 3742 hoc
681 3682 845 3744 attentare
861 3681 1117 3757 presumpserit,

322 3781 584 3854 indignationem
598 3779 897 3856 omnipotentisbei
906 3777 1119 3841 etbeatorum

322 3879 413 3940 Petri
437 3879 470 3940 et
493 3876 589 3938 Pauli
612 3877 838 3954 apostolorum
857 3879 930 3954 ejus
952 3891 988 3938 se
1012 3893 1119 3938 nove-

322 3977 366 4038 rit
395 3975 617 4037 incursurum.
655 3975 772 4036 Datum
802 3975 958 4036 Laterani
982 3977 1012 4035 ll
1044 3974 1119 4036 idus

322 4073 446 4146 martii,
463 4071 674 4150 pontificatus
691 4072 794 4133 nostri
809 4087 897 4132 anno
915 4070 1023 4133 tertio.

682 4239 764 4326 dli

341 4378 394 4438 Ad
420 4379 628 4450 episcopum,
645 4375 813 4436 decultum
834 4375 868 4436 at
888 4376 1099 4450 moptstrum

387 4476 581 4535 Athertcum
595 4475 798 4533 corcoriacum
816 4473 1056 4534 carnotenses.

602 4585 635 4642 lt
655 4593 737 4643 mart.
761 4585 839 4644 lile.

338 4691 456 4753 [liegesl.,
474 4689 519 4742 lib.
534 4691 576 4748 lll,
591 4691 664 4755 epist.
680 4691 736 4742 329.
748 4693 803 4743 llss.
815 4693 850 4743 La
866 4693 943 4743 Porta
960 4691 993 4743 du
1006 4693 1101 4760 Thell]

320 4795 438 4856 blandat
455 4803 487 4853 ut
506 4793 613 4853 iaciant
627 4796 746 4855 firmiter
765 4798 911 4856 observari
924 4799 1069 4860 decretum
1083 4801 1118 4860 ab

357 4887 390 4944 Α.
418 4885 566 4958 capellano
592 4885 734 4957 pontilicis
747 4887 836 4945 latum
854 4904 940 4962 super
955 4891 1119 4964 receptione

357 4973 521 5048 presbyteri
547 4977 710 5046 praesentati
732 4973 768 5032 ad
787 4977 938 5035 ecelesiam
966 4988 1117 5038 vacantem

356 5065 386 5121 in
401 5063 518 5121 dioecesi
529 5063 751 5121 Cenomanensi.

361 5171 538 5244 Honorino,
565 5171 639 5242 etc,
667 5171 850 5232 venerabili
867 5171 998 5236 tratri...
1022 5178 1116 5254 epis-

320 5286 402 5348 copo
424 5272 457 5331 et
471 5269 601 5332 dilectis
621 5267 736 5329 liliis...
754 5269 891 5342 decano,
908 5274 941 5334 et
957 5277 1117 5351 magistro

320 5368 474 5431 alberico
489 5367 650 5429 canonico
666 5367 843 5429 carnoten.
895 5437 898 5443 ¹

369 5467 514 5528 Dilectus
525 5467 650 5526 lilius...
668 5470 706 5526 A.
718 5451 953 5540 subdiaconus,
963 5469 997 5529 et
1010 5471 1117 5546 capel·

320 5567 417 5627 lanus
443 5565 565 5635 noster,
585 5564 739 5639 exposuit
763 5577 875 5625 coram
900 5563 1006 5636 nobis,
1029 5568 1115 5642 quod

320 5679 393 5726 cum
425 5660 609 5723 venerabili
638 5659 734 5723 fratri
761 5663 874 5724 nostro
900 5663 1055 5740 episcopo
1085 5669 1115 5726 et

947 327 1122 390 HONORll
1145 328 1189 388 111
1212 329 1360 391 ordhn.

1922 333 1977 393 luo

1182 487 1976 568 bartholomeopraeshyterocenomanen...apud

1183 587 1300 648 Sedem
1310 587 1534 664 apostolicam
1544 589 1731 652 constitutis
1742 605 1762 650 a
1775 590 1869 652 nobis
1878 591 1978 650 luerit

1182 684 1277 746 datus
1292 685 1434 759 auditor,
1447 685 1534 748 idem
1547 687 1730 765 praesbyter
1742 688 1915 764 proposuit
1927 705 1977 749 co-

1181 797 1254 844 ram
1278 797 1329 854 eo,
1353 784 1530 860 quodcum
1552 785 1593 846 ad
1609 788 1782 848 vacantem
1801 786 1978 848 ecclesiam

1183 881 1979 957 SanctiRigomerideBoscoGenomanen.dioece

1183 977 1229 1038 sis
1243 977 1359 1040 luisset
1372 978 1413 1040 ab
1429 979 1547 1042 abbate
1561 980 1594 1041 et
1609 983 1773 1043 conventu
1787 982 1828 1042 de
1843 982 1979 1042 Cultura

1182 1077 1416 1149 cenomanen,
1428 1077 1484 1153 qui
1493 1081 1549 1154 jus
1564 1077 1648 1140 inea
1661 1077 1810 1140 obtinent
1821 1082 1980 1156 patrona·

1181 1176 1247 1246 tus,
1257 1175 1395 1251 praelato
1410 1176 1566 1252 episcopo
1586 1191 1645 1252 per
1657 1175 1785 1238 litteras
1796 1179 1979 1252 praesonu-

1182 1274 1246 1346 tus,
1256 1272 1343 1333 idem
1356 1271 1531 1350 episcopus
1545 1273 1652 1350 ipsum
1664 1274 1706 1335 ad
1719 1289 1791 1336 eam
1805 1275 1979 1336 admittere

1182 1385 1242 1445 pro
1259 1387 1329 1432 snae
1349 1371 1529 1432 voluntatis
1552 1371 1692 1432 arbitrio
1715 1373 1895 1444 recusavit,
1913 1375 1974 1434 ad-

1178 1467 1299 1544 jiciens
1325 1467 1411 1544 quod
1436 1467 1538 1530 abbas
1565 1469 1598 1530 et
1619 1471 1801 1532 conventus
1823 1471 1977 1547 praedicti

1183 1580 1244 1642 per
1266 1581 1345 1626 suas
1371 1565 1467 1626 nobis
1485 1566 1613 1628 litteras
1633 1566 1830 1631 intimarunt
1853 1583 1892 1630 se
1914 1570 1978 1646 ipsi

1182 1663 1375 1741 presbytero
1395 1663 1565 1740 praesatam
1584 1664 1761 1726 ecclesiam
1783 1667 1977 1728 contulisse.

1183 1760 1276 1822 Unde
1294 1775 1369 1821 cum
1381 1775 1424 1822 ex
1439 1761 1509 1822 sola
1527 1763 1784 1838 praesentatione
1798 1763 1978 1838 praedicto-

1181 1871 1254 1920 rum
1277 1856 1407 1919 abbatis
1430 1860 1463 1920 et
1481 1861 1731 1935 conventusy'us
1755 1861 1786 1920 ei
1810 1859 1865 1932 sit,
1894 1861 1978 1922 sicut

1181 1955 1313 2028 asserit,
1325 1957 1423 2032 juxta
1448 1955 1638 2018 sanctiones
1657 1957 1837 2018 canonicas
1863 1959 1981 2034 acqui-

1181 2053 1292 2124 situm,
1309 2053 1351 2113 ad
1366 2053 1589 2130 receptionem
1605 2070 1698 2114 suam
1712 2054 1786 2130 cogi
1803 2055 1978 2132 praelatum

1181 2151 1371 2228 episcopum
1386 2152 1576 2228 postulavit.
1592 2151 1668 2214 ruit
1680 2153 1791 2214 autem
1801 2151 1843 2214 ad
1856 2153 1929 2214 haec
1939 2153 1979 2213 ab

1181 2249 1287 2326 ipsius
1297 2249 1445 2326 episcopi
1454 2249 1670 2325 procuratore
1680 2265 1877 2326 responsum
1893 2251 1977 2327 quad

1180 2346 1268 2409 idem
1282 2347 1458 2423 episcopus
1479 2361 1539 2423 per
1559 2346 1716 2408 dilectum
1730 2347 1837 2408 lilium
1852 2349 1979 2424 magis-

1180 2447 1268 2509 trum
1292 2447 1331 2508 R.
1356 2443 1595 2506 subdiaconum
1615 2445 1649 2506 et
1670 2445 1882 2522 capellanum
1901 2461 1978 2504 nos-

1178 2547 1278 2615 trum,
1297 2557 1424 2620 quema
1438 2541 1532 2602 nobis
1544 2541 1732 2603 obtinuerat
1740 2542 1827 2604 idem
1839 2541 1979 2619 presby-

1179 2640 1230 2700 ter
1243 2636 1439 2708 auditorem,
1450 2635 1491 2697 ab
1506 2636 1739 2713 impetratione
1751 2637 1859 2714 ipsius
1869 2636 1978 2698 extitit

1179 2735 1362 2806 absolutus,
1377 2735 1574 2810 adjungens,
1587 2733 1672 2812 quod
1685 2749 1752 2796 non
1767 2735 1877 2796 luerat
1891 2735 1977 2794 idem

1179 2833 1388 2910 presbyter...
1405 2831 1695 2909 archipresbytero
1718 2833 1787 2894 et...
1804 2832 1977 2892 archidia-

1183 2946 1267 2992 cono
1296 2933 1520 2992 Cenomanen.
1543 2929 1724 2990 secundum
1751 2931 1976 2990 cenomanen.

1179 3029 1329 3091 ecclesiae
1338 3027 1610 3090 consuetudinem
1620 3029 1840 3103 praesentatus
1851 3049 1860 3102 ;
1873 3044 1978 3104 quum

1178 3127 1220 3188 ad
1243 3141 1299 3188 eos
1321 3127 1409 3188 esset
1429 3125 1642 3202 praesentatio
1662 3124 1906 3200 praemittenda,
1922 3125 1977 3201 qui

1178 3223 1369 3302 presentati
1384 3239 1560 3300 personam
1574 3221 1778 3294 examinant,
1795 3223 1827 3283 et
1846 3221 1979 3283 exami-

1178 3323 1292 3381 natum
1327 3320 1483 3398 episcopo
1518 3321 1771 3396 repraesentant,
1814 3319 1977 3396 objiciens

1177 3417 1327 3495 quaedam
1359 3419 1622 3480 contradictum
1651 3417 1894 3496 presbyterum,
1918 3433 1978 3495 par

1176 3532 1249 3592 quae
1265 3515 1358 3576 illum
1383 3517 1544 3594 repellere
1564 3516 1742 3578 nitebatur.
1760 3516 1808 3577 Ad
1824 3517 1898 3577 haec
1915 3517 1975 3576 snit

1176 3629 1219 3673 ex
1242 3615 1336 3690 parte
1361 3615 1534 3676 memorati
1558 3615 1743 3692 presbyteri
1760 3613 1972 3690 replicatum,

1175 3711 1262 3787 quod
1286 3727 1306 3772 a
1328 3712 1486 3788 praedicto
1515 3713 1674 3786 magistro
1701 3715 1739 3774 R.
1762 3727 1971 3788 nequaquam

1175 3807 1284 3872 luerat
1300 3810 1335 3870 in
1351 3810 1455 3886 ipsius
1470 3825 1570 3871 causa
1586 3825 1779 3886 processum
1794 3825 1854 3885 pro
1869 3825 1910 3870 eo
1923 3810 1975 3868 vi-

1174 3905 1295 3970 delicet
1318 3908 1403 3985 quod
1423 3908 1494 3984 ipse
1513 3907 1782 3983 praesentationis
1797 3922 1866 3966 sum
1882 3904 1976 3968 litte-

1175 4019 1230 4065 ras
1259 4007 1378 4068 missas
1404 4005 1578 4081 episcope,
1602 4005 1659 4080 qui
1684 4005 1763 4065 tunc
1785 4006 1856 4065 erat
1886 4002 1972 4080 apud

1176 4101 1293 4164 Sedena
1303 4103 1537 4179 Apostolicam,
1547 4117 1611 4162 non
1622 4099 1774 4172 habebat,
1787 4101 1971 4162 destinatas

1174 4200 1215 4260 ad
1244 4215 1306 4260 nos
1329 4199 1458 4261 litteras
1484 4199 1639 4260 sulficere
1663 4199 1728 4260 sibi
1751 4198 1901 4260 credens
1933 4201 1972 4260 Et

1174 4296 1252 4358 licet
1266 4296 1472 4374 postmodum
1486 4297 1613 4359 litteras
1626 4312 1727 4373 super
1742 4295 1805 4357 hoc
1818 4295 1973 4357 habuerit

1174 4394 1215 4454 ad
1231 4395 1382 4455 eumdem
1402 4395 1593 4472 episcopum
1608 4394 1650 4454 ad
1669 4394 1734 4455 hoc
1748 4393 1834 4470 apud
1855 4394 1971 4454 Sedem

1173 4491 1396 4568 apostolicam
1423 4492 1639 4554 constitutum
1672 4491 1760 4553 idem
1786 4492 1898 4552 tamen
1922 4492 1973 4568 ip-

1174 4604 1246 4648 sum
1264 4606 1322 4666 pro
1342 4605 1411 4650 suae
1427 4590 1606 4651 voluntatis
1627 4589 1765 4652 arbitrio
1782 4603 1846 4650 non
1862 4589 1973 4650 admi·

1174 4687 1227 4748 sit.
1244 4689 1524 4750 Consuetudinem
1547 4702 1625 4748 vero
1641 4687 1833 4764 praedictam
1849 4701 1923 4748 esse
1939 4687 1971 4746 in

1174 4787 1397 4847 cenomanen.
1414 4785 1555 4847 ecclesia
1566 4800 1602 4846 se
1616 4785 1773 4860 ignorare
1788 4783 1969 4860 respondit.

1174 4883 1465 4960 praesentationem
1479 4882 1666 4944 faciendam
1682 4882 1836 4959 episcopo
1853 4897 1972 4942 secun-

1173 4980 1250 5041 dum
1260 4983 1315 5057 jus
1330 4981 1527 5042 canonicum
1543 4995 1751 5051 asseverans,
1774 4995 1834 5042 nec
1850 4995 1969 5040 neces-

1173 5079 1298 5140 sarium
1312 5079 1464 5140 extitisse
1479 5077 1588 5155 ipsum
1607 5077 1699 5154 prius
1712 5075 1899 5164 examinari
1914 5092 1971 5154 per

1172 5175 1497 5254 archipresbyterum
1513 5178 1546 5237 et
1563 5174 1837 5237 archidiaconum
1859 5189 1971 5251 supra·

1172 5273 1289 5344 dictos,
1316 5289 1391 5335 aum
1418 5287 1522 5350 usque
1548 5272 1630 5334 adeo
1655 5273 1699 5335 sit
1728 5271 1883 5349 episcopo
1908 5271 1969 5349 ipsi

1172 5373 1283 5444 notus,
1311 5371 1398 5448 quod
1437 5371 1521 5448 ipse,
1547 5370 1634 5448 qnod
1660 5369 1692 5430 ei
1719 5369 1820 5447 objici
1848 5370 1967 5430 valeat.

1171 5471 1269 5546 plene
1296 5469 1381 5531 sciat
1404 5469 1489 5531 etei
1511 5468 1597 5547 quod
1618 5466 1725 5530 voluit
1745 5469 1816 5544 jam
1838 5465 1967 5542 objecit.

1174 5568 1266 5632 Unde
1277 5565 1319 5628 ad
1331 5567 1483 5630 ultimum
1503 5564 1717 5642 supplicavit,
1734 5564 1821 5626 utde
1834 5564 1966 5624 miseri-

1172 5666 1284 5728 cordia
1310 5665 1561 5742 provideremus
1580 5663 1704 5736 eidem,
1726 5677 1768 5722 ne
1796 5661 1968 5722 occasione
