4066 6290
143 238 213 300 781
755 295 758 304 ‚
776 239 1003 300 EPISTOLAE.
1029 243 1115 316 Lln„
1130 245 1168 315 V.
1731 250 1792 312 782

138 388 346 468 siscipimus
359 413 366 454 :
379 392 570 472 specialiter
581 395 691 458 autom
712 398 888 460 ecclesiam
903 399 943 460 de

135 487 330 550 dlauardoi
355 505 429 550 curn
455 491 667 566 pertinentiis
694 493 774 566 suis,
800 494 895 555 vobis
922 511 942 556 a

1037 404 1105 478 Ego
1121 403 1308 480 Stephanus
1323 409 1355 468 S.
1367 407 1505 470 Adriani
1521 409 1605 472 diac.
1619 411 1708 472 card.

1036 501 1154 561 Datum
1170 503 1326 564 Laterani
1336 521 1396 581 per
1407 521 1543 568 manum
1555 507 1655 570 Urilli
1666 508 1790 570 sanctae

127 586 329 648 venerabili
354 585 457 650 fratre
490 589 604 650 nostro
630 590 786 668 episcopo
811 592 943 654 Frisin-
997 599 1153 660 Romanae
1169 599 1326 662 Ecclesiae
1339 603 1791 679 vicecancellarii,Vkaleu·

127 685 250 758 gensi,
279 683 320 746 de
343 686 480 762 capituli
504 687 555 748 sui
583 703 748 749 consensu
772 689 939 761 collatam,
996 695 1056 756 das
1095 697 1186 769 maii,
1214 697 1397 760 indictione
1426 703 1480 773 IV,
1506 704 1673 763 incarnat.
1696 705 1788 764 Dcm.

128 781 230 844 sicut
249 797 323 844 earn
335 784 424 860 Juste
437 799 477 846 ac
490 784 629 862 pacifice
641 785 830 862 possidetis,
843 787 938 848 vohis
996 793 1166 865 MCCXXI,
1190 794 1401 870 pontificatus
1422 798 1548 859 domini
1573 799 1713 862 Honorii
1731 815 1791 876 pa-

128 877 174 938 et
196 894 257 956 per
279 895 339 942 vos
369 880 486 954 eidem,
513 883 716 944 monasterio
742 883 941 946 auctoritate
995 905 1045 965 pae
1061 892 1106 952 ΙΙΙ
1121 905 1210 952 anno
1231 891 1357 968 quinto.

128 975 333 1052 Apostolica
349 978 584 1040 confirmamus
594 982 626 1041 et
635 981 810 1056 praesentis
826 980 939 1057 scripti

130 1073 329 1149 patrocinio
342 1076 596 1138 communimus.
609 1077 702 1138 Nulli
715 1093 794 1154 ergo
806 1077 939 1140 omnino

131 1169 315 1234 hominum
331 1173 432 1236 liceat
450 1173 537 1236 hanc
550 1175 706 1251 paginam
724 1176 846 1237 nostrae
862 1191 940 1252 pro-

130 1266 297 1330 tectionis
313 1269 346 1330 et
362 1271 624 1332 confirmationis
642 1271 826 1347 intringere
841 1271 893 1333 vel
908 1272 938 1332 ei

130 1379 228 1426 ausu
251 1366 431 1429 temerario
458 1369 635 1432 contraire.
665 1369 700 1430 Si
729 1369 803 1446 quis
829 1369 938 1430 autem

131 1461 204 1524 hoc
218 1464 385 1553 attentare
398 1466 657 1544 praesumpserit,
678 1465 938 1542 indignationem

129 1561 379 1638 omnipotentis
392 1563 452 1624 Dei
467 1565 500 1626 et
511 1563 681 1626 beatorum
693 1563 783 1625 Petri
798 1567 830 1626 el
842 1564 938 1624 Pauli

130 1659 368 1734 apostolorum
397 1662 470 1738 ejus
492 1676 528 1724 se
556 1662 688 1724 noverit
711 1661 935 1722 incursurum.

179 1758 301 1818 Datum
320 1757 488 1832 Laterani,
504 1759 678 1820 Vkalend.
698 1759 789 1829 maii,
804 1759 938 1835 pontid.-

1285 1081 1500 1169 cccxlvi

994 1221 1046 1279 Ad
1070 1221 1279 1296 meconem
1297 1223 1332 1283 ct
1349 1225 1483 1298 fratrea
1501 1228 1633 1287 ordinis
1647 1229 1788 1288 Praedl·

1305 1321 1474 1382 catorum.

1275 1441 1310 1500 28
1327 1444 1407 1516 april.
1426 1445 1504 1502 liti.

1133 1546 1227 1611 [Gallia
1241 1546 1394 1609 Christiana,
1406 1549 1473 1608 Xlll,
1491 1547 1564 1599 instr.
1581 1551 1646 1614 rie]

993 1652 1113 1710 bonolio
1136 1654 1269 1711 Falconis
1292 1655 1422 1728 episcopi
1449 1657 1582 1714 'tolosani
1610 1658 1640 1714 in
1664 1657 1788 1730 gretiam

1222 1743 1349 1800 Pruliani
1362 1744 1556 1803 confirmatur.

131 1854 235 1916 catus
249 1856 354 1916 nostri
368 1873 457 1918 anno
471 1857 596 1934 quinte.

444 2052 639 2139 CCCXLV

169 2193 224 2252 Ad
249 2193 451 2255 Matbildom
475 2195 683 2256 abbatissam
712 2195 917 2256 monosterii

1031 1858 1785 1938 Honoriusepiscopnsservasservormnbei‚

992 1957 1120 2020 dilectis
1147 1957 1226 2018 liliis
1248 1959 1407 2032 magistro
1429 1961 1462 2022 et
1482 1959 1641 2021 iratribus
1661 1961 1788 2022 ordinis

991 2055 1257 2132 predicatorum,
1283 2055 1423 2117 salutem
1446 2056 1478 2118 et
1499 2059 1715 2134 apostolicam
1728 2059 1788 2119 he-

990 2152 1222 2216 nedictionern.
1260 2171 1262 2178 ’

371 2292 490 2352 Sancta.
515 2292 702 2353 Anastasia..
1030 2251 1108 2311 Cum
1135 2265 1154 2312 a
1175 2251 1271 2314 nobis
1291 2252 1413 2328 petitur
1434 2253 1519 2330 quod
1536 2255 1663 2331 justum
1686 2255 1785 2317 estet

522 2413 548 2426 Η
991 2349 1174 2420 honestum,
1195 2351 1263 2410 tarn
1283 2351 1380 2426 rigor
1401 2350 1566 2428 aequitatis
1587 2367 1684 2429 quarn
1705 2353 1786 2413 ordo

419 2415 453 2471 ²⁷
468 2413 658 2486 ⁰¹³f1¹¹⁸¹²²b
990 2445 1094 2522 ougo
1110 2446 1261 2519 rationis,
1279 2448 1315 2512 ut
1329 2447 1362 2507 n
1382 2463 1441 2524 per
1460 2447 1718 2510 sollicitudinem
1733 2449 1785 2510 os-

208 2526 383 2591 [nuemburp
399 2529 463 2578 ¹¹³³&
478 2527 779 2592 0⁰⁰¹·d⁵1³¹·⁰³d⁶¹¹f³¹³·2
794 2528 861 2594 ⁷5⁴]
991 2543 1058 2605 dcii
1071 2545 1177 2605 nostri
1193 2543 1234 2606 ad
1248 2543 1393 2606 debitum
1407 2547 1608 2622 perducatur
1620 2546 1784 2608 ellectum.

130 2634 643 2694 confirmanturmonaatcrioSancti
659 2635 813 2703 anastasii,
828 2635 891 2710 jura
907 2643 935 2694 et
990 2643 1183 2719 Eapropter,
1210 2641 1321 2704 dilecti
1346 2643 1381 2703 in
1405 2645 1544 2705 Domino
1568 2644 1639 2714 filii,
1664 2645 1787 2704 vestris

258 2723 409 2797 privilegia
425 2724 461 2781 ab
480 2725 648 2782 innocentio
667 2739 816 2787 ⁰⁰¹1⁰0⁸S³2
986 2739 1086 2816 Justis
1106 2739 1262 2816 precibus
1282 2739 1446 2812 inclinati,
1463 2740 1639 2822 ecclesiam
1656 2742 1785 2803 Sanctae

173 2841 538 2923 Honoriusepiscopus,
549 2857 665 2903 servus
675 2857 846 2904 serrorum
856 2842 927 2912 Dei,
989 2837 1104 2897 Mariae
1128 2837 1329 2910 Fani-lovis
1354 2855 1428 2898 curn
1453 2837 1605 2899 omnibns
1621 2839 1785 2915 pertinen·

71 2938 76 2945 '
131 2939 267 3000 dilectis
283 2938 319 2999 in
340 2939 470 3000 Christo
486 2938 619 2999 filiabus
640 2939 810 3001 Mathildae
826 2939 932 3000 abba·
988 2935 1045 2996 tiis
1072 2936 1153 3007 suis,
1188 2951 1287 3013 quam
1312 2935 1513 2997 venerabilis
1539 2935 1643 2998 frater
1670 2941 1785 3000 noster

130 3037 225 3098 tissae
255 3035 451 3098 monasterii
479 3039 670 3098 sanctorum
695 3037 865 3098 Anastasii
902 3037 935 3098 et
989 3033 1164 3110 episcopus
1182 3031 1367 3094 Tolosanus
1386 3032 1440 3109 pia
1456 3033 1551 3094 robis
1582 3032 1784 3098 liberalitate

133 3134 323 3196 Innocentii
370 3134 405 3194 in
445 3133 649 3195 (laudensem
697 3134 934 3212 sororibusque
989 3128 1794 3208 donavit,siouteamjusteetpaoiiicepossidetis,¹

131 3231 339 3308 regulariter
359 3231 563 3294 sustinendis
589 3232 624 3293 in
648 3233 842 3309 perpetuam
864 3247 935 3292 me·
989 3227 1185 3289 auctoritate
1204 3227 1298 3289 vobis
1324 3228 1515 3304 Apostolica
1536 3227 1781 3302 confirmamus,

132 3328 277 3391 moriam
294 3327 352 3408 (1).
988 3326 1022 3386 et
1042 3325 1217 3402 praesentis
1247 3324 1361 3402 scripti
1383 3325 1568 3402 patrocinio
1593 3327 1781 3388 communi-

175 3429 244 3504 Ego
267 3426 437 3488 Honorius
466 3425 639 3490 catholicae
668 3427 818 3490 ecclesiae
843 3427 933 3505 epis·
988 3439 1073 3484 mus.
1088 3423 1179 3484 Nulli
1193 3439 1271 3499 ergo
1289 3423 1459 3484 hominum
1473 3423 1574 3486 liceat
1587 3425 1673 3486 hanc
1688 3424 1784 3501 pagi-

132 3541 251 3602 copus.
988 3536 1065 3581 nam
1089 3521 1211 3582 nostrae
1234 3520 1497 3584 confirmationis
1512 3522 1708 3599 infringere,
1729 3523 1782 3584 vel

173 3625 244 3698 Ego
259 3624 355 3698 Hugo
375 3623 538 3685 Ostiensis
553 3623 585 3686 et
599 3623 823 3686 vercellensis
838 3623 931 3700 epis·
988 3617 1018 3679 ei
1033 3633 1118 3678 ausu
1134 3618 1313 3680 temerario
1335 3619 1514 3681 contraire.
1533 3621 1567 3681 Si
1584 3621 1657 3698 quis
1673 3622 1782 3682 autern

130 3734 248 3797 copus.
987 3714 1050 3778 lroc
1067 3714 1230 3777 attentare
1244 3716 1503 3793 praesumpserit,
1519 3717 1780 3793 indignationem

173 3819 243 3894 Ego
270 3817 472 3878 Franciscus
495 3815 655 3878 Nicolaus
674 3817 931 3880 Tusculanensis
986 3811 1221 3889 omnipotentis
1235 3813 1293 3874 Dei
1307 3814 1339 3874 et
1349 3813 1521 3875 beatorum
1536 3815 1627 3875 Petri
1641 3815 1673 3876 et
1686 3814 1781 3874 Pauli

131 3915 322 3991 episcopus.
377 3921 381 3928 “
986 3909 1210 3987 apostolorum
1226 3914 1297 3988 ejus
1314 3927 1349 3972 se
1367 3912 1497 3973 noverit
1517 3913 1741 3973 incursurum.

113 4051 114 4054 =
172 4013 241 4087 Ege
265 4010 509 4073 Alebrandinus
530 4011 725 4073 sabinensis
742 4011 928 4089 episcopus.
1026 4008 1142 4069 Datum
1161 4007 1329 4081 Laterani,
1351 4008 1569 4070 IVkalendas
1585 4010 1677 4082 maii,
1698 4025 1782 4088 pon-

133 4127 136 4133 ·
172 4111 240 4186 Ego
272 4112 339 4170 Leo
369 4109 499 4172 Sanctae
527 4109 642 4172 Crucis
676 4111 712 4170 in
743 4110 930 4173 Jerusalem

132 4207 307 4285 presbyter
321 4207 512 4268 cardinalis.

70 4319 91 4348 =·
117 4378 123 4388 ¹
172 4307 240 4381 Ego
251 4305 353 4366 Buele
367 4304 479 4368 Sancti
490 4306 625 4366 Martini
641 4305 749 4382 presb.
767 4305 927 4367 cardinal.

122 4383 286 4472 ‘ecclesiae
301 4402 435 4480 Equitii.

172 4502 241 4576 Ego
268 4499 411 4564 Thomas
429 4499 580 4562 ecclesiae
607 4499 799 4562 sabinensis
819 4499 927 4578 presb.

132 4598 224 4658 card.

172 4697 240 4772 Ego
273 4693 379 4756 (luido
413 4695 526 4757 Sancti
554 4695 685 4758 Nicolai
723 4696 758 4756 in
794 4713 928 4758 carcere

131 4792 286 4854 Tulliano
303 4793 463 4855 diaconus
479 4790 569 4854 card.

80 4891 83 4897 '
170 4891 238 4966 Ego
251 4889 325 4952 Otto
341 4891 530 4954 sanctorum
542 4889 650 4966 Sergii
661 4890 694 4952 et
706 4891 924 4953 Bacchidiac.

131 4987 224 5049 card.

171 5087 240 5161 Ego
276 5085 441 5146 Rainerus
473 5085 506 5146 S.
541 5085 657 5150 Mariae
679 5085 714 5145 in
739 5085 925 5147 cosmedin.

131 5181 217 5244 diac.
228 5182 319 5243 card.

169 5282 238 5356 Ego
260 5282 432 5341 Romanus
446 5281 479 5341 S.
497 5279 616 5355 Angeli
630 5279 715 5342 diac.
731 5281 820 5341 card.

166 5428 207 5514 (Ι)
219 5432 261 5488 Dc
281 5429 369 5488 verbo
391 5429 563 5488 adverbum
586 5432 766 5504 privilegium
786 5432 821 5490 ab
838 5435 924 5490 Inno-

984 4104 1129 4168 tidcatus
1144 4105 1250 4168 nostri
1265 4119 1351 4167 anuo
1368 4105 1492 4184 quinto.

1264 4295 1501 4383 GGGXLVII
1617 4305 1619 4310 ’

1126 4439 1179 4498 Ao
1192 4439 1375 4511 capitulum
1391 4438 1634 4514 Tricesimum.

1267 4559 1302 4618 28
1316 4559 1397 4631 april.
1412 4560 1493 4616 liii.

1015 4673 1146 4738 [Theinen
1158 4675 1214 4726 Vct.
1226 4673 1294 4723 bion.
1305 4673 1436 4725 slavorum
1450 4674 1550 4734 merid,
1564 4689 1589 4738 p.
1601 4675 1640 4733 72,
1652 4689 1677 4726 n.
1690 4673 1742 4738 BL]

983 4779 1102 4852 Capituli
1122 4780 1275 4852 'l'rigestini
1298 4787 1434 4839 statutum
1449 4780 1485 4838 de
1500 4783 1583 4840 lertio
1602 4781 1713 4840 decimo
1728 4796 1775 4840 ca·

1124 4871 1293 4926 noricorum
1311 4885 1429 4928 numero
1441 4871 1635 4928 confirmatur.

1023 4986 1190 5048 Honorius
1203 4988 1388 5064 episcopus,
1399 5003 1514 5050 servus
1523 5003 1694 5048 serrorum
1705 4987 1776 5060 Dei,

983 5084 1112 5145 dilectis
1128 5084 1206 5145 liliis
1226 5086 1370 5162 capitulo
1390 5085 1576 5161 Trigestino
1592 5084 1779 5147 salutemet

862 5229 864 5232 .
983 5181 1483 5259 apostolicambenedictionem.

1023 5280 1103 5339 Cum
1114 5293 1132 5339 a
1142 5279 1477 5356 nobispetitur,etc...
1491 5280 1683 5356 Eapropter,
1699 5281 1777 5353 etc,

983 5428 1186 5500 cardinalium3
1210 5444 1244 5487 ac
1268 5427 1385 5501 proinde
1410 5430 1483 5486 inter
1506 5444 1593 5501 opera
1618 5431 1778 5490 innocentii

129 5508 225 5559 centro
242 5503 292 5571 ΙΙΙ,
312 5500 524 5574 predecessore
543 5517 606 5571 auo,
627 5517 797 5560 concessum
826 5503 928 5576 repetit
981 5501 1151 5573 requirenda
1173 5507 1217 5557 est
1233 5500 1293 5556 baec
1314 5499 1398 5556 bulla.
1421 5499 1497 5574 (vid.
1517 5501 1584 5559 edit.
1600 5502 1708 5575 iligna,
1722 5506 1779 5564 ,ln--

131 5573 352 5643 decernantnr
368 5571 571 5642 additamento,
587 5583 691 5644 preater
705 5573 942 5647 subscriptiones.

983 5573 1107 5630 nocentii
1121 5575 1172 5642 ΙΙΙ,
1188 5580 1207 5629 l.
1225 5573 1261 5640 ll,
1277 5571 1330 5628 col.
1345 5571 1421 5645 919.)
