3952 6350
104 389 157 448 773

100 543 227 604 dilectis
250 540 329 602 filiis
349 539 475 601 decano
498 539 530 600 et
552 538 697 615 capitulo
722 537 890 601 Liclrefel-

98 641 205 712 densi,
223 639 374 709 0111110111,
392 639 454 698 010.

134 738 240 800 Justis
264 736 444 813 petentium
479 733 657 796 desideriis
681 733 816 810 dignum
841 734 892 794 est

96 851 157 896 nos
184 834 314 895 facilem
342 833 490 910 praehere
518 847 727 902 consensum,
757 833 790 894 et
815 832 891 892 vota

96 949 169 1009 quae
190 948 209 993 a
225 932 365 993 rationis
380 930 514 992 tramite
529 945 595 990 non
618 929 820 1000 discordant,
838 927 889 990 ef-

97 1030 183 1090 fectu
207 1028 430 1105 prosequente
462 1027 637 1103 complere.
672 1025 891 1102 Significastis

96 1126 259 1202 siquidem
275 1126 382 1193 nobis,
399 1125 485 1203 quod
501 1124 595 1185 vobis
611 1125 692 1185 esta
707 1122 891 1184 venerabili

95 1224 199 1285 fratre
237 1225 351 1285 nostro
388 1222 604 1285 coventrensi
643 1222 797 1298 episcopo
825 1221 890 1282 loci

95 1320 285 1382 dioecesano
308 1337 513 1393 concessum,
534 1322 569 1382 ut
590 1335 665 1381 cum
686 1317 790 1396 aliqui
808 1333 891 1380 con-

95 1420 333 1480 canonicorum
357 1421 545 1481 vestrorum
570 1418 654 1478 mori
679 1416 888 1493 contingerit,

94 1516 283 1592 praebendae
308 1531 376 1577 suae
402 1517 582 1593 proventus
605 1513 685 1575 anni
709 1514 889 1592 sequentis,

94 1629 114 1674 a
138 1611 194 1674 die
220 1613 329 1675 obitus
355 1612 587 1689 computando,
616 1627 676 1690 pro
704 1613 810 1688 ipsius
833 1612 892 1672 de-

93 1711 200 1772 functi
227 1710 396 1788 exsequiis
420 1711 455 1770 111
479 1710 675 1771 executione
701 1709 891 1772 testamenti

93 1809 146 1868 sui
174 1808 279 1868 libere
304 1809 559 1881 convenientum
583 1809 754 1869 reservato
778 1808 891 1869 tamen

92 1920 136 1966 ex
151 1906 202 1965 eis
218 1905 305 1965 unde
320 1905 479 1975 vicarius,
497 1905 552 1981 qui
568 1905 714 1965 defuncti
736 1905 809 1965 loco
833 1905 890 1964 in-

92 2001 194 2062 terim
213 2002 249 2062 in
264 2002 406 2063 ecclesia
427 2003 537 2064 vestra
553 2001 729 2070 deserviet,
754 2001 891 2063 honeste

92 2097 208 2159 valeat
223 2099 413 2160 sustentari.
432 2101 462 2160 N
465 2115 501 2160 os
516 2098 620 2176 igitur
638 2099 760 2160 vestris
777 2099 890 2176 preci·

90 2196 154 2256 bus
172 2197 337 2269 inclinati,
352 2197 439 2274 quod
455 2212 514 2273 per
528 2197 680 2258 eumdem
697 2196 890 2274 episcopum

92 2309 198 2370 super
220 2294 283 2356 boc
309 2287 446 2371 provide
470 2296 579 2357 actum
604 2296 664 2367 est,
694 2295 780 2356 sicut
807 2293 891 2354 illud

87 2393 181 2468 juste
192 2407 233 2452 ac
245 2391 382 2468 pacifice
393 2391 570 2464 obtinetur,
586 2393 784 2454 auctoritate
796 2391 891 2453 vobis

90 2489 892 2566 Apostolicaconfrrmamusetpraesentisscripti

91 2585 282 2662 patrocinio
294 2587 547 2648 communimus.
560 2588 654 2648 Nulli
665 2602 743 2663 ergo
757 2587 891 2649 omnino

91 2684 269 2744 hominum
284 2685 384 2747 liceat
399 2685 485 2745 banc
502 2685 659 2761 paginam
672 2688 795 2746 nostrae
810 2701 893 2747 oon-

91 2780 294 2842 firmationis
310 2781 504 2858 infringere,
521 2783 575 2844 vel
594 2782 626 2844 01
646 2799 730 2844 ausu
747 2784 893 2844 temera-

91 2880 144 2939 rio
165 2879 345 2942 contraire.
367 2879 402 2940 Si
420 2880 494 2956 quis
516 2881 627 2942 autem
645 2881 708 2942 hoc
727 2883 892 2944 attentare

91 2977 357 3053 praesumpserit,
377 2977 641 3052 indignationem
656 2979 891 3055 omnipotentis

89 3073 151 3133 Dei
168 3079 204 3134 et
219 3073 391 3135 beatorum
403 3076 493 3137 Petri
507 3077 539 3136 et
554 3075 651 3136 Pauli
666 3076 891 3152 apostolorum

89 3173 165 3247 eJus
185 3186 224 3231 se
245 3173 376 3233 noverit
398 3171 621 3234 incursurum.
650 3175 768 3234 Datum
793 3173 892 3234 Late-

89 3270 181 3340 rani,
206 3271 236 3328 X
256 3269 419 3331 kalendas
441 3271 533 3344 maii,
555 3271 765 3348 pontificatus
787 3271 891 3332 nostri

88 3381 182 3427 anno
200 3366 326 3443 quinto.

365 3545 624 3633 cccxxxiii

87 3691 142 3748 Ad
154 3689 385 3762 prepositum
401 3689 433 3750 ct
447 3691 636 3763 capitutum
652 3691 686 3750 S.
704 3693 888 3765 Ponrpbili.

273 3825 277 3832 ·
378 3811 413 3868 22
428 3811 508 3882 april.
526 3813 605 3869 itai.

284 3925 402 3988 1111110111,
415 3924 488 3976 ltalia
497 3941 576 3986 sacra,
589 3927 609 3986 l,
622 3926 703 3991 1371]

124 4029 321 4090 confirmetur
340 4038 477 4090 statutum
492 4031 527 4089 de
542 4032 691 4090 duodecim
708 4035 855 4092 canonicis

274 4123 303 4176 in
317 4121 438 4177 ecelesia
451 4123 546 4180 Sancti
559 4123 710 4194 Pamphili.

130 4237 304 4298 Honorius
313 4237 498 4314 episcopus,
509 4252 625 4300 servus
634 4255 805 4301 servornm
816 4241 886 4312 Dei,

86 4334 227 4396 dilectis
241 4334 320 4395 illlis
336 4337 524 4412 praeposito,
538 4340 571 4400 et
586 4337 733 4414 capitulo
746 4341 778 4398 S.
796 4341 890 4399 Pam·

84 4431 178 4508 phili
194 4432 436 4506 sulmonensis,
456 4435 609 4503 salutem,
625 4438 687 4496 etc.

127 4533 241 4602 Quum
260 4545 280 4590 a
300 4530 394 4592 uobis
416 4532 550 4608 petitur,
574 4533 660 4609 quod
679 4534 804 4609 justum
825 4533 885 4604 est,

82 4628 117 4690 et
148 4627 340 4699 honestum,
366 4631 433 4690 tam
460 4630 556 4705 vigor
582 4631 759 4707 aequitatis,
789 4647 888 4708 quam

82 4725 175 4786 ordo
199 4723 304 4800 exigit
322 4727 474 4798 rationis,
500 4728 536 4788 11
556 4727 589 4792 id
610 4743 669 4804 per
690 4728 889 4791 sollicitudi-

81 4837 167 4883 nem
188 4819 292 4883 offlcii
319 4824 426 4884 nostri
452 4825 493 4885 ad
515 4825 661 4886 debitum
687 4826 888 4902 perducatur

82 4919 258 4980 effectum.
269 4923 315 4981 Ea
326 4923 471 4998 propter,
482 4922 594 4983 dilecti
609 4923 643 4982 in
658 4924 798 4984 Domino
814 4924 885 4995 fllii,

80 5016 215 5078 vestris
232 5018 333 5092 justis
353 5018 507 5094 precibus
528 5019 691 5092 inclinati,
714 5021 887 5083 duodecim

81 5113 330 5175 canonicorum
354 5132 539 5189 numerum,
568 5133 665 5194 quem
684 5119 719 5178 in
745 5119 887 5180 ecclesia

80 5213 215 5283 vestra,
237 5212 441 5274 venerabilis
459 5215 572 5276 fratris
590 5216 696 5277 nostri
711 5217 886 5277 valvensis

81 5308 241 5384 episcopi
255 5309 317 5371 loci
330 5309 509 5372 dioecesani
523 5314 700 5375 accedente
711 5329 885 5385 consensu,

65 5405 279 5488 ¹deliberare
297 5408 433 5483 provide
453 5411 625 5482 statuistis,
644 5411 729 5473 sicut
745 5413 795 5472 est
809 5427 888 5487 pro·

80 5505 226 5564 ductum
247 5503 513 5578 instrumentum,
531 5509 727 5569 auctoritate
740 5510 885 5584 Aposto-

79 5603 154 5662 lioa
171 5599 419 5676 confirmamus,
436 5607 470 5667 et
489 5606 662 5680 praesentis
685 5606 799 5682 scripti
821 5621 885 5681 pa·

79 5697 234 5760 trocinio
256 5701 508 5774 communimus
534 5705 718 5764 statuentes
739 5707 776 5764 nt
800 5719 887 5779 prae-

722 377 949 440 EPISTOLAE.
974 381 1051 440 LlB.
1076 382 1113 440 V.

1678 383 1737 442 tit

946 539 1013 600 fata
1031 540 1175 602 ecclesia
1196 541 1240 602 sit
1258 542 1424 613 contenta,
1445 541 1510 602 nisi
1525 541 1607 602 adeo
1633 541 1737 617 ipsius

945 637 1156 698 excreverint
1168 635 1351 710 facultates,
1369 638 1455 714 quod
1473 639 1585 715 plures
1606 623 1739 700 institui

945 733 1080 795 valeant
1092 736 1128 794 in
1142 733 1268 807 eadem,
1282 734 1374 796 salvo
1387 736 1422 796 in
1435 734 1588 796 omnibus
1598 737 1739 812 Aposto-

944 829 1019 892 licae
1036 830 1130 892 Sedis
1145 832 1310 894 mandato.
1326 833 1418 894 Nulli
1433 849 1512 908 ergo
1532 834 1667 894 omnino
1682 833 1740 894 bo·

946 930 1071 990 minum
1086 929 1186 992 liceat
1202 930 1289 990 hane
1304 931 1459 1006 paginam
1475 933 1596 992 nostrae
1612 931 1737 992 0011111-

946 1024 1114 1096 mationis,
1141 1026 1174 1086 et
1197 1026 1443 1086 constitutionis
1468 1026 1662 1102 infringere,
1686 1027 1739 1088 vel

945 1121 977 1183 ei
996 1137 1081 1182 ausu
1095 1124 1273 1184 temerario
1288 1124 1467 1184 contraire.
1489 1124 1523 1185 Si
1539 1125 1613 1200 quis
1628 1125 1738 1186 autem

946 1219 1009 1280 1100
1024 1219 1189 1282 attentare
1202 1222 1461 1298 praesumpserit,
1476 1222 1739 1297 indignationem

946 1317 1180 1394 omnipotentis
1216 1319 1286 1390 Dei,
1319 1320 1352 1380 et
1384 1319 1556 1380 beatorum
1585 1319 1676 1380 Petri
1707 1321 1740 1382 et

946 1415 1043 1477 Pauli
1058 1415 1282 1492 apostolorum
1295 1419 1367 1493 ejus
1381 1433 1418 1478 se
1434 1418 1565 1478 noverit
1578 1418 1738 1478 incursu·
1831 1439 1836 1448 ·

946 1527 1030 1574 rum.
1056 1515 1174 1576 Datum
1200 1514 1372 1586 Laterani,
1402 1517 1432 1575 X
1459 1515 1619 1576 kalendas
1646 1514 1738 1587 maii,

946 1610 1156 1689 pontificatus
1171 1612 1278 1673 nostri
1293 1627 1381 1673 11110
1402 1613 1528 1689 quinto.
1591 1639 1593 1644 ·

1216 1799 1470 1888 dccxxxiv

959 1935 1011 1994 Ad
1024 1935 1179 1996 abbatom
1198 1935 1317 1995 Sorrcll
1338 1935 1482 1995 Victoris
1499 1936 1728 1996 ,lfossiliencis

1097 2032 1130 2092 cl
1142 2031 1370 2106 prepositum
1384 2035 1589 2105 quccascrn.

1224 2153 1259 2212 11
1281 2153 1362 2227 apro.
1380 2155 1460 2211 1111.
1479 2131 1487 2142 ’

985 2259 1104 2324 [begeat.
1116 2259 1162 2310 lib.
1173 2260 1205 2322 V,
1213 2260 1288 2324 epist.
1299 2260 1356 2310 om.
1367 2261 1425 2312 Mss.
1437 2262 1473 2311 La
1481 2262 1556 2312 Porto
1567 2261 1600 2310 du
1610 2253 1702 2320 risit]

947 2367 999 2423 liat
1016 2367 1058 2424 eis
1078 2367 1254 2438 provinciam
1272 2366 1308 2424 dc
1322 2367 1447 2440 querelis
1461 2366 1613 2424 abbatisse
1628 2373 1739 2424 010011-

980 2461 1084 2512 ventus
1104 2455 1199 2512 Sancti
1219 2456 1373 2514 salvatoris
1399 2457 1586 2515 Massiliensis
1604 2454 1742 2512 adversus

982 2543 1060 2601 cives
1077 2544 1271 2602 Massilienses
1292 2543 1496 2618 cognoscendi,
1512 2553 1540 2602 et
1559 2541 1634 2616 quod
1652 2557 1738 2602 01110·

982 2633 1078 2690 uicum
1093 2631 1177 2690 fuerit
1190 2633 1403 2706 pronuntiandi.

986 2749 1166 2822 Honorius,
1191 2750 1269 2822 etc„
1292 2750 1458 2812 dilectis...
1488 2749 1599 2812 abbati
1627 2747 1741 2810 Sancti

947 2847 1090 2909 Victoris
1108 2843 1328 2909 Massiliensis
1342 2849 1374 2910 et
1387 2847 1563 2924 praeposito
1580 2847 1738 2924 Aquensi.

987 2945 1160 3016 Querelam
1180 2939 1357 3006 abbatissae
1371 2959 1410 3006 ac
1425 2946 1606 3006 conventus
1627 2945 1741 3005 Sancti

948 3042 1130 3104 salvatoris
1163 3043 1384 3104 Massiliensis
1416 3043 1602 3120 recepimus
1633 3041 1742 3102 conti-

947 3141 1090 3213 nentem,
1119 3141 1204 3218 quod
1239 3141 1329 3202 cives
1360 3140 1590 3212 Massilienses
1627 3139 1741 3200 domos

947 3253 1025 3298 suas
1036 3239 1134 3314 juxta
1152 3253 1266 3299 earum
1288 3237 1529 3299 monasterium
1544 3236 1741 3300 constitutas

947 3335 1178 3396 meretricibus
1202 3335 1354 3412 publicis,
1376 3339 1409 3396 et
1432 3336 1508 3396 aliis
1529 3334 1692 3411 turpibus
1709 3334 1743 3394 et

946 3433 1134 3494 inhonestis
1145 3433 1264 3507 ¹usibus
1282 3433 1394 3495 locare
1413 3433 1619 3510 praesumunt
1632 3432 1667 3492 in
1682 3431 1740 3491 in-

943 3530 1067 3607 juriam
1079 3531 1185 3608 ipsius
1202 3531 1408 3602 monasterii,
1421 3531 1454 3592 et
1469 3529 1661 3592 scandalum
1673 3529 1744 3608 plu·

946 3628 1118 3690 rimorum.
1149 3628 1292 3705 Ideoque
1317 3628 1511 3690 discretioni
1536 3629 1656 3689 vestrae
1682 3641 1743 3703 per

946 3725 1137 3802 apostolica
1169 3726 1292 3803 scripta
1318 3721 1529 3796 mandamus,
1559 3727 1738 3801 quatenus,

946 3824 1073 3884 vocatis
1094 3821 1151 3900 qui
1174 3820 1301 3884 fuerint
1326 3822 1499 3893 evocandi,
1522 3822 1556 3883 01
1582 3820 1741 3897 inquisita

946 3936 1046 3997 super
1061 3919 1113 3980 bis
1129 3919 1259 3996 plenius
1274 3919 1426 3990 veritate,
1442 3919 1527 3996 quod
1541 3917 1741 3979 canonicum

945 4018 1057 4088 fuerit,
1074 4017 1297 4095 appellatione
1310 4018 1503 4093 postposita,
1513 4016 1678 4087 statuatis,
1694 4014 1742 4076 fa·

945 4117 1081 4186 cientes,
1097 4116 1159 4176 eto.
1176 4115 1291 4176 Testes
1313 4099 1436 4183 autem,
1454 4116 1516 4176 etc.
1537 4114 1739 4174 1111111111-

944 4213 1064 4285 terani,
1081 4215 1111 4273 X
1124 4211 1288 4274 kalendas
1303 4213 1394 4284 maii,
1408 4209 1619 4288 pontificatus
1634 4211 1739 4271 nostri

945 4327 1032 4373 anno
1048 4311 1173 4387 quinto.

1228 4451 1460 4540 dccxxxv

977 4591 1029 4650 Ad
1044 4589 1181 4652 abbates
1196 4589 1229 4650 ct
1239 4591 1400 4662 priorem
1414 4589 1455 4648 de
1468 4589 1597 4647 Meiros
1613 4585 1647 4646 ct
1663 4587 1705 4646 dc

1252 4685 1428 4748 Ncubottc.
1683 4696 1687 4704 ’

1225 4808 1261 4866 13
1276 4807 1357 4880 april.
1372 4808 1451 4866 1121.

944 4914 1072 4976 1111011111,
1083 4915 1174 4968 Vetera
1186 4914 1298 4965 Monum.
1311 4913 1481 4964 llibcrnomm
1493 4919 1517 4964 01
1531 4915 1673 4971 Scotorum,
1683 4911 1735 4975 bo]

941 5020 1088 5080 iudicibus
1106 5019 1223 5078 mandat
1237 5027 1268 5078 11
1282 5019 1457 5095 presbytero,
1474 5021 1521 5092 qui
1537 5035 1587 5093 per
1607 5033 1736 5078 mensem

978 5111 1007 5166 in
1032 5110 1205 5167 monasterio
1227 5108 1289 5178 fuit,
1316 5108 1385 5167 dent
1409 5109 1566 5181 optionem,
1593 5109 1735 5166 11111111

976 5198 1082 5256 1110110
1097 5197 1289 5272 irreligione
1305 5213 1421 5256 nranere
1441 5196 1530 5255 malit.

981 5315 1150 5376 Honorius
1161 5315 1346 5391 episcopus,
1359 5329 1475 5376 servus
1484 5329 1655 5376 servorum
1662 5316 1733 5386 Dei,

942 5413 1072 5474 dilectis
1097 5411 1212 5473 tiliis...
1242 5412 1282 5472 de
1308 5411 1430 5472 Meiros
1455 5411 1489 5473 01
1512 5412 1552 5474 de
1573 5412 1735 5474 Neubotle

941 5509 1114 5570 abbatibus
1129 5511 1198 5570 et...
1216 5508 1321 5585 priori
1336 5508 1376 5569 de
1389 5509 1512 5570 Meiros
1530 5510 1735 5572 Cistercien-

941 5607 987 5666 sis
1003 5607 1130 5670 ordinis
1147 5606 1363 5682 Glasguensis
1386 5609 1418 5668 et
1443 5609 1573 5669 sancte
1595 5607 1734 5669 Andreae
1787 5668 1791 5676 ,

941 5704 1133 5780 dioecesum,
1146 5705 1298 5774 salutem,
1314 5705 1376 5766 etc.
