3952 6350
82 286 134 346 005
402 325 406 333 .
540 347 542 350 ,
653 256 660 272 '
696 285 922 346 srlsronm.
948 285 1024 346 ms.
1048 286 1087 346 v.

1648 283 1708 344 686

84 459 159 514 nrm,
184 441 260 518 quia
285 442 320 504 ln
343 439 410 506 tam
433 446 547 506 sancto
573 444 707 521 negotio
728 444 865 507 nonest
918 443 1415 520 Deopotestexultationisvoce
1429 457 1494 504 non
1509 440 1708 504 immmerito

83 542 140 603 nisi
162 555 236 602 cum
257 541 421 616 gravitate
445 541 588 618 plurima
608 540 861 620 procedendum,
915 540 1070 617 jubilare,
1081 557 1165 618 quae,
1176 557 1294 602 cruore
1311 555 1407 602 roseo
1420 540 1472 600 sui
1486 540 1640 616 martyris
1651 555 1710 600 ru-

83 655 137 700 nos
150 637 188 698 de
203 637 268 699 lide
282 653 321 700 00
341 639 542 700 discretione
557 641 668 701 vestra
683 639 813 715 plenem
829 638 864 698 in
918 638 1056 711 hricata,
1071 638 1209 715 pulchra
1226 638 1311 698 lacta
1334 638 1385 699 est
1406 637 1439 698 et
1460 636 1614 714 apparuit
1633 651 1710 712 spe·

83 736 211 799 Domino
245 735 399 796 fiduciam
434 736 639 807 obtinentes,
670 734 864 797 discretioni

83 837 191 896 vestrae
215 847 274 910 per
296 833 485 910 Apostolica
511 834 635 910 scripta
656 833 861 900 mandamus,

84 932 234 1010 quatenus
257 931 323 992 tam
349 929 490 1004 devita,
516 947 614 1008 quam
634 931 674 992 de
693 929 864 992 miraculis

84 1029 186 1090 Sancti
195 1027 345 1104 praedicti
353 1029 582 1104 perquirentes
594 1028 736 1090 sollicite
747 1027 864 1088 verita·

82 1127 151 1192 tem,
162 1141 259 1202 quam
275 1125 470 1188 inveneritis
485 1141 545 1202 par
558 1127 687 1188 vestras
702 1123 797 1185 nohis
809 1122 866 1184 lit-

82 1225 161 1284 teras
176 1222 318 1282 fideliler
334 1223 505 1294 intimetis,
523 1223 559 1283 ut
580 1238 624 1284 ex
643 1223 753 1282 vestra
776 1221 865 1280 rela-

83 1323 163 1382 tione
196 1319 402 1381 sufficienter
439 1320 612 1386 instructi,
647 1317 865 1395 procedamus

84 1417 193 1476 exindo
221 1418 321 1492 prout
346 1417 525 1476 secundum
553 1419 656 1476 Deum
684 1413 865 1476 viderimus

82 1513 327 1590 procedendum.
345 1513 435 1585 Quod
452 1514 561 1574 sinon
576 1511 755 1574 omneshis
768 1527 866 1572 exse-

83 1611 211 1686 quendis
235 1611 412 1686 potueritis
432 1611 606 1678 interesse,
630 1610 694 1670 duo
716 1609 865 1670 vestrum

82 1723 115 1768 ea
132 1707 348 1780 nihilominus
363 1711 599 1784 exsequantur.
622 1707 738 1768 Datum
761 1708 864 1766 Late·

82 1806 158 1875 rani,
174 1807 249 1865 Vlll
270 1804 338 1866 kal.
355 1804 525 1876 februarii,
537 1802 865 1880 pontificatusnostri

83 1915 160 1962 anno
175 1901 301 1978 quinto.

367 2025 575 2112 ccxxvii

82 2163 127 2220 art
139 2163 321 2221 0011001000
333 2161 461 2221 Chrtstt
474 2161 590 2231 [1010ιο0
601 2161 726 2220 nobiles
738 2156 771 2218 et
783 2157 867 2217 otios

225 2271 295 2332 per
311 2259 471 2332 Anpttom
493 2255 706 2316 constitutos.

368 2376 475 2450 1001.
493 2376 571 2434 trel.
642 2347 645 2352 ⁴

85 2490 207 2553 [harene
218 2491 294 2542 Thes.
306 2489 411 2548 Anecd„
422 2489 443 2546 l,
455 2489 510 2548 938,
522 2490 577 2538 sine
587 2489 658 2552 signo
667 2488 866 2553 chronologico]

84 2597 221 2670 Significat
235 2599 379 2655 llonorlus
393 2595 468 2668 quod
486 2595 658 2668 Stephanus,
674 2593 865 2666 archiepisco·

113 2701 161 2756 pus
181 2685 405 2754 cantuariensis,
422 2685 448 2742 S.
469 2686 501 2742 a.
519 2687 552 2742 Ε.
573 2682 866 2753 cardinalistrunsla·

114 2781 186 2831 turus
202 2782 245 2832 cst
262 2775 293 2830 in
308 2773 402 2830 locum
413 2772 650 2829 honorabiliorem
662 2785 765 2842 corpus
778 2769 869 2826 sancti

113 2862 223 2920 lhomae
251 2861 465 2920 cantuariensis
493 2861 676 2933 martyriam
704 2858 868 2914 exhortatur

114 2949 206 3009 lldclcs
218 2959 248 3008 ut
263 2964 329 3008 sese
344 2956 504 3022 praeparent
523 2949 559 3005 ad
579 2945 778 3006 celebrandam
794 2945 869 3004 hanc

114 3040 331 3098 solemnitatem.

122 3156 298 3226 Honorius,
309 3169 426 3216 servus
439 3167 609 3214 servorum
620 3150 691 3223 Dei,
700 3149 867 3212 universis

86 3251 197 3314 Christi
220 3251 374 3313 fidelihus
396 3250 573 3321 nobilibus,
590 3251 623 3310 et
635 3249 712 3308 aliis
727 3263 786 3324 per
800 3250 869 3308 hn-

87 3349 178 3423 gltam
208 3347 409 3418 constitutis,
430 3348 573 3408 salutern
598 3346 631 3406 et
652 3344 870 3421 apostolicam

85 3445 351 3509 benedictionem.

118 3546 186 3605 Rex
205 3543 364 3614 coelestis,
392 3541 553 3602 Dominus
579 3539 785 3615 angelorum,
809 3553 868 3600 re-

86 3655 175 3714 gnum
183 3641 312 3717 Angliae
327 3639 457 3701 caeteris
472 3638 572 3699 altius
597 3637 721 3698 nostris
737 3638 869 3713 tempo-

85 3737 168 3798 ribus
200 3737 394 3808 honoravit,
425 3735 503 3795 dum
536 3734 658 3795 mundo
694 3735 800 3811 posito
834 3733 870 3793 in

85 3835 236 3911 maligno,
263 3835 297 3896 ct
322 3833 449 3896 malitia
480 3833 653 3892 hominum
686 3832 867 3902 crescente,

919 735 1024 810 ciosa;
1036 734 1129 806 unde
1149 735 1354 796 diversarum
1372 733 1545 796 multitudo
1560 735 1708 810 gentium

920 847 962 892 ex
988 833 1078 892 omni
1105 832 1175 893 lere
1201 847 1275 909 quae
1301 832 1360 892 sub
1391 831 1475 892 coelo
1500 833 1550 892 est
1576 830 1710 891 natione

919 928 1143 995 celebritatem
1175 930 1280 1005 ipsius
1311 944 1520 1005 summopere
1546 942 1710 990 venerans

919 1026 1183 1103 qtrodamuquasi
1210 1026 1301 1088 101101
1329 1026 1493 1102 praesagio
1517 1041 1613 1085 suum
1637 1041 1710 1086 esse

918 1124 1050 1184 videtur
1076 1124 1193 1186 sortita
1211 1123 1408 1184 vocabulum
1433 1125 1608 1184 exeventu
1627 1137 1666 1183 00
1681 1123 1710 1182 01

919 1221 1049 1282 dicatur
1064 1237 1222 1298 expresse
1238 1243 1245 1281 ι
1259 1221 1448 1292 Cantuaria,
1466 1221 1582 1282 cantus
1595 1235 1664 1280 ara.

959 1322 1037 1390 Vos,
1060 1320 1207 1395 inquam,
1224 1318 1400 1394 diligenter
1424 1317 1603 1381 attendatis
1622 1317 1711 1378 hunc

919 1415 1098 1488 honorem,
1137 1417 1321 1492 gratiarum
1359 1415 1507 1478 actiones
1546 1413 1711 1490 largitori

920 1512 1082 1574 bonorum
1107 1513 1260 1574 assiduas
1286 1512 1478 1583 exsolvatis,
1504 1512 1559 1572 cui
1580 1528 1640 1577 vos
1669 1527 1713 1572 ex

921 1611 1079 1688 impensae
1100 1610 1341 1672 benedictionis
1358 1609 1467 1685 gratia
1482 1610 1579 1670 terrae
1595 1610 1713 1670 vestrae

920 1723 1121 1784 cognoscere
1136 1709 1273 1784 potestis
1293 1707 1471 1780 debitores,
1492 1706 1527 1768 ut
1541 1706 1715 1781 ingratitu-

921 1805 1008 1866 dinis
1033 1806 1163 1866 evitetis
1189 1804 1307 1866 vitinm
1329 1807 1362 1866 et
1377 1805 1512 1881 possitis
1527 1803 1637 1864 devoti
1652 1803 1713 1864 lllii

921 1903 1119 1979 nuncupari.
1146 1903 1186 1963 nt
1214 1903 1346 1978 quidem
1380 1902 1409 1962 si
1443 1903 1533 1962 omni
1568 1901 1715 1977 tempore

921 2015 1004 2077 puro
1031 2000 1129 2062 corde
1154 1998 1351 2060 benedicere
1377 2000 1410 2060 et
1433 1999 1599 2060 honorare
1614 2001 1715 2058 Deum

922 2095 1069 2158 debeatis
1084 2117 1091 2156 r
1106 2097 1169 2156 isto
1193 2097 1304 2158 tamen
1318 2095 1487 2172 praecipuo
1504 2111 1563 2156 vos
1588 2095 1717 2171 oportet

922 2195 1030 2256 vestes
1053 2194 1194 2254 induere
1206 2193 1386 2270 nuptiales,
1415 2192 1537 2254 etcum
1555 2190 1716 2268 jncundi-

900 2339 902 2342 ,
924 2292 989 2354 1010
1014 2292 1049 2352 in
1078 2291 1194 2353 laudes
1222 2292 1332 2354 vestro
1356 2305 1533 2366 assurgere
1559 2289 1714 2360 creatori,

922 2406 996 2451 cum
1009 2390 1156 2450 venturae
1165 2387 1355 2450 festivitatis
1364 2386 1554 2449 veneranda
1564 2387 1717 2448 solemni·

921 2489 973 2550 tas
988 2487 1019 2548 id
1032 2487 1203 2562 exposcat.
1219 2487 1307 2546 Sane
1324 2486 1427 2547 fratre
1440 2486 1554 2546 nostro
1569 2486 1716 2546 Cantua·

922 2584 1026 2645 riensi
1052 2585 1218 2660 episcopo,
1245 2584 1277 2643 S.
1296 2585 1333 2645 R.
1351 2585 1386 2643 Ε.
1406 2581 1580 2653 cardinali,
1608 2596 1716 2658 nuper

923 2682 1111 2756 accepimus
1139 2680 1342 2750 insinuante,
1369 2679 1456 2756 quod
1486 2679 1574 2740 idem
1598 2679 1716 2740 volens

923 2779 1096 2842 ostendere
1112 2778 1145 2838 in
1161 2779 1282 2838 effectu
1301 2779 1424 2854 quanto
1445 2777 1629 2839 devotionis
1645 2775 1714 2838 ler-

922 2890 1002 2936 vore
1020 2875 1176 2951 martyris
1197 2873 1383 2951 supradicti
1400 2873 1594 2937 memoriam
1613 2888 1717 2936 vene-

923 2975 1024 3043 retm,
1040 2972 1300 3032 sacratissimum
1320 2986 1441 3046 corpus
1455 2973 1527 3047 ejus
1540 2970 1715 3030 sublevare

923 3068 1079 3146 proponit
1114 3068 1281 3140 deterre,
1309 3067 1487 3143 ipsumque
1518 3065 1716 3128 translatum

923 3165 1152 3227 honorabilius
1179 3165 1354 3236 collocare,
1369 3164 1570 3238 condignum
1595 3163 1659 3224 sibi
1686 3163 1720 3224 et

924 3264 1107 3324 condecens
1133 3263 1286 3324 videatur
1320 3262 1415 3323 illum
1440 3261 1652 3338 quantumin
1679 3277 1718 3322 eo
1784 3325 1785 3328 ,

924 3363 974 3422 001
985 3362 1134 3422 exaltare
1147 3361 1181 3420 in
1196 3361 1298 3433 terra,
1312 3375 1408 3436 quem
1421 3360 1457 3420 in
1468 3359 1551 3420 coelo
1560 3358 1719 3422 Dominus

925 3459 1096 3520 exaltavit.
1127 3460 1196 3520 Nos
1226 3457 1341 3532 igitur,
1378 3457 1469 3533 pium
1493 3456 1527 3518 et
1551 3455 1719 3518 laudabile

924 3556 1167 3634 archiepiscopi
1190 3555 1363 3616 memorati
1378 3555 1584 3631 propositum
1603 3569 1718 3630 accep·

923 3653 1045 3726 tentes,
1071 3654 1326 3714 universitatem
1359 3654 1505 3714 vestram
1522 3651 1719 3714 monendam

925 3751 1080 3812 duximus
1115 3752 1148 3813 et
1184 3751 1398 3821 hortandam,
1435 3764 1496 3825 per
1529 3749 1718 3825 Apostolica

925 3849 1048 3924 scripta
1066 3847 1161 3909 vobis
1187 3847 1393 3916 mandantes
1417 3846 1580 3923 quatenus
1603 3861 1717 3921 pacem

86 3932 184 3994 Vllum
210 3933 275 3994 Sibi
295 3931 416 3992 exissdss
437 3930 509 3990 Sine
533 3930 663 3990 micula
686 3928 867 4006 Plaeelessits
924 3948 1071 4007 mutuam
1087 3947 1120 4006 ct
1143 3944 1353 4006 concordiam
1369 3945 1404 4004 in
1417 3943 1567 4004 caritatis
1586 3942 1719 4004 vinculo

87 4030 136 4104 qui
148 4047 212 4092 110ss
227 4029 334 4092 solum
348 4029 385 4089 in
396 4029 544 4103 1611110113
558 4027 742 4087 1P³0U¹¹diae
757 4039 870 4086 s000ss·
925 4043 1173 4114 conservantes,
1199 4043 1327 4102 vestras
1350 4041 1574 4103 conscientias
1590 4041 1719 4120 punctis

87 4127 202 4189 clliatio
220 4127 327 4190 lactus
343 4126 393 4186 est
409 4124 626 4194 0100001000,
643 4122 871 4184 verumetiam
926 4138 1197 4216 perversitatibus
1222 4136 1373 4214 expietis,
1389 4138 1421 4198 et
1442 4137 1490 4198 310
1501 4153 1561 4197 ,03
1575 4137 1610 4196 in
1623 4135 1719 4196 bonis

88 4224 122 4282 ad
137 4225 267 4286 ooelflste
287 4222 476 4284 convivium
488 4221 647 4282 invitatus
662 4219 757 4280 illum
773 4233 872 4294 88Ρο-
926 4235 1080 4313 operibus
1109 4234 1269 4296 studeatis
1295 4249 1464 4304 exercere,
1490 4233 1527 4294 ut
1549 4249 1624 4294 cum
1647 4233 1719 4294 dies

87 4335 156 4382 lare
166 4322 298 4393 meruit.
310 4335 407 4397 quem
415 4319 548 4380 bibebat
558 4318 718 4380 DOfflissUS
734 4316 870 4378 Galissem
926 4334 1031 4410 ipsius
1042 4331 1236 4395 solemnitas
1250 4331 1432 4401 advenerit,
1446 4331 1482 4391 in
1495 4345 1636 4392 occursu
1647 4347 1720 4392 ves·

87 4418 254 4491 passionis.
271 4419 310 4479 Et
324 4418 402 4494 quia
422 4416 577 4477 inventus
596 4417 647 4475 est
662 4417 728 4475 Deo
743 4413 869 4488 gratus,
924 4431 968 4492 gri
988 4429 1191 4492 sanctissimi
1212 4429 1369 4505 martyris
1389 4429 1422 4490 eg
1441 4428 1584 4504 patroni,
1609 4429 1719 4505 ipsum

88 4517 251 4578 ⁶0P01¹³V1t
265 4529 341 4576 eum
367 4514 474 4590 8¹0&ss
501 4513 534 4573 θῑ
559 4513 870 4583 h⁰1¹⁰P0›001'⁰¹¹³¹¹¹
926 4529 1059 4606 possitis
1084 4525 1337 4588 honoriticentia
1360 4525 1467 4587 dehita
1490 4525 1604 4587 taliter
1617 4543 1720 4588 vene-

89 4613 210 4687 quidem
228 4613 333 4690 ipsius
349 4611 449 4688 calisti
467 4607 873 4687 supellffliffidelalidss
926 4625 1008 4697 rari,
1036 4624 1121 4703 quod
1150 4625 1296 4686 doceatis
1328 4624 1412 4684 alios
1444 4638 1504 4699 per
1531 4625 1718 4702 exemplum

89 4709 226 4782 pretioso
240 4712 276 4772 ut
302 4709 351 4770 sio
376 4724 461 4769 unus
477 4706 690 4782 euangelicis
709 4704 873 4766 111101011-
926 4724 1085 4800 quantum
1110 4735 1184 4782 esse
1206 4720 1324 4782 debeat
1349 4719 1490 4782 celebris
1509 4735 1569 4797 ρον
1588 4721 1719 4784 diversa

89 4807 171 4880 relos
190 4823 291 4885 suber
310 4821 411 4884 onera
425 4819 583 4866 manuum
601 4803 732 4865 noman
748 4801 873 4864 consa-
927 4821 1040 4881 munau
1060 4819 1193 4881 climata
1225 4817 1355 4894 praerau
1381 4819 1537 4897 martyris
1561 4821 1720 4882 memoria

88 4905 180 4976 tutus,
194 4921 254 4982 pro
268 4903 414 4982 peccatis
437 4901 633 4979 populorum
649 4901 795 4961 omnium
812 4899 874 4958 lie-

89 5001 475 5064 retintercessor.Gantet
486 4999 589 5074 igitur
601 5010 722 5058 novum
733 4996 872 5057 Domino

90 5099 245 5160 canticum
269 5099 351 5160 felix
379 5097 628 5158 cantuariensis
648 5093 802 5164 ecclesia,
819 5107 873 5152 cu-

88 5193 137 5266 jus
149 5211 238 5256 aram
254 5211 315 5258 suo
335 5194 532 5272 purpuravit
551 5192 696 5270 pretioso
710 5189 872 5266 sanguine

91 5295 207 5369 martyr
216 5293 377 5366 Thomas3
387 5291 467 5368 quin
479 5291 580 5354 immo
593 5289 711 5351 civitas
723 5288 794 5364 ipsa
805 5290 872 5350 tota

926 4917 1085 4993 gloriosa.

962 5094 1482 5171 Incuntdcmmoctumscriptum
1492 5096 1542 5155 est
1553 5093 1722 5170 stephano
1739 5143 1740 5146 ,

927 5189 1158 5251 cantuariensi
1181 5189 1444 5268 archiepiscopo,
1457 5189 1623 5250 mutandis
1646 5207 1723 5251 mu-

926 5287 1019 5348 tatis.
