4066 6290
286 362 350 439 aio

658 537 715 625 Π

337 692 390 753 Aci
409 691 692 766 archiepiscopos,
709 689 883 764 episcopos
900 686 934 750 ci
952 687 1039 750 aiios

481 790 704 852 ecclesiaram
714 785 893 862 precator.

518 917 656 984 [Simblke.
671 916 744 976 ibid..
755 931 781 968 n.
793 916 863 978 tono

289 1033 433 1096 Honorius
460 1035 501 1094 lll
523 1031 604 1109 jubet
629 1033 761 1108 prelatos
784 1031 891 1092 ordinis
916 1029 1084 1090 ineunoniei

325 1123 401 1182 bona
416 1131 445 1182 et
465 1125 529 1197 jura
547 1123 630 1192 tueri,
648 1121 787 1196 justitiam
802 1121 940 1194 querenti
954 1134 1013 1178 non
1032 1119 1083 1178 de·

324 1227 444 1286 negare,
467 1211 705 1286 pamchianorum
729 1209 805 1285 opud
831 1209 934 1269 iratres
956 1207 1083 1282 sepultu-

324 1315 387 1360 ram
402 1315 460 1359 non
474 1301 624 1374 impedire.

329 1428 497 1490 Honorius
508 1427 819 1505 episcopusservus
830 1437 1003 1487 servornm
1012 1421 1083 1496 liei,

289 1524 537 1588 venerabilibus
571 1523 729 1588 iratribus
764 1522 1024 1601 archiepiscopis
1052 1523 1086 1584 et

290 1621 456 1700 episcopis
476 1623 509 1684 et
523 1622 652 1684 dilectis
665 1620 744 1682 filiis
758 1619 946 1692 abbatibus,
963 1617 1087 1696 priori-

290 1715 364 1792 bus,
384 1722 460 1792 etc.,
477 1719 517 1781 ad
537 1735 617 1798 quos
637 1719 757 1782 litterae
773 1719 844 1780 istae
860 1716 1083 1794 pervenerint,

291 1817 431 1880 salutem
445 1820 478 1881 et
489 1817 705 1895 apostolicam
728 1815 1003 1878 benedictionem.

331 1915 423 1978 Licet
442 1915 594 1976 omnibus
606 1915 666 1976 Dei
682 1913 834 1975 fidelibus
849 1913 885 1975 in
898 1911 967 1974 suis
982 1912 1085 1972 simus

287 2013 428 2092 justitiis
451 2012 628 2085 debitores,
651 2010 819 2088 religiosis
842 2011 955 2072 tamen
971 2009 1087 2070 iratri-

291 2109 353 2172 bus
377 2111 551 2188 hospitalis
574 2112 704 2172 Sanctae
723 2109 839 2170 Mariae
863 2105 1088 2169 Theutonico-

291 2221 366 2271 rum
379 2207 671 2285 Hierosolymitani
685 2206 880 2284 propensius
891 2205 926 2266 in
939 2220 999 2266 suo
1010 2207 1086 2280 jure

292 2305 448 2368 convenii
461 2321 521 2366 nos
536 2306 665 2366 adesse.
681 2305 760 2366 Inde
778 2302 929 2380 estquod
946 2302 1085 2362 univer-

292 2403 382 2465 sitati
396 2403 517 2465 vestrae
541 2417 601 2480 per
613 2401 802 2479 Apostolica
822 2399 945 2478 scripta
967 2397 1088 2476 praeci-

292 2499 413 2579 piendo
430 2499 636 2571 mandamus,
662 2499 827 2576 quatenus
853 2496 1087 2574 predictorum

292 2597 433 2660 fratrum
447 2596 675 2674 possessiones
690 2596 724 2658 ei
733 2598 812 2672 jura
825 2594 968 2672 integra,
985 2607 1088 2671 quau·

292 2697 362 2757 tum
383 2693 418 2754 in
439 2693 534 2755 vobis
552 2692 663 2765 tuerit,
680 2694 715 2755 et
733 2691 861 2753 illibata
880 2691 1020 2754 servetis
1042 2689 1084 2762 et,

292 2789 416 2854 cumde
426 2788 592 2868 aliquibus
607 2787 876 2852 malefactoribus
888 2787 970 2860 suis,
987 2801 1088 2865 paro-

295 2887 426 2966 chianis
440 2887 573 2960 vestris,
597 2887 787 2966 querelase
808 2885 968 2948 iratribus
991 2900 1088 2946 rece-

233 3049 251 3076 χ
292 2985 410 3064 peritis
420 2985 624 3056 memoratis,
638 2984 678 3046 de
690 2985 771 3062 ipsis
784 2983 833 3044 eis
842 2984 889 3046 ita
902 2983 1086 3045 districtam

289 3081 454 3162 justitiam
469 3081 611 3154 iacietis,
626 3081 711 3160 quod
724 3080 811 3142 bona
822 3096 936 3142 eorum
952 3078 1088 3156 persol-

292 3178 497 3244 llcitudinem
511 3181 655 3242 vestram
671 3194 690 3241 a
707 3192 885 3256 pravorum
898 3178 965 3240 sint
978 3192 1086 3238 uexa-

291 3275 382 3340 tione
411 3279 533 3356 quieta.
563 3277 612 3338 Ad
642 3276 714 3338 haec
745 3277 958 3354 presentium
991 3271 1086 3336 vohis

908 359 1085 426 bolionii
1106 359 1152 422 ill
1172 359 1321 422 OPERA.

1874 348 1935 420 iio

1138 518 1253 581 nitatis
1281 515 1479 580 discrimina
1507 513 1690 588 sustinetis,
1716 511 1810 576 tanto
1837 510 1936 574 beni·

1138 617 1249 694 gniori
1269 631 1329 678 vos
1347 615 1505 678 debemus
1525 613 1623 676 oculo
1639 611 1762 675 intueri
1777 611 1811 672 et
1823 609 1937 671 liben-
2021 672 2025 688 ,

1139 715 1217 786 tius,
1248 712 1305 776 ubi
1329 729 1403 776 cum
1426 713 1557 792 justitia
1593 725 1788 788 possumus,
1813 707 1936 771 uestris

1139 814 1393 889 vestrorumque
1407 809 1590 873 commodis
1604 807 1790 885 providere.
1808 807 1939 882 iiapro-

1138 910 1222 988 pter,
1239 908 1352 970 dilecti
1366 909 1402 969 in
1416 907 1557 970 Domino
1581 905 1654 978 iiiii,
1671 904 1793 967 vestris
1815 902 1937 980 postu-

1138 1005 1319 1070 lationibus
1330 1007 1529 1077 annuentes,
1541 1001 1760 1082 presentibus
1769 1000 1865 1062 vobis
1879 1000 1938 1062 lit·

1138 1105 1219 1167 teris
1238 1104 1461 1180 indulgemus,
1477 1105 1514 1166 ut
1534 1102 1570 1164 in
1592 1101 1686 1173 locis,
1702 1114 1777 1178 qum
1791 1098 1833 1160 de
1849 1099 1938 1159 Sar-

1138 1216 1337 1265 racenorum
1361 1197 1515 1263 manibus
1536 1197 1688 1278 poteritis
1709 1213 1784 1259 oum
1807 1195 1939 1257 auxilio

1139 1299 1284 1360 coelestis
1298 1299 1416 1376 graiiae
1431 1297 1587 1370 libemre,
1604 1297 1634 1358 si
1649 1311 1715 1357 non
1736 1293 1862 1356 inerint
1876 1307 1936 1354 sa-

1140 1395 1198 1457 des
1210 1396 1417 1474 episcopales
1430 1397 1465 1458 in
1476 1395 1536 1469 ets,
1549 1395 1710 1458 ecclesias
1721 1390 1937 1462 construatis,

1143 1509 1216 1570 quae
1231 1493 1294 1555 soli
1312 1496 1470 1556 Romanas
1494 1492 1651 1555 Ecclesiae
1670 1489 1811 1552 debeam
1829 1487 1940 1564 subja·

1140 1605 1227 1664 cere,
1250 1591 1297 1653 ita
1318 1591 1354 1653 nt
1380 1605 1401 1652 a
1424 1591 1516 1652 nullo
1542 1590 1755 1667 praelatorum
1779 1587 1940 1648 Ecclesiae

1140 1688 1214 1766 post
1227 1691 1414 1750 Romanum
1439 1687 1635 1750 Pontificem
1656 1685 1782 1763 aliquid
1796 1685 1885 1763 juris
1901 1683 1940 1744 in

1140 1786 1189 1848 eis
1214 1786 1326 1849 ualeat
1360 1785 1543 1849 vendicari.
1572 1783 1665 1846 Nulli
1693 1798 1773 1859 ergo
1802 1783 1941 1842 omnino

1140 1884 1311 1945 bominum
1328 1884 1428 1944 liceat
1442 1883 1529 1945 hanc
1543 1882 1700 1960 paginam
1715 1881 1837 1942 nostrae
1851 1895 1941 1940 oon·

1141 1981 1301 2043 cessionis
1317 1979 1501 2057 intringere
1523 1981 1574 2042 vel
1597 1979 1628 2041 ei
1652 1995 1736 2040 ausu
1757 1975 1941 2040 temerario

1141 2077 1318 2140 contraire.
1333 2079 1367 2140 si
1380 2079 1454 2156 quis
1469 2079 1579 2140 autem
1592 2077 1656 2138 boc
1672 2076 1835 2138 attentare
1849 2089 1944 2151 prae-

1141 2175 1330 2252 sumpserit,
1347 2175 1610 2252 indignationem
1626 2171 1862 2250 omnipotentis
1877 2171 1944 2232 Dei

1141 2273 1173 2334 ei
1186 2270 1358 2334 beatorum
1370 2273 1460 2334 Petri
1471 2273 1504 2334 et
1516 2272 1613 2333 Pauli
1625 2269 1851 2348 apostolorum
1863 2269 1895 2346 ej
1901 2283 1944 2328 us

1142 2385 1177 2431 se
1191 2369 1321 2432 noverit
1335 2370 1560 2432 incursurum.
1577 2369 1708 2441 Datum,
1724 2365 1786 2430 otc.

1511 2639 1567 2727 H

1429 2791 1482 2851 Aci
1497 2793 1645 2853 eosdem.

1367 2917 1506 2982 meraniae,
1517 2919 1592 2980 inid,
1605 2933 1631 2971 n.
1644 2919 1714 2986 tin]

1186 3036 1329 3093 lionorins
1344 3037 1385 3094 lll
1399 3035 1538 3094 bonorum
1555 3036 1590 3094 ab
1604 3035 1705 3094 ordine
1716 3035 1897 3094 'theutonico

1258 3139 1455 3197 possessorum
1471 3125 1676 3198 protectionem
1691 3125 1820 3198 suscipit.

1182 3249 1349 3312 Honorius
1361 3251 1671 3328 episcopusservus
1681 3251 1943 3324 seruorumDei‚

292 3376 490 3438 auctoritate
504 3373 720 3452 injungimus,
733 3373 769 3436 ut
783 3372 1004 3450 parochianos
1016 3386 1088 3432 ves,
1141 3345 1271 3408 dilectis
1286 3347 1402 3408 tiliis...
1420 3349 1579 3424 magistro
1595 3349 1627 3409 at
1648 3347 1806 3410 iratribus
1820 3347 1947 3424 bospi-

291 3473 374 3545 tros,
391 3472 492 3550 quiin
506 3472 623 3534 ultima
635 3471 808 3532 voluntate
825 3468 911 3547 apud
928 3467 1087 3532 ecclesias
1140 3442 1218 3504 talis
1239 3445 1368 3504 S³¹¹⁰t³³
1386 3444 1503 3505 Mfflae
1522 3443 1800 3506 Thssuitissifflfflm
1815 3445 1947 3506 ΗῘΘΓΟ·

291 3569 528 3650 praedictorum
560 3567 700 3630 fratrum
737 3567 901 3643 elegerint
932 3567 1085 3644 sepeliri,
1142 3540 1343 3616 solymitani,
1365 3541 1506 3603 salutem
1533 3541 1566 3602 et
1589 3541 1803 3618 apostolicam
1828 3541 1945 3604 bene·

291 3667 359 3729 nisi
378 3665 657 3729 excommunicati
680 3665 732 3728 vel
749 3663 944 3726 nominatim
963 3663 1087 3726 tuerint
1141 3633 1331 3698 dictifflfflffl·

290 3733 1943 3842 sfflmwmwmmafflfflmmwwm‚

290 3862 450 3925 ecclesias
476 3863 567 3940 ipsas
596 3863 801 3939 sepulturam
829 3859 955 3922 habere
983 3858 1086 3921 libere

290 3961 502 4039 permittatis,
535 3961 627 4022 salva
659 3961 770 4022 tamen
793 3959 925 4038 iustitia
953 3956 1086 4019 illarum

291 4063 519 4135 ecclesiarum,
546 4061 701 4140 aquibus
725 4063 931 4123 mortuorum
948 4074 1086 4138 corpora

291 4159 518 4224 assumuntur.
537 4160 667 4233 Datum,
684 4159 746 4223 etc.

672 4395 708 4482 X

290 4549 344 4612 Ad
356 4547 566 4624 manistram
578 4547 612 4610 et
622 4547 754 4622 iratres
765 4547 943 4621 hospitalis
951 4545 1088 4610 Sanciae

466 4647 594 4708 Marica
609 4645 907 4707 iircuioutcorum.

463 4774 598 4842 [Stratike
611 4773 684 4833 ibid..
697 4787 724 4838 p.
735 4771 790 4833 337,
804 4787 830 4824 n.
843 4772 912 4839 tio]

289 4891 434 4954 bonosius
457 4892 498 4950 lil
521 4889 653 4948 concedit
677 4890 771 4948 ordini
794 4887 983 4958 Theutonim,
1005 4889 1087 4948 utin

323 4981 395 5042 iocis
409 4980 445 5040 de
461 4981 669 5038 Saracenorum
682 4979 814 5038 manibus
829 4979 937 5052 ereptis
949 4977 1088 5038 eeclesias

322 5071 377 5128 soii
393 5069 511 5129 Summo
526 5067 657 5128 Pontittoi
673 5067 866 5140 subjiciendas
880 5075 1058 5127 construant.

328 5193 495 5255 Honorius
506 5191 692 5271 episcopus,
705 5205 821 5252 servus
830 5207 1001 5254 servorum
1013 5190 1086 5264 Dei,

289 5288 423 5353 dilectis
435 5289 551 5350 liliis...
569 5288 729 5365 magistro
744 5289 778 5350 et
796 5287 957 5350 iratribus
972 5289 1088 5365 bospi-

288 5386 366 5450 tnlis
383 5387 512 5449 Sanctae
534 5386 650 5448 Mariae
666 5385 946 5450 Theutonicorum
966 5385 1088 5448 Hiero-

1142 3831 1226 3906 quod
1243 3831 1284 3890 ad
1303 3845 1419 3907 pacem
1440 3831 1674 3907 religiosorum
1693 3832 1842 3893 locorum
1857 3847 1945 3892 ros-

1141 3927 1222 4004 picit
1237 3927 1270 3989 et
1288 3927 1483 4004 proiectum,
1496 3929 1593 4006 Juxta
1613 3929 1793 4005 petentium
1810 3929 1943 3990 volun·

1141 4025 1242 4085 tatem
1258 4027 1515 4087 consentaneum
1531 4025 1654 4088 rationi
1670 4025 1811 4088 libenter
1825 4029 1945 4102 Apos-

1141 4121 1277 4183 tolioum
1308 4122 1518 4200 impertimur
1554 4137 1726 4184 assensum
1755 4125 1789 4185 ot
1815 4121 1944 4185 effectu

1140 4219 1361 4296 prosequente
1381 4221 1594 4296 complemus.
1618 4223 1802 4299 Eapropter
1815 4221 1944 4282 restris

1137 4317 1237 4393 justis
1248 4317 1526 4394 postulationibus
1541 4321 1727 4379 annuentes
1738 4317 1947 4380 domusves-

1141 4415 1210 4477 tras
1226 4415 1259 4476 et
1271 4430 1385 4476 omnes
1398 4414 1483 4476 alias
1493 4417 1621 4477 vestras
1634 4415 1864 4492 possessiones
1879 4431 1944 4477 seu

1142 4527 1357 4590 quacumque
1386 4511 1472 4573 bona
1500 4514 1568 4573 tam
1596 4512 1631 4572 in
1659 4511 1944 4574 decimationibus

1142 4624 1240 4685 quam
1254 4609 1290 4670 in
1303 4608 1379 4670 aliis
1391 4609 1491 4670 rebus
1502 4609 1740 4672 ecclesiasticis
1751 4608 1945 4672 rationibus

1141 4705 1317 4783 possidetis
1339 4709 1397 4768 aut
1419 4708 1455 4767 in
1478 4706 1637 4777 futurum,
1666 4707 1846 4784 praestante
1866 4709 1944 4768 Do-

1142 4804 1242 4876 mino,
1265 4805 1365 4880 justis
1393 4803 1499 4865 modis
1524 4803 1676 4880 poteritis
1696 4803 1849 4882 adipisci,
1876 4803 1944 4866 sub

1141 4901 1230 4962 beati
1243 4901 1333 4964 Petri
1349 4900 1383 4962 et
1396 4901 1509 4962 nostra
1519 4901 1725 4978 protectione
1735 4901 1943 4978 suscipimus

1142 5001 1175 5060 et
1199 4999 1374 5074 presentis
1400 4997 1516 5075 scripti
1542 4998 1729 5076 patrocinio
1751 5000 1945 5062 communi-

1143 5111 1226 5166 mus,
1244 5095 1436 5167 statuentes,
1453 5097 1490 5156 ut
1510 5095 1594 5156 nulli
1609 5095 1745 5158 omnino
1766 5096 1943 5158 bominum

1141 5191 1241 5254 liceat
1250 5192 1337 5254 hano
1352 5192 1506 5269 paginam
1519 5194 1642 5254 nostrae
1654 5193 1869 5270 protectionis
1883 5193 1945 5256 in-

1142 5289 1287 5366 tringere
1309 5290 1363 5352 vel
1383 5290 1415 5350 ei
1438 5305 1524 5352 ausu
1550 5290 1730 5352 temerario
1756 5289 1941 5354 contraire.

1143 5387 1178 5448 Si
1198 5389 1272 5464 quis
1286 5390 1397 5450 autem
1415 5387 1478 5449 hoc
1492 5389 1658 5450 attentare
1675 5391 1940 5465 presumpserit,

289 5484 493 5562 solymitani,
518 5485 658 5548 salutem
685 5485 717 5548 et
740 5483 957 5562 apostolicam
983 5485 1088 5546 bene-
1141 5483 1403 5561 indignationem
1429 5485 1664 5562 omnipotentis
1688 5486 1748 5548 liei
1767 5487 1800 5548 et
1816 5485 1943 5548 beato-

290 5583 480 5646 dictionem.

331 5681 461 5751 Quanto
480 5681 608 5756 majora
632 5695 692 5758 pro
714 5679 907 5744 detonsione
929 5679 1087 5743 christia·

1140 5599 1216 5648 rum
1227 5581 1318 5645 Petri
1332 5583 1366 5645 et
1382 5583 1477 5644 Pauli
1496 5582 1720 5660 apostolorum
1733 5585 1806 5661 ejus
1818 5595 1853 5644 se
1871 5597 1943 5648 no-

1140 5681 1228 5745 verit
1242 5681 1466 5746 incursurum.
1482 5681 1613 5754 batim,
1629 5679 1693 5742 etc.
