4090 6316
288 273 332 347 ie·
904 245 1080 352 nonomi
1104 291 1147 352 111
1170 291 1318 352 orans.
1888 285 1932 342 so

289 447 446 508 tidelitate
470 449 618 524 ipsorum
643 449 845 521 resilierant,
877 447 980 511 nobili
1007 451 1080 512 viro

289 545 414 605 Erardo
430 545 469 606 de
484 548 590 606 Brena
607 549 720 608 contra
735 547 825 622 ipsos
851 563 980 622 guerrae
997 550 1081 609 tem-

289 658 367 718 pore
377 643 594 714 adhaerentes,
608 643 738 703 demum
747 644 813 704 illis
822 645 862 704 ad
872 660 929 705 cor
939 645 1081 705 redeun-

288 739 375 801 tibus
387 741 419 800 et
427 739 467 800 ad
477 741 666 816 homagium
680 740 1078 818 ettidelitatemipsorum,

290 852 369 912 paco
382 853 456 897 cum
470 838 518 898 eis
533 837 626 908 inita,
642 839 895 911 revertentibus,
912 855 1080 900 memora-

288 935 339 995 tas
365 934 546 995 sententias
570 937 667 1010 juxta
687 935 826 996 formam
848 935 998 997 ecclesiae
1022 951 1080 996 re·

288 1031 448 1103 laxastis·
467 1033 577 1092 statim
601 1032 641 1092 do
663 1033 895 1109 praedictorum
921 1033 1081 1094 nobilium

290 1129 547 1204 pronunciantes
562 1145 737 1201 consensu,
755 1129 840 1209 qnod
854 1130 917 1206 ipsi
930 1146 969 1190 ac
982 1131 1082 1191 terrae

290 1241 358 1286 suae
383 1225 530 1302 ejusdem
546 1227 900 1300 excommunicationis
920 1230 953 1288 et
976 1227 1082 1288 inter-

290 1322 369 1382 dicti
396 1324 508 1384 essent
535 1324 707 1384 sententiis
731 1323 884 1397 involuti,
915 1324 942 1384 si
970 1323 1082 1384 forsan

290 1419 390 1479 iidem
405 1420 459 1480 vel·
473 1421 524 1480 sni
540 1420 660 1482 dictam
680 1421 884 1481 comitissam
903 1421 956 1481 vel
978 1421 1084 1480 comi-

289 1517 366 1587 tem,
392 1533 452 1578 seu
476 1521 598 1578 terram
626 1533 751 1588 eorum,
783 1518 1022 1594 praesumerent
1044 1517 1084 1577 de

289 1618 409 1675 caetero
433 1614 602 1686 infestare,
619 1614 660 1676 ab
682 1616 836 1691 homagio
865 1617 898 1676 et
924 1615 1081 1676 fidelitate

290 1711 437 1786 priestIta
464 1711 658 1772 recedendo.
688 1713 757 1772 Nos
803 1711 916 1787 igitur,
949 1711 1034 1788 qnod
1063 1726 1082 1771 a

290 1808 384 1870 nohis
398 1809 561 1885 supernis
575 1809 713 1886 provide
727 1809 850 1870 iactum
865 1810 925 1880 est,
951 1811 1081 1884 gratum

289 1908 443 1967 atratum
468 1907 640 1972 habentes,
666 1906 858 1968 discretioni
882 1908 1001 1966 vestrae
1024 1921 1083 1982 par

288 2005 477 2079 Apostolica
518 2005 640 2080 scripta
680 2005 888 2076 mandamus,
919 2006 1082 2090 quatenus

288 2100 369 2161 illud
385 2101 526 2172 faciatis,
539 2101 736 2165 auctoritate
752 2105 876 2172 nostra,
888 2116 947 2176 per
958 2115 1080 2161 censu-

290 2214 360 2258 ram
390 2199 661 2270 ecclesiasticam‚
692 2199 916 2275 appellatione
942 2199 1084 2268 remota,

289 2295 529 2357 inviolabiliter
549 2296 730 2358 observari.
754 2296 844 2367 Quod
870 2297 898 2356 si
924 2311 989 2356 non
1011 2311 1083 2356 om·

290 2409 358 2464 nes,
381 2395 444 2453 etc.
473 2393 589 2454 Datum
619 2393 787 2461 Laterani,
818 2394 894 2453 XIII
923 2390 1082 2452 kalendas

288 2491 450 2566 januarii,
491 2489 700 2566 pontificatus
729 2490 835 2552 nostri
860 2505 948 2550 anno
972 2491 1080 2551 tertio.

595 2687 774 2773 LXXVII

353 2893 358 2910 ,
384 2824 742 2896 dearchiepiscopare
762 2821 988 2882 dormitorium.

582 2945 613 3001 21
629 2943 691 3002 dec.
710 2944 787 3003 rtis.

323 3059 440 3122 [Regest.,
451 3060 495 3110 lib.
506 3061 548 3116 lii.
559 3061 633 3124 epist.
647 3059 700 3110 tat.
712 3060 768 3109 liss.
781 3061 815 3109 La
827 3061 900 3110 Porte
910 3059 944 3110 dn
958 3058 1050 3120 Theti]

340 3168 411 3222 Eum
426 3181 440 3221 a
455 3175 521 3222 voto
534 3167 777 3240 ierosolymitanae
792 3166 1030 3238 peregrinationis

622 3253 752 3310 absolvit.

331 3360 787 3434 Honorius,etc.,venerabili
799 3361 931 3423 tratri...
946 3359 1082 3422 archie-

294 3461 427 3535 piscopo
440 3460 618 3520 Attritano.

330 3557 542 3618 Attendentes
563 3543 738 3633 personam
760 3557 851 3617 tuam
875 3569 948 3616 esse
968 3556 1001 3615 in
1018 3555 1084 3616 tuis

187 3674 190 3685 ¹
291 3654 439 3730 partibus
454 3654 689 3724 necessariam,
701 3656 763 3715 tea
777 3655 852 3714 voto
866 3651 1086 3729 ierosolymi-

289 3752 376 3813 tanae
404 3751 682 3828 peregrinationis
719 3750 873 3811 duximus
905 3749 1084 3810 absolven-

290 3849 379 3916 dum,
407 3848 647 3911 fraternitatem
668 3848 758 3909 tuam
795 3847 1013 3909 sollicitantes
1033 3847 1085 3908 at·

291 3948 391 4019 tante,
410 3949 572 4027 quatenus
588 3947 621 4026 ln
643 3946 982 4022 recompensationem
1005 3943 1084 4006 dicti

291 4044 360 4105 voti
379 4045 469 4104 circa
497 4044 665 4118 negotium
692 4043 794 4119 pecie,
824 4045 857 4104 et
883 4042 970 4114 tidei,
998 4040 1084 4118 quod

292 4140 404 4216 agitur
418 4139 452 4199 in
473 4139 621 4215 partibus
636 4138 820 4208 Tolosanis,
833 4139 866 4198 te
890 4153 985 4198 cures
1010 4138 1085 4198 stu-

293 4236 418 4297 diosius
434 4251 601 4297 exercere.
619 4235 736 4294 Datum
755 4234 920 4312 Laterani,
937 4235 997 4295 XII
1024 4233 1087 4294 ka-

294 4333 407 4396 lenitas
420 4333 579 4411 januarii,
594 4346 682 4408 anno
697 4330 809 4406 tertie.¹

588 4537 788 4623 LXXVIII

295 4683 345 4740 Ad
364 4683 522 4752 priorem
543 4679 660 4738 salicti
675 4677 822 4740 Martini
836 4679 876 4737 de
889 4675 1037 4748 Campis,
1054 4673 1087 4733 et

313 4777 499 4851 ntaqistros
508 4779 545 4835 G.
556 4775 747 4834 Cornutum
757 4774 791 4834 et
804 4774 1065 4834 Picenorttcos.

554 4905 588 4962 22
603 4903 730 4960 decemb.
750 4904 828 4961 ltlss.

383 5013 450 5081 [tiss.
467 5011 531 5062 Bibl.
545 5015 608 5068 nat,
621 5009 709 5058 aricien
722 5008 795 5058 tonde
808 5007 871 5074 latta
885 5007 946 5057 5993
957 5007 1000 5074 L]

296 5129 504 5202 Mandateisut
518 5125 633 5184 audiant
647 5139 763 5182 causam
779 5125 851 5180 inter
867 5124 897 5180 a.
913 5121 1091 5190 comitissam

382 5216 544 5294 Canipanisa
564 5223 592 5272 et
613 5221 784 5271 conventum
804 5212 1003 5286 Pontiniaceu„

333 5336 512 5406 Honorius,
529 5336 604 5404 ete,
622 5331 752 5399 dilectis
766 5329 844 5390 tiliis
860 5327 964 5405 priori
978 5327 1090 5388 Sancti

295 5433 429 5500 Martini
444 5433 484 5492 de
506 5431 637 5507 canapis
660 5433 691 5490 et
706 5428 873 5502 magistris
893 5429 930 5485 G.
947 5426 1090 5486 Cornuto

1136 451 1298 512 Parisien.
1308 447 1409 512 etPli.
1421 449 1583 510 Senouen.
1593 445 1773 518 canonicis,
1787 445 1932 508 salutem

1136 550 1168 609 et
1180 547 1394 624 apostolicam
1407 545 1680 607 benedictionem.

1166 641 1930 706 DilectitiliiabhasetconventusPontiniacen.

1136 740 1230 802 nobis
1241 741 1471 818 conquerendo
1480 727 1795 816 monstraruntquod
1806 737 1934 798 nobilis

1136 839 1257 899 mulier
1270 841 1307 900 B.
1324 837 1492 899 comitissa
1501 837 1690 913 Campaniae
1704 851 1803 912 super
1815 851 1935 896 nemo-

1136 935 1228 995 ribus
1257 935 1401 1010 grueriis
1434 935 1465 995 et
1499 933 1598 995 rebus
1627 933 1703 994 aliis
1729 933 1936 1010 injuriantur

1136 1031 1252 1092 eidem.
1264 1032 1405 1108 ideoque
1419 1031 1610 1092 discretioni
1624 1031 1743 1091 vestrae
1757 1045 1815 1106 per
1824 1032 1935 1105 Apos-

1136 1127 1236 1190 tolica
1250 1129 1372 1205 scripta
1388 1129 1582 1190 mandamus
1598 1131 1770 1204 quatenus,
1783 1125 1937 1202 partibus

1138 1225 1337 1295 convocatis,
1353 1225 1495 1285 audiatis
1515 1241 1648 1285 oausam
1669 1225 1701 1286 et
1716 1223 1799 1300 quod
1807 1223 1935 1299 justum

1139 1323 1248 1394 tuerit,
1266 1322 1490 1399 appellatione
1506 1322 1686 1399 postposita
1709 1320 1860 1383 statuatis
1883 1322 1938 1379 ia-

1138 1420 1262 1480 cientes
1276 1419 1362 1496 quod
1377 1419 1560 1480 statueritis
1568 1435 1808 1496 percensuram
1823 1417 1935 1478 eccle·

1139 1517 1307 1578 siasticam
1328 1517 1467 1578 tirmiter
1489 1516 1670 1577 observari.
1688 1518 1804 1577 Testes
1821 1516 1934 1575 autern

1137 1615 1193 1691 qui
1217 1613 1341 1675 suerint
1365 1615 1536 1685 nominati,
1560 1614 1589 1673 si
1603 1630 1637 1673 se
1653 1614 1772 1688 gratia,
1789 1613 1865 1672 odio
1880 1612 1936 1670 vel

1136 1713 1255 1772 timore
1267 1711 1503 1783 subtraxerint,
1514 1726 1573 1787 per
1585 1711 1822 1772 districtionem
1834 1725 1934 1769 eam-

1137 1809 1209 1870 dem
1239 1809 1464 1887 appellatione
1490 1809 1615 1872 remota
1644 1808 1768 1883 cogatis
1795 1806 1931 1867 veritati

1136 1907 1362 1969 testimonium
1375 1906 1559 1984 perhibere.
1578 1905 1668 1976 Quod
1686 1906 1714 1965 si
1736 1921 1802 1966 non
1818 1919 1936 1964 omnes

1137 2005 1189 2065 itis
1219 2005 1437 2080 exsequendis
1466 2003 1638 2078 potueritis
1666 2002 1846 2074 interesse
1868 2001 1939 2060 duo

1137 2099 1936 2176 restrumeanihilominusexsequantur.Datum

1140 2199 1309 2270 Laterani,
1339 2199 1384 2258 XI
1419 2181 1494 2258 rial.
1526 2197 1688 2282 januarii,
1722 2195 1936 2272 pontificatus

1138 2297 1242 2368 nostri
1262 2311 1350 2356 anno
1363 2295 1473 2356 tertio.

1456 2419 1615 2506 LXXIX

1140 2549 1190 2606 Ad
1215 2545 1369 2606 animem
1401 2545 1662 2605 cisterciensem
1690 2541 1723 2602 et
1750 2543 1944 2608 universos-

1149 2642 1325 2703 coabdates
1337 2643 1411 2712 ejus
1426 2639 1598 2714 etfretres
1608 2641 1761 2711 ejusdem
1772 2639 1920 2697 ordinis.

1397 2745 1432 2800 22
1442 2741 1574 2800 decemb.
1593 2742 1673 2799 itta.

1277 2832 1429 2898 [Manrisque
1441 2830 1508 2880 Anu.
1520 2830 1662 2890 cistercien.
1673 2829 1715 2886 IV,
1727 2827 1794 2892 ita]

1138 2922 1248 2982 inhibet
1272 2937 1308 2978 ne
1340 2922 1426 2994 legati
1448 2920 1482 2977 Α.
1505 2921 1532 2976 S.
1561 2920 1623 2976 sine
1645 2917 1761 2990 speciali
1788 2915 1942 2985 mandato„

1172 3012 1329 3070 sententias
1343 3005 1656 3076 excommunicationis,
1673 3006 1716 3061 vel
1736 3005 1938 3077 suspensionis

1172 3102 1216 3157 vel
1239 3097 1380 3156 interdicti
1399 3097 1428 3151 in
1445 3100 1603 3160 conventus
1622 3092 1728 3160 ordinis
1740 3093 1937 3150 cisterciensis

1173 3189 1364 3262 promulgent.

1177 3289 1257 3347 Cum
1286 3285 1411 3346 ordinis
1439 3281 1541 3344 vestri
1575 3281 1721 3358 gratiosa
1751 3279 1932 3356 plantatio,

1139 3383 1250 3443 multae
1280 3381 1452 3456 religionis
1486 3380 1519 3440 et
1546 3377 1729 3440 honestatis
1763 3376 1875 3447 dores,
1902 3377 1937 3436 et

1138 3479 1265 3541 tructus
1280 3471 1465 3554 protulerit,
1482 3475 1589 3536 effuso
1602 3475 1699 3550 longe
1712 3473 1843 3548 lateque
1855 3472 1935 3542 lan,-

1139 3575 1260 3636 dabilis
1289 3571 1550 3634 consecrationis
1584 3571 1702 3645 odoro;
1736 3568 1935 3644 Apostolicae

1141 3673 1234 3734 Sedis
1259 3670 1451 3743 auctoritas
1474 3668 1688 3730 considerans
1712 3683 1771 3744 per
1794 3665 1935 3726 Marthae

1139 3769 1396 3831 sollicitudinem
1434 3765 1671 3844 providendum
1704 3780 1778 3826 esse
1818 3763 1940 3823 Mariae

1140 3866 1242 3944 quieti
1250 3888 1262 3942 ;Ἰ
1273 3867 1307 3926 et
1319 3865 1355 3924 ut
1369 3863 1495 3925 orantis
1511 3863 1626 3924 Mariae
1642 3860 1824 3936 suffragiis,
1840 3861 1934 3919 sata-

1140 3964 1248 4042 gentis
1272 3961 1411 4023 Marthae
1431 3957 1618 4021 sollicitudo
1634 3959 1781 4035 juvetur,
1805 3972 1847 4016 ne
1868 3955 1936 4016 ali-

1140 4065 1235 4140 cujus
1253 4059 1449 4134 temeritatis
1468 4058 1632 4126 incursus,
1649 4057 1771 4115 sanctae
1792 4067 1935 4114 conver-

1141 4157 1279 4230 sationis
1295 4157 1398 4216 otium
1412 4153 1630 4232 perturbaret,
1647 4151 1796 4212 ordinem
1812 4151 1934 4226 ipsum,

1140 4257 1173 4328 et
1188 4252 1381 4332 privilegiis,
1401 4237 1434 4312 et
1448 4249 1616 4311 nonnullis
1630 4247 1847 4322 indulgentiis
1863 4246 1935 4322 spi-

1142 4343 1935 4430 ritualisgratiaepraerogativismunivitNosau·

1142 4450 1206 4509 tem
1217 4446 1273 4523 qui
1289 4444 1462 4506 salutifera
1472 4442 1642 4504 commoda
1653 4440 1774 4526 uestra,
1790 4438 1935 4514 benigno

1142 4545 1256 4620 fayore
1283 4540 1524 4620 prosequimur,
1550 4537 1783 4616 tranquillitati
1814 4537 1935 4597 vestre

1142 4641 1293 4712 libenter,
1311 4642 1408 4716 prout
1420 4653 1604 4714 possumus,
1617 4633 1838 4712 providemus
1855 4649 1938 4693 auc-

1142 4740 1274 4802 toritate
1285 4736 1497 4814 praesentium
1514 4730 1820 4806 inhibentes,legati
1841 4731 1935 4791 Sedis

1143 4834 1339 4914 spostolicae
1353 4833 1425 4894 sine
1437 4830 1573 4908 speciali
1589 4829 1742 4891 mandato
1757 4825 1883 4898 nostro,
1901 4827 1935 4886 in

1143 4951 1202 4996 vos
1228 4924 1670 5002 excommunicat10nis,ael
1695 4924 1934 5001 suspensionis,

1144 5033 1178 5094 et
1190 5031 1225 5092 in
1241 5027 1566 5098 monasteriorestro,
1576 5023 1743 5098 interdicti
1755 5021 1936 5083 sententias

1144 5130 1259 5192 contra
1280 5141 1331 5198 ea,
1359 5139 1433 5200 quae
1456 5121 1548 5185 vohis
1575 5121 1651 5182 sunt
1678 5119 1720 5180 ab
1743 5117 1935 5195 Apostolica

1146 5226 1230 5288 Sede
1244 5236 1413 5291 concessa,
1427 5218 1644 5296 promulgent.
1657 5215 1748 5278 Nulli
1765 5231 1854 5291 argo,
1871 5216 1933 5274 etc.

1145 5325 1262 5386 Datum
1279 5318 1433 5382 Laterani
1451 5315 1624 5392 undecimo
1642 5311 1801 5375 kalendas
1813 5315 1937 5389 janua-

1147 5421 1199 5493 rii,
1216 5418 1424 5496 pontificatus
1441 5415 1544 5476 nostri
1559 5427 1646 5474 anno
1661 5409 1775 5482 tertio.¹
