3988 6306
278 279 336 339 271
899 273 1075 342 nononu
1097 263 1141 342 1'11
1163 283 1310 348 orosa.
1379 282 1383 288 ’
1865 290 1934 350 272

318 438 585 516 proponentibus
627 439 721 502 vobis
766 440 846 502 olim
897 441 1074 504 ecclesiam
1118 441 1165 502 'in
1180 443 1357 520 principali
1373 443 1547 521 conclusa3
1562 445 1697 523 propter
1713 449 1798 526 quod
1817 447 1853 509 in
1870 448 1933 510 in-

279 535 392 597 sanos
404 535 585 599 salvatoris
599 535 763 600 decastro
775 539 898 601 (totiaci
910 541 1075 602 monaste·
1130 542 1258 618 tegrum
1274 541 1405 603 restitui
1423 541 1464 603 ad
1485 543 1735 621 proponendum
1747 545 1821 619 hoc,
1839 545 1933 624 quod

279 632 321 694 rii
331 633 433 695 vestri
448 649 521 695 esse
531 635 704 712 capellam,
712 636 885 716 etpropter
895 637 958 698 boc
969 637 1075 716 ipsam
1130 637 1288 700 omiserat
1310 637 1462 700 ecclesiae
1482 655 1550 702 suae
1569 643 1703 704 nomine
1724 658 1760 704 se
1774 643 1931 720 petebat;

279 731 352 792 sine
376 746 517 792 assensu
537 733 648 795 vestro
669 749 849 811 campanas
868 733 992 796 habere
1008 750 1074 797 non
1129 733 1230 802 iidem
1240 735 1479 797 cathalaunen.
1494 753 1569 798 eum
1584 739 1625 799 ad
1642 739 1674 800 id
1690 755 1839 802 nonesse
1853 756 1934 802 res-

278 845 387 905 posse,
408 845 447 891 ac
463 829 549 906 apud
565 829 652 891 idem
667 831 907 894 monasterium
927 831 1073 910 ejusdem
1128 831 1314 893 tituendnm
1328 830 1573 897 sententialiter
1582 835 1810 910 decreverunt,
1817 838 1933 916 ipsum

279 927 380 989 castri
397 925 595 1003 capitularia
611 944 750 1005 corpora
767 931 914 1007 sepeliri,
930 931 963 992 et
977 929 1073 1007 capi·
1129 929 1222 990 vobis
1243 929 1276 992 in
1296 930 1454 1008 expensis
1475 931 1588 995 decem
1606 933 1767 996 librarum
1791 935 1934 997 fortium

277 1024 340 1085 tuli
366 1039 526 1102 personas
556 1025 723 1088 natalibus
753 1026 869 1088 diebus
898 1028 938 1088 ad
962 1027 1074 1090 diuina
1129 1027 1396 1090 condemnantes.
1414 1029 1476 1102 Qui
1498 1046 1573 1091 cum
1588 1029 1630 1092 ab
1651 1031 1778 1093 eisdem
1792 1033 1932 1095 viuculo

279 1121 388 1183 oilioia
402 1121 435 1183 et
448 1122 661 1199 percipienda
676 1127 883 1186 sacramenta
897 1125 1074 1188 ecclesias·
1128 1125 1481 1188 excommunicationis
1503 1127 1681 1191 adstrictus
1699 1144 1759 1206 pro
1780 1145 1820 1192 eo
1839 1131 1932 1208 quod

275 1219 342 1282 tica
362 1219 542 1281 convenire
560 1219 692 1293 debere,
709 1237 820 1283 coram
835 1222 931 1284 bonae
949 1240 1075 1284 memo·
1128 1222 1275 1298 ipsorum
1302 1225 1474 1286 sententiae
1499 1240 1566 1286 uon
1590 1225 1736 1305 parebat,
1756 1243 1793 1289 se
1813 1227 1855 1289 ab
1877 1229 1934 1289 eis

277 1317 374 1380 riae...
383 1321 518 1380 Romen.
531 1318 867 1397 archiepiscopotunc
878 1321 1071 1383 Laudunen.
1129 1319 1261 1382 iecisset
1274 1320 1413 1393 absolvi,
1425 1321 1465 1383 de
1476 1322 1644 1384 solvendis
1655 1326 1811 1402 expensis
1821 1342 1933 1401 praes-

277 1415 437 1478 canonico
452 1416 485 1478 et
500 1416 571 1476 suis
586 1416 815 1494 conjudicibus
830 1434 850 1480 a
866 1419 950 1480 Sede
963 1424 1072 1497 Apos-
1127 1417 1187 1478 tita
1198 1417 1362 1490 cautione,
1373 1419 1505 1480 tandem
1518 1419 1559 1481 ad
1572 1422 1795 1498 apostolicam
1807 1422 1932 1484 sedem

276 1514 376 1576 lolica
401 1513 575 1591 delegatis,
610 1529 711 1591 super
732 1515 786 1576 his
809 1517 876 1578 tam
897 1531 1071 1593 possesso·
1127 1513 1290 1576 accedens
1305 1531 1416 1578 coram
1432 1515 1552 1579 dilecto
1566 1517 1635 1578 filio
1656 1519 1828 1596 Raynaldo
1845 1519 1935 1580 snb-

275 1611 364 1674 rinm
378 1626 477 1689 qnam
491 1610 683 1690 petitorium
697 1611 905 1690 intentastis3
920 1630 1072 1693 perquos
1126 1609 1267 1674 diacono
1292 1613 1326 1675 et
1355 1613 1529 1689 capellano
1551 1617 1675 1688 nostro,
1695 1631 1792 1694 quem
1813 1616 1934 1678 sibiet

276 1724 378 1785 super
399 1709 605 1786 possessorio
631 1709 666 1770 in
693 1709 890 1788 quibusdam
922 1713 1072 1776 articulis
1127 1709 1258 1788 Drogon
1274 1710 1436 1772 monacho
1449 1712 1481 1774 st
1493 1713 1703 1789 procuratori
1717 1715 1828 1776 restro
1843 1731 1933 1776 con-

275 1807 440 1870 sententia
474 1807 699 1884 promulgata,
736 1809 769 1872 et
799 1809 939 1872 testibus
972 1827 1072 1888 super
1127 1807 1287 1869 cessimus
1319 1808 1520 1882 auditorem,
1551 1810 1733 1887 postulavit
1759 1811 1931 1874 instanter

274 1904 381 1982 primo
402 1905 510 1983 capite
529 1907 684 1982 receptio,
708 1921 783 1968 cum
804 1924 890 1970 unus
910 1907 950 1969 de
974 1909 1071 1972 dictis
1126 1903 1359 1982 praedictorum
1380 1903 1618 1968 cathalaunen.
1641 1907 1769 1970 irritari
1784 1904 1928 1986 p'roces-

274 2002 503 2080 conjndicibus
536 2002 623 2064 diem
658 2004 834 2068 clausisset
864 2008 1069 2080 extremum,
1127 2018 1210 2074 sum,
1223 2017 1323 2080 seque
1335 2003 1466 2064 restitui
1479 2003 1520 2065 ad
1533 2003 1595 2067 boc
1606 2004 1705 2082 quod,
1716 2004 1849 2068 omissis
1860 2008 1931 2068 tes-

274 2101 503 2179 propterquod
514 2099 591 2162 nnis
602 2101 710 2163 iuerat
721 2102 844 2179 negotii
856 2106 1069 2181 prorogatum
1125 2099 1208 2160 tium
1228 2097 1489 2176 depositionibus
1508 2117 1568 2178 per
1584 2101 1772 2165 Atrebates.
1790 2103 1929 2180 judices

272 2199 315 2259 ao
331 2198 523 2275 petitionem
535 2199 740 2272 vestrumea
756 2201 980 2263 venerabilem
996 2203 1070 2264 na·
1125 2196 1344 2274 receptorum,
1361 2197 1541 2259 seeundum
1560 2199 1789 2262 attestationes
1801 2215 1929 2277 recep-

273 2297 358 2357 irem
381 2297 530 2358 nostrum
551 2296 753 2374 episcopum,
776 2299 809 2360 et
832 2299 977 2376 collegas
992 2316 1070 2363 suos
1125 2295 1253 2370 asper
1271 2293 1401 2372 judices
1421 2294 1613 2358 Laudunen.
1629 2297 1761 2374 justitia
1781 2297 1932 2359 exbibe-

271 2393 461 2456 anenaten.
485 2393 676 2456 mandatum
691 2396 915 2473 Apostolicum
932 2413 1070 2460 emana-
1124 2393 1219 2454 retur
1240 2390 1374 2467 oidem3
1396 2395 1471 2470 post
1499 2409 1639 2471 quorum
1663 2395 1926 2472 publicationem

272 2489 332 2563 vit,
349 2491 386 2553 ut
405 2490 470 2568 ipsi
491 2507 626 2554 causam
647 2509 747 2570 super
761 2494 914 2571 petitorio
930 2495 1071 2557 audien·
1125 2487 1255 2551 dicebat
1279 2489 1469 2553 atrebaten.
1495 2491 1671 2569 praedictos
1692 2491 1733 2554 ad
1753 2494 1928 2570 receptio-

271 2593 334 2663 tes,
364 2605 438 2651 eam
466 2589 533 2653 tine
561 2590 721 2653 canonino
751 2593 991 2669 terminarent3
1013 2593 1070 2672 qui
1125 2601 1199 2647 nem
1226 2586 1361 2650 testium
1394 2588 1598 2665 processisse
1626 2590 1713 2667 quod
1741 2605 1778 2652 se
1808 2606 1927 2653 coram

272 2688 348 2766 post
364 2687 620 2765 disceptationes
640 2689 849 2766 multiplices,
871 2691 1013 2770 receptis
1029 2693 1069 2754 de
1125 2683 1362 2747 Cathalaunen·
1393 2686 1552 2762 petivisse
1581 2687 1741 2760 asseruit,
1772 2703 1834 2750 1100
1863 2704 1928 2766 per

274 2801 439 2848 consensu
453 2785 597 2864 partium
612 2786 809 2863 quibusdam
824 2787 923 2851 etiam
939 2787 979 2851 de
991 2805 1070 2868 pro·
1124 2797 1200 2843 enm
1219 2783 1357 2846 steterat
1375 2783 1552 2862 quominus
1573 2784 1607 2846 id
1629 2783 1811 2847 obtinuerit
1833 2786 1927 2848 inira

270 2883 378 2946 lucos
397 2881 432 2943 in
456 2883 523 2945 aiio
542 2883 672 2962 judicio
691 2884 844 2958 testibus,
866 2901 977 2949 oausae
999 2903 1070 2950 me·
1124 2879 1380 2957 quadriennium
1411 2883 1482 2959 jam
1517 2881 1678 2960 elapsum,
1715 2899 1754 2946 ao
1788 2873 1927 2946 restitui

269 2981 345 3044 ritis
370 2980 549 3058 diligenter
571 2981 747 3060 inspectis,
777 2999 879 3061 super
902 2985 1069 3063 praedictis
1124 2977 1222 3040 etiam
1246 2978 1419 3056 postulans
1439 2995 1540 3057 super
1553 2996 1593 3041 eo
1608 2979 1694 3056 quod
1713 2981 1748 3042 in
1770 2981 1926 3044 ecclesiae

176 3081 177 3084 ’
269 3077 479 3140 diffinitivam
501 3078 677 3157 provehis
701 3081 900 3143 sententiam
920 3081 1069 3160 protule-
1124 3093 1192 3138 suae
1217 3076 1446 3153 praejudicium
1469 3078 1658 3139 eorumdem
1680 3077 1923 3140 Gathalannen.

270 3177 359 3239 runt.
387 3177 534 3253 Cumque
558 3175 599 3237 ab
623 3192 664 3239 eo
686 3178 874 3255 Stephanus
897 3179 1069 3258 presbyter
1122 3172 1298 3235 videbatur
1312 3173 1484 3236 sententiae
1497 3175 1664 3251 paruisse3
1670 3175 1819 3252 jactabat
1831 3177 1926 3248 se,si

269 3273 417 3349 ejusdem
440 3273 577 3351 capelle
599 3274 853 3352 interposuisset
871 3277 1069 3355 appellatin-
1122 3270 1186 3332 sibi
1201 3287 1266 3332 nou
1282 3272 1486 3350 competeret
1499 3271 1875 3346 restitutio,Atrebaten.
1888 3275 1927 3336 et

268 3371 323 3432 nis
345 3369 521 3448 objectum,
538 3371 573 3434 et
585 3369 685 3434 iidem
698 3372 829 3450 jndices
843 3373 878 3435 in
897 3389 971 3437 eum
987 3391 1065 3436 sus·
1122 3370 1258 3430 Reman.
1283 3369 1434 3446 judicum
1465 3369 1647 3432 sententias
1676 3385 1736 3448 por
1763 3387 1819 3444 ea,
1846 3387 1926 3450 (11¹ae

267 3468 440 3546 pensionis
454 3469 488 3531 et
507 3469 862 3533 excommunicationis
884 3473 1067 3535 sententias
1122 3481 1233 3527 coram
1257 3466 1307 3528 eis
1330 3468 1405 3529 acts
1420 3465 1554 3529 fuerant
1570 3467 1782 3546 impugnar03
1806 3469 1926 3546 sicque

268 3567 494 3644 protulissent,
519 3567 576 3629 ille
597 3567 855 3645 appellationem
876 3585 970 3631 suam
990 3587 1068 3648 pro-
1122 3562 1163 3625 ab
1183 3563 1537 3626 excommunicationis
1563 3566 1738 3637 sententia,
1760 3582 1858 3644 quam
1883 3566 1923 3628 in

268 3679 423 3743 sequens,
439 3665 480 3726 ad
485 3704 545 3727 .....
562 3663 724 3728 decanum
739 3667 772 3728 et
783 3683 862 3729 suos
877 3668 1066 3746 conjudices
1121 3677 1158 3723 se
1173 3661 1824 3742 credebatperGatbalaunenprolatam,
1834 3667 1926 3741 post-

266 3749 402 3828 Remen.
426 3762 555 3826 litteras
574 3779 675 3842 super
689 3763 753 3826 boc
767 3765 975 3843 apostolicas
997 3766 1065 3828 im·
1122 3775 1220 3837 quam
1240 3759 1304 3822 iter
1327 3759 1470 3838 erripuit
1490 3759 1532 3822 ad
1556 3760 1674 3824 sedem
1693 3761 1923 3838 apostolicam

265 3861 420 3938 perrevii,
434 3861 538 3940 quiin
552 3861 786 3940 appellationis
801 3879 903 3926 causa
918 3863 1066 3942 legitime
1121 3857 1288 3930 veniendi,
1306 3855 1435 3920 absolvi
1450 3857 1544 3936 petiit
1557 3856 1599 3919 ad
1613 3859 1787 3921 cautelam.
1806 3860 1925 3922 Dictus

266 3960 500 4036 procedentes,
525 3960 717 4038 praedictam
746 3959 957 4024 diffinitivam
986 3979 1066 4025 sen·
1121 3971 1201 4018 vero
1213 3956 1408 4032 procurator
1423 3972 1466 4018 ex
1479 3956 1618 4018 adverso
1633 3957 1814 4035 respondit,
1830 3959 1921 4035 quod

265 4056 404 4118 tentiam
435 4055 728 4118 oonnrmaverunt.
755 4057 805 4119 ah
837 4058 901 4120 bac
935 4077 1067 4139 quoque
1121 4053 1286 4116 restitutio
1301 4053 1469 4131 superbis
1486 4053 1679 4132 presbytero
1698 4070 1765 4117 non
1780 4070 1923 4132 compe-

268 4153 378 4216 dictus
390 4153 573 4232 presbyter,
592 4169 672 4216 voce
690 4154 732 4216 ad
754 4169 815 4216 nos
834 4157 1066 4234 appellationis
1119 4151 1211 4213 tebat
1241 4151 1365 4224 eidem,
1397 4167 1472 4213 cnm
1498 4150 1584 4212 idem
1602 4166 1714 4214 coram
1727 4151 1922 4215 atrebaten.

267 4249 709 4328 emissa,pervenerabilem
726 4251 861 4315 fratrem
878 4256 1064 4316 nostrum...
1121 4264 1204 4326 quos
1231 4248 1337 4311 voluit
1360 4249 1462 4312 testes
1490 4249 1705 4326 produxerat,
1729 4265 1850 4328 resque
1876 4251 1926 4314 sit

266 4349 488 4412 interamnem
511 4350 715 4428 episcopum,
743 4350 823 4411 tunc
853 4351 1067 4428 poenitentia·
1120 4344 1248 4407 duabus
1263 4345 1393 4408 vicibus
1411 4345 1574 4426 judicata,
1590 4347 1623 4408 et
1636 4346 1672 4408 in
1685 4347 1925 4425 appellationis

264 4447 352 4508 rium
380 4449 547 4521 nostrum,
575 4447 737 4511 beneflcio
757 4446 976 4510 absolutionis
1002 4451 1065 4512 ob·
1121 4445 1413 4506 oausacommissa
1428 4443 1555 4506 decano
1571 4447 1707 4507 liemon.
1724 4447 1926 4524 etcoujudi-

266 4546 370 4616 tento,
393 4547 533 4620 cantori,
550 4548 583 4608 et
597 4547 667 4608 suis
689 4545 920 4625 conjudicibus
939 4548 1065 4610 caina·
1120 4541 1214 4602 cibus
1234 4557 1301 4603 non
1317 4541 1452 4620 petierit
1467 4541 1533 4604 sibi
1552 4543 1774 4606 restitutionis
1792 4543 1926 4606 beneti-

267 4643 402 4704 launen.
416 4643 701 4721 superiniquitete
716 4645 890 4708 sententiae
906 4661 945 4708 ac
958 4646 1067 4707 ecole-
1120 4639 1208 4700 oium
1233 4638 1416 4717 indulgeri3
1439 4639 1602 4718 adjiciens
1622 4641 1708 4718 quod
1728 4641 1922 4704 restitutum

266 4741 326 4803 siae
351 4755 421 4802 suae
444 4741 591 4802 laesione.
616 4745 723 4815 Quum
741 4745 932 4822 eapropter
951 4742 1067 4806 defen·
1121 4739 1543 4816 noncompeteratpropter
1555 4737 1728 4799 minimum
1737 4739 1814 4816 quid
1824 4740 1925 4801 omis·

265 4840 378 4903 siones
412 4837 476 4900 sibi
513 4840 735 4916 competentes
769 4843 912 4904 omissas
941 4842 1067 4905 diceret
1120 4838 1246 4908 sum,et
1256 4836 1364 4898 (1111111
1378 4835 1553 4915 presbyter
1563 4835 1924 4914 praedictorumflatha·

264 4936 446 5002 enormiter
464 4951 539 4998 esse
557 4935 684 5010 laesam,
712 4952 847 5000 causam
862 4938 1004 5004 obtinuit
1024 4939 1065 5003 ab
1121 4931 1923 5013 111111611ιὸ91116111111111111011111110119111110311

264 5035 456 5115 apostoliea
481 5033 566 5096 Sede
590 5033 668 5094 aliis
690 5035 860 5112 judicibus
885 5039 1063 5112 committi,
1120 5032 1170 5092 eis
1190 5030 1410 5094 absolutionis
1431 5031 1577 5101 obtento,
1595 5031 1750 5095 cautione
1770 5035 1923 5110 praestita

265 5150 377 5198 coram
390 5131 520 5212 quibus,
530 5134 736 5210 proponente
748 5133 906 5211 praedicto
920 5133 1066 5214 presby·
1119 5129 1337 5192 desolvsndis
1352 5127 1464 5191 decem
1480 5128 1576 5190 libris
1590 5130 1626 5191 in
1641 5129 1762 5207 quibus
1777 5147 1837 5208 pro
1852 5149 1921 5194 ex·

263 5235 347 5306 tero,
364 5231 450 5312 quod
472 5231 592 5293 litterae
613 5229 655 5290 ad
673 5231 851 5308 praedictos
870 5233 1062 5296 atrebaten.
1119 5228 1233 5305 pensis
1253 5225 1348 5291 vobis
1368 5227 1478 5290 dierat
1499 5229 1755 5305 condemnatum
1777 5229 1834 5291 sed
1856 5245 1923 5293 nec

261 5331 392 5411 judices
424 5345 485 5408 por
513 5327 585 5392 veri
621 5327 889 5406 suppressionem
922 5329 1064 5393 ostentae
1119 5325 1206 5388 inira
1218 5325 1473 5404 quadriennium
1484 5325 1682 5389 beneficium
1693 5327 1923 5391 restitutionis

263 5423 408 5496 luerunt,
426 5441 490 5502 quo
505 5439 664 5502 expresso
684 5423 806 5486 habitae
829 5441 895 5488 non
911 5423 1062 5489 inissent,
1119 5423 1271 5494 obtinuit,
1288 5423 1389 5484 immo
1410 5439 1510 5502 super
1531 5425 1595 5485 boc
1615 5423 1819 5486 contrariam
1841 5441 1924 5486 sen-

264 5543 330 5591 non
345 5521 505 5587 iacientes
518 5522 674 5586 videlicet
687 5521 729 5584 de
744 5523 892 5598 priorum
905 5539 1064 5601 processu
1118 5521 1254 5586 tentiam
1267 5521 1460 5599 reportavit.
1477 5523 1587 5594 Quare
1600 5521 1733 5599 petebat
1745 5521 1833 5584 idem
1844 5540 1924 5600 pro·

260 5625 410 5704 judicum
425 5621 637 5694 mentionem,
654 5637 766 5683 coram
777 5619 897 5699 quibus
908 5623 978 5699 jam
991 5624 1064 5685 erat
1118 5622 1255 5682 curator
1267 5619 1461 5698 presbytero
1474 5619 1537 5698 ipsi
1553 5613 1748 5698 perpetuum
1764 5637 1922 5700 supereo
