3946 6304
262 253 320 312 575

242 415 386 477 dovere.
402 415 448 476 Ea
476 413 619 488 propter,
646 410 757 471 dilecti
777 411 812 472 in
827 413 966 474 Domino
982 411 1054 484 lilii,

260 511 384 574 vestris
393 509 495 589 justis
508 507 787 586 postulationibus
801 511 897 584 grato
912 526 1057 572 concur·

261 613 375 671 rentes
390 623 540 678 assensu,
557 621 716 682 personas
731 608 764 668 et
785 607 960 668 ecclesiam
975 623 1055 668 ves-

261 709 348 768 tram
360 722 434 766 cum
447 703 598 765 omnibus
608 703 716 776 bonis,
729 721 802 780 quae
816 705 850 766 in
865 706 1057 782 prasentia-

262 820 336 866 rum
350 801 593 865 rationabiliter
605 801 761 878 possidet,
776 803 880 864 autin
896 801 1053 873 futurum,

258 902 359 978 justis
385 899 509 971 modis,
538 900 717 976 prestante
751 901 905 971 Domino,
936 901 1057 977 poterit

262 998 413 1075 adipisci,
453 996 514 1058 sub
534 996 624 1058 beati
643 997 733 1059 Petri
745 997 778 1060 et
793 999 905 1059 nostra
921 1001 1055 1073 protec-

261 1097 352 1160 tione
375 1096 588 1172 suscipimus
612 1094 808 1171 Specialiter
831 1097 941 1156 autem
966 1095 1058 1156 deci-

262 1209 343 1265 mas,
366 1194 485 1262 terras,
510 1192 668 1266 terragia,
695 1208 812 1269 aquae,
834 1192 975 1264 vinaria,
998 1207 1058 1254 ne-

262 1306 367 1362 mora,
384 1291 490 1366 prata,
504 1289 666 1360 redditae,
682 1289 921 1367 possessiones,
936 1292 970 1353 et
990 1289 1057 1350 alia

262 1389 348 1450 bona
362 1388 483 1455 restra,
507 1386 592 1448 sicut
615 1401 654 1448 ea
670 1387 780 1448 omnia
793 1390 882 1465 juste
897 1403 936 1448 ac
961 1387 1056 1464 paci-

264 1485 325 1546 tice
341 1484 528 1562 possidetis,
550 1483 643 1545 robis
667 1484 701 1545 et
726 1499 785 1560 per
806 1501 865 1546 vos
884 1485 990 1546 eidem
1008 1500 1059 1546 ec·

264 1583 375 1644 clasiae
399 1584 518 1643 vestrae
541 1582 738 1643 auctoritate
761 1583 951 1658 Apostolica
978 1598 1059 1642 con-

265 1679 447 1750 firmamus,
476 1679 508 1738 et
534 1678 708 1753 praesentis
737 1678 852 1755 scripti
873 1679 1057 1756 patrocinio

265 1775 516 1837 communimus.
541 1775 632 1836 Nulli
651 1791 730 1850 ergo
762 1774 932 1837 hominum
960 1774 1059 1837 liceat

265 1873 352 1934 banc
367 1873 521 1950 paginam
537 1874 659 1935 nostrae
675 1873 902 1950 protectionis
926 1875 958 1935 et
978 1889 1060 1934 con-

265 1969 461 2031 firmationis
482 1968 676 2044 inlringere,
706 1970 758 2031 vel
786 1971 818 2030 ei
846 1986 931 2030 ausu
954 1970 1059 2031 teme-

265 2069 357 2130 rario
376 2069 554 2130 contraire.

306 2166 342 2227 Si
363 2166 435 2242 puls
462 2165 571 2227 autem
593 2163 656 2226 boo
678 2166 844 2227 attentare
870 2181 1058 2242 praesump-
1085 2220 1087 2222 ,

265 2263 356 2334 serit,
387 2261 650 2338 indignationem
677 2263 913 2339 omnipotentis
943 2261 1003 2322 Dei
1027 2263 1060 2323 et

266 2361 438 2421 beatorum
461 2359 549 2420 Petri
570 2362 604 2420 et
622 2358 719 2420 Pauli
741 2359 965 2435 apostolorum
986 2361 1058 2436 eJus

266 2473 302 2518 se
313 2455 678 2519 noveritincursurum.
688 2457 806 2517 Datum
815 2455 1060 2527 viterbitvka·

266 2553 382 2616 lendas
406 2553 601 2625 decembris,
623 2552 834 2630 pontificatus
853 2555 958 2614 nostri
972 2568 1059 2614 anno

266 2651 394 2727 quinto.

599 2836 725 2923 CVIII

325 2991 376 3050 Ad
395 2991 603 3061 Plrtltppmn,
627 2991 844 3048 Francorum
871 3001 999 3063 repam.

518 3127 552 3184 ti
574 3125 707 3183 novemb.
729 3127 807 3184 labo,

298 3263 436 3326 [bouquet
449 3261 508 3310 Rec.
523 3259 566 3308 des
580 3259 683 3316 Hister..
698 3264 717 3308 t.
732 3259 799 3318 XIX,
814 3274 838 3323 p.
853 3259 907 3309 lli.
921 3259 1029 3323 liegest„

540 3339 584 3390 lib.
598 3341 628 3398 V,
641 3339 715 3402 epist.
726 3339 791 3403 lla]
947 3349 951 3358 ·

268 3451 336 3508 Cum
353 3447 536 3520 magistratus
553 3453 582 3502 et
597 3446 718 3518 populus
732 3447 912 3516 Parmenses,
930 3446 957 3501 in
976 3446 1057 3504 cleri·
1079 3457 1084 3466 ·

302 3551 352 3594 cos
366 3534 563 3602 desevieules,
580 3534 715 3591 Ecclesiae
734 3532 878 3593 mandalis
892 3542 920 3591 et
933 3534 1076 3591 censuris»

303 3640 361 3683 nou
375 3624 565 3691 flecterentur,
587 3623 739 3691 Honorius,
760 3622 795 3679 ad
818 3621 1060 3695 comprimendam

302 3727 401 3772 eorum
415 3710 639 3780 contumaciam,
656 3725 755 3784 regem
770 3718 863 3783 rogat,
876 3719 906 3768 ut
918 3719 1059 3768 mercato·

302 3817 364 3861 rum
380 3810 409 3859 et
420 3802 619 3859 Parmensium
641 3801 760 3857 aliorum
775 3800 850 3858 bona
867 3802 894 3857 in
910 3815 1002 3874 regno
1016 3801 1059 3856 in·

302 3900 386 3949 venta
404 3889 488 3947 iaciat
503 3889 538 3946 ad
552 3896 666 3962 tempus
678 3887 808 3946 detineri.

307 4018 475 4079 Honorius
490 4015 676 4092 episcopus,
692 4015 865 4076 carissimo
881 4014 915 4075 in
931 4015 1061 4077 Christo

231 4098 237 4112 ’
267 4117 336 4178 filio
352 4115 517 4192 Philippo,
543 4115 745 4174 Francorum
761 4112 830 4188 regi
853 4111 987 4184 illustri,
1006 4128 1062 4174 sa-

267 4215 379 4277 lutem.

307 4312 395 4372 Dirae
419 4307 624 4370 crudelitatis
649 4307 849 4378 immanitas
874 4322 972 4385 quam
997 4305 1060 4366 viri

259 4403 372 4485 iniqui
388 4408 428 4468 N.
442 4407 598 4482 potestas,
609 4403 795 4465 consiliarii
806 4405 839 4465 et
853 4403 993 4480 populus
1009 4403 1060 4463 ci-

266 4506 380 4568 vitatis
396 4503 598 4574 Parmensis,
622 4502 658 4562 in
680 4500 904 4563 venerabilem
927 4499 1061 4561 tratrem

267 4602 416 4665 nostrum
426 4597 1059 4678 episcopumetolerumcIvitatisipsius,

160 4744 169 4768 ,
267 4696 967 4775 Delabjectareverentia,praesumpserunt
978 4710 1060 4755 ausu

264 4797 395 4861 nelarie
411 4809 580 4865 exercere,
601 4809 666 4854 non
686 4792 817 4854 videtur
837 4793 976 4854 multum
992 4792 1062 4852 dis-

268 4895 388 4957 similis
414 4907 434 4954 a
455 4891 631 4952 tormentis
658 4891 692 4951 et
712 4888 914 4951 cruciatibus
942 4887 1061 4966 quibus

267 4993 355 5052 Nero
371 4987 494 5066 aliique
515 4985 649 5062 tyranni
671 4984 825 5059 leguntur
845 4985 880 5044 in
896 4983 1060 5060 principio

266 5086 434 5150 nascentis
449 5083 607 5145 Ecclesiae
620 5081 752 5142 sanctos
766 5080 886 5142 Christi
898 5083 1060 5157 martyres

266 5184 439 5252 afflixisse,
465 5195 551 5250 cum,
576 5177 605 5237 si
631 5177 809 5253 diligenter
837 5177 920 5238 velis
946 5177 1060 5254 culpas

265 5281 436 5344 attendere
451 5279 678 5352 utrorumque,
700 5273 882 5334 deteriores
894 5273 962 5335 illis
975 5290 1060 5350 quo-

266 5379 341 5439 dam
365 5375 461 5436 modo
481 5373 649 5444 videntur,
673 5387 712 5434 eo
737 5371 894 5433 videlicet
907 5371 992 5448 quod
1007 5373 1062 5434 tu-

267 5477 333 5538 tius
350 5476 399 5534 est
414 5473 501 5532 viam
515 5469 666 5532 veritatis
679 5485 745 5530 non
756 5483 949 5542 agnoscere,
963 5485 1059 5546 quam

876 254 1052 314 HONORII
1073 254 1118 316 III
1140 252 1287 318 OPERA.

1835 261 1892 320 -576

1112 414 1187 489 post
1208 415 1355 490 agnitam
1372 416 1523 478 retroire.
1545 417 1658 493 Nuper
1679 416 1816 492 quidem,
1830 420 1891 496 ipso

1110 511 1266 589 episcopo
1288 513 1476 589 accepimus
1499 513 1684 586 intimante,
1712 515 1805 591 quod,
1828 534 1890 579 curn
1959 507 1960 526 .

1111 608 1222 670 dilecti
1236 608 1296 670 fllii
1314 608 1416 670 abbas
1431 611 1686 672 Nonantulanus
1702 615 1734 672 et
1755 615 1889 688 conjudi-
1959 629 1960 652 ³

1111 723 1166 768 ces
1181 708 1245 778 sui,
1268 707 1410 784 delegati
1435 724 1455 769 a
1480 708 1587 781 nobis,
1604 709 1639 769 in
1660 710 1844 786 potestatem
1862 717 1891 775 et

1111 805 1322 866 consiliarios
1350 806 1557 882 supradictos
1587 808 1889 870 excommunicatio-

1111 903 1163 962 nis
1179 901 1212 964 et
1226 903 1261 962 in
1277 903 1445 964 civitatem
1460 907 1567 980 ipsam
1583 904 1751 966 interdicti
1769 908 1888 966 senteu-

1112 1000 1203 1070 tiam,
1231 1000 1385 1076 exigente
1402 1002 1544 1077 Justitia,
1573 1001 1821 1078 promulgarint,
1843 1021 1890 1079 pro

1112 1112 1151 1158 eo
1166 1097 1252 1173 quod
1268 1099 1466 1160 sententiam
1489 1115 1548 1175 pro
1573 1100 1748 1160 Parmensi
1768 1101 1889 1160 ecclesia

1112 1197 1228 1255 contra
1253 1210 1310 1255 eos
1329 1196 1430 1256 latam
1452 1211 1471 1256 a
1496 1195 1591 1256 nobis
1611 1196 1790 1258 observare
1812 1198 1891 1258 nole-
1959 1209 1960 1216 ³

1112 1290 1203 1362 bant,
1222 1294 1337 1353 contra
1350 1295 1578 1369 juramentum
1591 1294 1677 1370 quod
1694 1294 1824 1355 circiter
1833 1297 1889 1356 tre·
1957 1297 1960 1388 J

1112 1389 1198 1450 uenti
1212 1389 1275 1450 viri
1291 1390 1331 1450 de
1343 1390 1547 1452 consiliariis
1574 1391 1720 1452 civitatis
1748 1392 1847 1468 ipsius
1860 1394 1891 1454 de
1959 1389 1960 1406 ²

1113 1485 1229 1546 stando
1260 1487 1424 1549 mandatis
1458 1488 1580 1550 nostris
1609 1489 1804 1565 praestitIsse
1829 1506 1892 1550 nos·
1959 1551 1960 1560 ,

1113 1585 1242 1654 cuntur,
1271 1587 1396 1646 temere
1410 1586 1592 1657 venientes,
1623 1586 1732 1648 dictus
1751 1586 1889 1662 potestas,
1959 1579 1960 1624 ἶ

1113 1679 1277 1742 diabolico
1288 1681 1566 1759 inrorarepletus,
1585 1685 1621 1746 ut
1635 1685 1746 1760 posset
1760 1685 1795 1744 in
1810 1685 1891 1744 cleri·
1959 1743 1960 1774 ,

1113 1793 1169 1838 cos
1209 1778 1346 1841 liberius
1386 1779 1558 1852 desaevire,
1600 1796 1620 1842 a
1649 1784 1839 1858 juramento
1866 1782 1891 1841 iu
1959 1775 1960 1848 I

1113 1876 1267 1948 ingressu
1287 1875 1339 1934 sui
1359 1875 1532 1950 regiminis
1554 1877 1705 1951 praestito
1727 1876 1770 1936 ab
1785 1877 1890 1946 eodem,
1959 1895 1960 1954 p

1113 1971 1891 2049 quoipsumepiscopum‚ecclesiasatqueclemm
1959 1971 1960 2048 ᾗ

1113 2067 1288 2130 tenebatur
1298 2067 1678 2145 detendereapraedictis
1694 2071 1890 2140 consiliariis,
1959 2083 1960 2156 l

1114 2167 1375 2242 presumptuose
1404 2165 1530 2228 taciens
1551 2182 1587 2228 se
1610 2167 1740 2229 absolvi
1755 2166 1796 2246 (si
1811 2168 1895 2228 abso-
1959 2165 1960 2236 i

1114 2263 1196 2324 lutio
1215 2263 1282 2323 dici
1296 2261 1435 2341 potest),
1453 2263 1513 2325 sub
1534 2265 1625 2326 certa
1646 2280 1745 2342 poena
1766 2264 1895 2326 inhibuit
1959 2255 1960 2348 I

1114 2359 1243 2421 civibus
1269 2361 1472 2433 memoratis
1498 2377 1540 2423 ne
1564 2363 1753 2425 contractus
1771 2362 1889 2432 inirent,
1959 2351 1960 2438 I

1113 2473 1188 2518 cum
1202 2457 1344 2528 clericis,
1361 2458 1413 2518 vel
1432 2459 1481 2520 eis
1497 2459 1531 2519 in
1545 2459 1656 2535 aliquo
1679 2459 1890 2528 subvenirent,

1115 2557 1149 2616 et
1163 2570 1204 2615 ne
1217 2555 1366 2631 ipsorum
1384 2555 1580 2616 clericorum
1596 2558 1820 2632 permitterent
1832 2558 1893 2616 ric·
1959 2579 1960 2642 p

1114 2652 1218 2713 tualia
1230 2652 1403 2721 macinari,
1422 2653 1454 2713 et
1468 2668 1572 2729 panes
1585 2653 1619 2713 in
1640 2653 1748 2714 furuis
1770 2654 1895 2730 decoqui
1959 2671 1960 2748 p

1115 2749 1282 2811 autetiam
1292 2748 1412 2810 barbas
1423 2751 1507 2822 radi,
1519 2752 1603 2812 etna
1616 2750 1738 2827 aliquis
1751 2751 1784 2811 in
1794 2767 1897 2811 eomm
1959 2749 1960 2806 t

1114 2846 1264 2908 domibus
1300 2845 1476 2919 babitaret,
1507 2863 1615 2924 neque
1643 2849 1684 2909 ad
1719 2848 1896 2910 molendina

1115 2945 1261 3022 ipsorum
1289 2945 1463 3022 quisquam
1488 2945 1661 3007 accederet
1687 2947 1759 3007 sive
1774 2946 1894 3014 iurnos;

1116 3043 1264 3103 statuens
1283 3041 1421 3118 insuper
1435 3042 1482 3115 ut,
1503 3043 1532 3102 si
1553 3044 1698 3117 aegrotus
1720 3043 1838 3120 aliquis
1848 3047 1896 3118 ju-

1115 3153 1191 3199 rare
1207 3139 1433 3215 praesumeret,
1451 3141 1536 3216 quod
1558 3139 1723 3201 mandatis
1739 3141 1838 3202 staret
1856 3155 1897 3198 er·

1116 3236 1238 3306 clasiae,
1256 3251 1294 3296 ac
1315 3235 1499 3308 decederet,
1528 3237 1562 3296 in
1583 3237 1792 3314 sterquilinio
1814 3239 1896 3296 entra

1116 3333 1319 3408 sepulturam
1360 3332 1507 3394 tidelium
1542 3336 1740 3410 poneretur;
1771 3334 1799 3394 si
1830 3349 1896 3393 sero

1116 3429 1282 3500 evaderet,
1301 3428 1551 3505 publicarentur
1573 3430 1684 3491 omnia
1702 3429 1787 3491 bona
1814 3432 1896 3506 ajam

1116 3527 1297 3604 positisque
1321 3526 1512 3589 custodibus
1536 3527 1571 3587 iu
1591 3528 1754 3600 ecclesiis
1785 3526 1898 3604 prelati

1116 3625 1216 3696 cives,
1234 3625 1268 3685 in
1284 3625 1473 3712 episcopale
1485 3625 1644 3701 palatium
1658 3626 1833 3695 irruenter,
1844 3626 1898 3684 ric-

1116 3722 1230 3793 tualia,
1245 3720 1359 3794 libroS,
1377 3737 1504 3799 pannos
1522 3739 1625 3799 usquo
1637 3722 1677 3782 ad
1689 3723 1807 3784 altaris
1821 3723 1898 3783 rela-

1116 3821 1205 3881 mina
1226 3819 1476 3896 asportarunt...
1495 3817 1542 3898 (ct
1563 3823 1697 3894 reliquo
1717 3821 1897 3893 eiuscemodi

1094 3905 1096 3912 ’
1117 3915 1303 3994 spartaco.)

1959 2865 1960 2904 l

1959 2905 1960 2946 l

1959 2993 1960 3026 l

1959 3103 1960 3136 l

1158 4013 1240 4084 Quia
1266 4013 1368 4088 igitur
1386 4014 1488 4074 tantae
1513 4013 1781 4092 praesumptionis
1803 4013 1896 4074 auda·

1116 4111 1201 4171 ciam
1229 4109 1461 4186 equanimiter
1480 4112 1548 4187 pati
1569 4127 1634 4172 non
1658 4127 1830 4188 possumus
1847 4123 1896 4170 nec
1959 4075 1960 4150 I

1116 4206 1288 4280 debemus,
1314 4223 1356 4268 ne
1386 4205 1491 4286 (quod
1522 4207 1643 4287 absitl)
1674 4209 1895 4284 sacrilegorum

1116 4303 1285 4365 temeritas
1313 4305 1465 4366 trauseat
1490 4305 1568 4366 aliis
1597 4306 1633 4365 in
1662 4305 1855 4382 exemplum,
1873 4301 1896 4361 si

1117 4401 1315 4462 remanserit
1340 4400 1518 4476 impunita,
1549 4403 1764 4464 serenitatem
1786 4401 1893 4476 regiam

1116 4496 1297 4574 rogandam
1315 4497 1469 4558 duximus
1480 4503 1514 4559 et
1524 4499 1723 4560 hortandam
1738 4501 1892 4576 quatenus,

1116 4611 1190 4656 cum
1204 4594 1342 4669 dignum
1370 4597 1413 4656 sit
1436 4597 1472 4657 ut
1491 4611 1574 4672 quos
1598 4595 1657 4657 Dei
1679 4597 1810 4659 timora
1824 4593 1894 4656 malo
1959 4675 1960 4680 ἵ

1116 4707 1181 4752 non
1202 4693 1347 4765 revocat,
1367 4695 1473 4756 metus
1497 4693 1615 4755 saltem
1632 4711 1740 4770 puenae
1762 4691 1893 4756 coerceat

1116 4789 1322 4865 temporalis,
1347 4787 1434 4852 bona
1459 4793 1680 4853 mercatorum
1716 4794 1750 4854 et
1770 4791 1892 4852 aliorum
1959 4785 1960 4858 l

1116 4887 1345 4947 Parmensium
1361 4901 1434 4962 quae
1457 4887 1491 4948 in
1504 4889 1594 4950 terra
1606 4889 1663 4949 tua
1679 4889 1821 4950 inveniri
1834 4900 1893 4948 con·

1114 4983 1236 5059 tigerit,
1253 4986 1321 5045 tam
1336 4984 1393 5043 diu
1407 4983 1510 5046 iacias
1532 4985 1687 5057 detineri,
1712 4987 1813 5048 donec
1830 4980 1890 5059 ipsi,
1959 4993 1960 5072 l

1115 5082 1142 5141 si
1154 5080 1238 5143 torte
1251 5080 1313 5142 sibi
1323 5079 1477 5144 tribuerIt
1488 5084 1623 5144 vexatio
1634 5084 1844 5153 intellectum,
1859 5077 1890 5139 ad
1959 5095 1960 5168 i

1114 5178 1265 5240 ecclesiae
1273 5179 1639 5252 mandatumredierint‚
1647 5182 1682 5243 et
1692 5175 1891 5243 satisfecerint

1114 5276 1261 5352 plenede
1275 5275 1428 5337 omnibus
1442 5278 1652 5354 supradictis.
1673 5280 1791 5340 Datum
1813 5277 1891 5336 Lale-

1115 5374 1200 5445 rani,
1218 5375 1275 5434 XV
1299 5373 1460 5434 kalendas
1483 5375 1678 5449 decembris,
1704 5374 1889 5454 pontificatus
1959 5385 1960 5446 p

1118 5471 1223 5531 nostri
1239 5485 1327 5530 auno
1339 5471 1464 5546 quinto.

1959 5735 1960 5786 l
